2978 4933
783 379 1042 429 surm..
1091 378 1171 427 IN
1223 380 1293 439 Q.
1341 378 1690 430 cunnum
1741 380 1887 430 me.
1936 382 2016 430 11.
2355 369 2485 434 129

278 534 453 597 natu,
482 521 825 604 popularem
853 524 1068 603 ubique
1098 534 1316 585 statum
1344 522 1851 586 introducerent.''¹
1894 518 2115 607 quippe
2158 526 2485 588 multitudi-

273 642 416 682 nem
448 622 570 681 suis
603 622 775 682 rebus
821 620 1058 682 studere
1097 633 1499 703 compererat:
1540 624 1735 702 obque
1771 641 1902 682 eam
1926 628 2067 683 ‘rem
2118 634 2401 705 tyrannos
2450 647 2488 687 a

272 719 544 779 barbaris
574 719 902 798 impositoS,
930 738 1033 798 per
1060 740 1208 799 quos
1256 723 1644 780 coemeretur.
1728 723 1829 781 27.
1873 720 1988 780 Per
2029 740 2131 781 eos
2163 722 2312 795 dies,
2342 722 2485 782 dum

277 816 508 895 Ephesi
536 827 930 876 commoratur
958 816 1318 891 Alexander,
1363 829 1429 876 ut
1465 837 1539 877 ex
1587 818 1943 877 instantibus
1991 819 2143 878 curis
2193 833 2486 881 recrearet

273 913 564 985 animum,
614 914 950 994 frequenter
991 915 1055 973 in
1113 916 1408 976 officinam
1457 915 1682 995 Apellis
1729 915 2086 990 ventitavit,v
2128 935 2163 976 a
2209 936 2326 996 quo
2366 938 2486 978 uno

274 1010 538 1089 effigiem
585 1031 755 1071 suam
795 1011 1070 1092 penicillo
1098 1012 1340 1092 exprimi
1368 1014 1644 1074 volebat:
1686 1024 1853 1075 tanto
1881 1014 2081 1076 favore
2118 1014 2484 1095 complexae,

272 1117 344 1171 ut
371 1106 819 1194 dilectissimam
856 1107 1150 1189 pellicum,
1180 1129 1375 1170 amore
1404 1109 1531 1189 ejus
1573 1109 1841 1190 deperire
1882 1113 2144 1172 sentiens
2182 1113 2485 1186 artificem,

279 1202 448 1289 dono
478 1202 727 1265 dederit.
812 1209 910 1266 28.
957 1206 1256 1267 Pancasta
1284 1209 1625 1280 vocabatur,
1680 1227 1754 1268 ex
1798 1208 2032 1268 Larissa
2074 1208 2270 1270 nobili.
2297 1210 2484 1269 Thes-

279 1301 452 1362 saliae
482 1303 623 1365 urbe
651 1322 837 1381 genus
870 1302 1097 1364 ducens
1123 1323 1141 1365 ι
1183 1289 1534 1386 ειηίεὼαιᾳιιε
1562 1325 1693 1366 eam
1721 1326 1825 1365 rex
1854 1306 2083 1366 ardenti
2120 1305 2359 1378 affectu,
2408 1308 2484 1366 ob

275 1398 489 1459 formae
516 1399 1045 1479 pulchritudinem;
1100 1413 1162 1462 et
1193 1400 1485 1482 ‘quoniam
1537 1401 1900 1465 adolescenti
1946 1406 2133 1483 prima
2178 1404 2486 1463 mulierum

278 1496 360 1556 ad
391 1496 694 1556 libidinem
723 1497 1052 1577 placuerat.
1133 1499 1235 1558 29.
1277 1499 1411 1560 Hoc
1460 1511 1530 1559 ut
1570 1499 2113 1579 magnanimitatem
2165 1498 2489 1559 Alexandri

277 1611 403 1655 non
438 1592 711 1667 dedecet,
751 1595 836 1655 ita
877 1613 999 1655 non
1041 1595 1410 1668 crediderim,
1441 1603 1472 1655 ,‘
1495 1596 1555 1655 in
1585 1597 1824 1657 officina
1856 1596 2118 1676 imperite
2149 1596 2337 1656 multa
2364 1595 2486 1654 dis-

278 1701 578 1759 serentem
616 1692 692 1750 ab
718 1692 927 1771 Apelle
956 1693 1218 1753 mordaci
1262 1693 1508 1755 dicterio
1551 1713 1884 1774 repressum
1914 1693 2149 1754 fuisse:’
2178 1699 2204 1724 ¹
2245 1712 2383 1751 nam
2424 1690 2485 1751 id

280 1807 484 1865 neque
512 1787 809 1867 majestati
836 1790 986 1850 tanti
1016 1790 1198 1869 regis,
1237 1811 1428 1871 neque
1455 1791 1766 1852 modestiae
1793 1790 2057 1870 pictoris»,
2082 1790 2338 1852 hominis
2365 1809 2486 1849 non

282 1883 515 1962 stupidi
558 1904 667 1945 nec
714 1885 960 1959 indocti,
1003 1888 1415 1949 convenisset:
1459 1898 1521 1949 et
1549 1888 1883 1950 Alexander
1910 1888 2249 1949 liberalibus
2279 1886 2487 1948 studiis

282 1983 361 2042 ab
392 1992 659 2043 extrema
679 1994 857 2043 oetate
879 1984 1157 2057 imbutuS,
1180 1985 1358 2045 etiam
1382 1983 1457 2045 de
1476 1986 1700 2045 artibus
1723 2005 1871 2065 quas
1894 2004 2014 2045 non
2040 1984 2304 2054 calleret,
2325 1982 2488 2043 haud

280 2080 485 2158 inepte
504 2077 774 2158 judicare
804 2080 1113 2142 didicerat.
1199 2084 1300 2142 30.
1343 2081 1498 2141 Illud
1543 2081 1785 2162 propius
1843 2101 1980 2142 vero
2024 2092 2137 2154 est,
2184 2080 2346 2160 quod
2388 2079 2489 2140 alii

279 2174 679 2249 tradiderunt,
734 2182 750 2210 ‘
780 2178 1073 2257 quendam
1137 2198 1211 2240 ex
1272 2177 1549 2257 Ephesiae
1597 2177 1811 2238 Dianae
1844 2174 2286 2246 cacerdotibus,
2336 2196 2486 2255 quos

285 2272 656 2352 Megabyzos
712 2273 999 2354 appellari
1044 2293 1173 2335 mos
1235 2284 1382 2347 erat,
1431 2275 1849 2354 reprehensum
1870 2276 1907 2335 τ’
1972 2295 2106 2336 cum
2151 2273 2391 2355 quidem
2433 2275 2488 2334 ei

286 2367 518 2431 diceret
546 2370 831 2450 Apelles)y
872 2372 1106 2450 ‘quoad
1135 2370 1396 2443 tacuisti,
1425 2390 1633 2457 aurum
1658 2370 1774 2431 boc
1803 2381 1982 2450 atque
2011 2389 2270 2451 purpura
2315 2390 2492 2430 vene-

283 2465 535 2527 rabilem
579 2478 640 2529 te
671 2469 969 2554 faciebant
1002 2470 1324 2549 imperitis;
1370 2479 1433 2530 at
1460 2489 1621 2530 nunc
1644 2468 1718 2529 de
1747 2470 1922 2530 rebus
1944 2488 2095 2548 quas
2125 2488 2243 2528 non
2274 2468 2491 2528 intelli-

287 2565 382 2644 gis
424 2564 801 2647 incipientem
841 2566 1003 2647 loqui
1033 2568 1209 2629 etiam
1238 2569 1405 2648 pueri
1447 2568 1641 2627 rident
1667 2568 1769 2647 qui
1801 2567 2032 2628 colores
2063 2565 2301 2628 terunt!
2387 2569 2487 2627 31.

289 2660 362 2720 In
408 2682 486 2730 ea⁴
525 2665 682 2724 ¹urbe
728 2664 908 2744 longe
954 2665 1394 2726 celeberrimam
1434 2664 1649 2737 oe'dem,
1696 2673 1765 2724 ut
1806 2682 1986 2743 supra
2034 2663 2283 2721 relatum
2335 2662 2488 2733 est,*

290 2759 677 2822 Herostratus
722 2761 1087 2824 incenderat.
1174 2762 1263 2822 Ea
1306 2772 1431 2821 tum
1460 2780 1694 2820 summa
1722 2759 2106 2840 Ephesiorum
2135 2779 2280 2820 cura
2307 2759 2489 2818 maxi-

291 2859 526 2935 misque
580 2857 857 2938 impensis
913 2860 1395 2919 instaurabatur.²
1475 2860 1576 2919 32.
1641 2856 1906 2925 Quorum
1956 2855 2168 2916 studiis
2207 2856 2489 2936 juvandis

292 2954 633 3016 Alexander
660 2964 677 2990 ‘
698 2955 933 3028 tributa,
962 2977 1096 3037 quae
1127 2955 1326 3016 Persis
1351 2954 1492 3016 dare
1522 2957 2003 3027 consueverant?
2031 2954 2244 3013 Dianae
2272 2954 2455 3033 pendi
2476 2955 2492 2980 '

284 3052 467 3131 jussit
490 3071 518 3134 ³.
550 3051 1029 3132 confirmavitque
1062 3052 1163 3132 jus
1193 3052 1364 3133 asyli,
1406 3049 1569 3132 quod
1615 3053 1940 3131 antiquitus
1988 3052 2166 3130 etiam
2219 3051 2493 3113 Liberum

291 3162 522 3230 patrem
553 3149 986 3229 Herculemque
1009 3150 1335 3210 servavisse
1357 3158 1716 3230 cognoverat
1737 3168 1754 3217 3
1776 3149 1800 3184 δ
1839 3148 2041 3209 addito
2068 3148 2246 3209 etiam
2276 3149 2494 3228 spatio,

296 3257 364 3306 ut
388 3266 857 3326 quaquaversum
888 3249 949 3307 in
980 3249 1154 3308 unius
1183 3249 1360 3309 stadii
1389 3246 1835 3328 amplitudinem
1872 3243 2305 3308 extenderetur.
2390 3247 2492 3307 33.

298 3344 521 3405 Postea
564 3364 821 3425 quoque,
867 3365 1001 3405 cum
1051 3346 1254 3406 Asiam
1306 3356 1711 3426 perpacasset,
1760 3344 1999 3423 scripsit
2045 3343 2341 3423 Ephesiis,
2382 3349 2399 3375 ‘
2425 3362 2490 3402 se

299 3461 502 3502 omnes
529 3453 785 3515 sumtus»,
811 3442 912 3521 qui
939 3443 1001 3502 in
1028 3443 1092 3503 id
1115 3444 1432 3505 aedificium
1457 3443 1598 3503 facti
1628 3453 1854 3515 essent,
1882 3442 2280 3503 restituturum
2313 3459 2330 3507 3
2361 3439 2493 3519 qui-

301 3558 414 3618 que
436 3558 610 3620 porro
637 3538 1088 3618 requirerentur,
1117 3541 1495 3620 praebiturum
1526 3539 1604 3601 de
1633 3559 1782 3600 suo:
1825 3540 1910 3599 ita
1951 3549 2150 3599 tamen
2192 3547 2258 3598 ut
2302 3537 2489 3616 ipsius

241 3712 245 3716 .
301 3655 512 3696 nomen
540 3637 870 3700 instaurato
898 3639 1059 3718 operi
1085 3639 1498 3700 inscriberetur
1515 3637 1589 3699 :⁹⁰
1673 3642 1773 3699 34.
1815 3637 1999 3716 idque
2026 3635 2325 3715 deprecati
2352 3642 2492 3692 sunt

307 3732 572 3814 Ephesii:
604 3754 726 3814 quo
753 3745 1036 3816 tempore,
1061 3738 1201 3818 quia
1215 3736 1556 3799 Alexandro
1581 3735 1803 3816 petenti
1824 3732 2048 3813 aliquid
2077 3733 2370 3810 denegare
2398 3748 2495 3798 arf

368 3973 388 3998 ι·
421 3964 564 4018 Id.1.
590 3967 626 4017 1.
730 3950 740 3959 ’
1497 3929 1722 4015 {stram
1749 3976 1869 4013 nv.
1893 3977 1946 4027 p.
1969 3966 2083 4013 640.
2134 3946 2169 3949 ’”

369 4050 391 4074 v
421 4042 560 4091 Plin.
588 4043 722 4092 Hist.
747 4043 872 4098 Nat.
898 4057 1072 4097 xxxx&
1096 4047 1175 4097 10.
1196 4050 1278 4096 25.
1499 4051 1523 4077 ⁸
1555 4044 1760 4093 Arrian.
1786 4055 1822 4092 1.
1843 4046 1920 4093 18.

370 4126 394 4151 Χ
427 4120 609 4169 AElian.
635 4122 667 4169 l.
691 4121 726 4169 1.
748 4134 809 4171 11.
829 4124 875 4171 3.
1021 4175 1024 4176 ⁷
1498 4119 1521 4153 b
1556 4118 1730 4169 Tacit.
1751 4119 1940 4169 Annal.
1959 4131 2045 4168 ιιι.
2069 4122 2148 4168 61.
2174 4114 2262 4166 fin.

370 4203 393 4236 v
428 4195 504 4244 Id.
529 4210 592 4246 ιι.
613 4200 662 4245 2.
1499 4202 1520 4228 ⁶
1542 4195 1722 4247 Strab-
1746 4197 1782 4247 l.
1805 4197 1835 4247 l.
1894 4197 2120 4247 Pausan.
2143 4207 2247 4246 vn.

373 4272 400 4298 ³*
431 4272 550 4321 Vid.
572 4287 713 4336 supr.
738 4287 774 4324 1.
799 4247 846 4323 1.
868 4278 948 4323 24.

437 4354 672 4417 De!ph.et
706 4353 968 4429 Vargclas.
1280 4355 1342 4410 Q.
1368 4355 1507 4404 Cart.
2334 4352 2362 4400 1
