2978 4933
523 402 658 468 452
1007 417 1075 474 Q.
1123 412 1388 469 ouss‘ru
1436 411 1622 463 Ruri
1676 412 1820 461 ma.
1868 412 1970 461 vl.
2018 412 2186 462 car.
2216 397 2285 461 5.

527 564 982 648 Themiscyrae
1003 563 1442 629 incolentium
1472 580 1785 647 campos,
1871 560 1982 628 25.
2015 561 2351 646 Reginam
2368 555 2739 627 habebant*

1449 742 1510 763 0⁴·

1788 744 1818 764 0

533 867 647 916 Col.
673 865 748 919 Im
790 862 841 913 d.
864 866 1010 913 1584.
1036 866 1182 912 1588.
1206 860 1355 912 1591.
1419 858 1594 915 Amet·
1620 863 1768 913 1621.
1789 865 1936 912 1628.
1960 865 2106 912 1629.
2131 864 2277 915 1686.
2298 859 2538 914 Freiasb.
2557 858 2747 911 cellar.

528 930 715 980 Pitisc.
784 929 868 979 eil.
890 926 1084 990 (Paris.
1111 930 1255 977 1678.
1276 929 1334 976 40
1335 925 1561 989 ..)Suak
1583 925 1746 976 Barb.
1766 926 1888 992 Bip.
1911 935 1968 977 et
1987 926 2306 978 Schmieder.
2341 925 2747 983 Πεηιιαίοοιιως

527 997 704 1056 Bona.
727 999 775 1043 1.
797 997 848 1045 2.
882 993 996 1044 Pal.
1021 997 1068 1043 1.
1091 992 1285 1045 Venet.
1309 991 1509 1043 Veron.
1535 990 1661 1044 Ald.
1683 991 1856 1043 Colin.
1883 991 2631 1055 ΟηρΙι.Τε11.(ῑ.ιιιιά.17·05.
2655 991 2752 1051 8⁶.)

528 1061 708 1113 Maitt.
729 1069 785 1110 et
812 1059 960 1110 Both.
988 1057 1349 1109 Thermodonta.
1418 1055 1665 1107 Graecum
1711 1064 1793 1113 est
1823 1056 2099 1122 Θερμώδων,
2137 1056 2459 1122 Θερμόδοποε
2516 1055 2750 1107 secunda

530 1127 706 1189 longa.
763 1124 945 1176 Quint.
968 1123 1209 1173 Calaber.
1228 1121 1321 1173 lib.
1339 1136 1380 1172 ι.
1415 1120 1510 1171 Καὶ
1529 1139 1646 1172 τοτε
1664 1121 1994 1186 Θερμώδοντος
2011 1123 2094 1172 ἀπ’
2083 1091 2564 1186 εὐρυπόροιοροιὶων.
2622 1121 2749 1169 Pro·

532 1200 670 1255 pert.
692 1202 781 1240 ιιι.
806 1195 885 1240 14.
909 1193 989 1240 14.
1025 1188 1503 1239 ‘Thermodonteis
1544 1194 1716 1239 turma
1754 1196 1977 1252 vagatur
2007 1188 2182 1253 agris)
2248 1187 2418 1241 Cf.A

531 1261 647 1307 370.
688 1260 801 1305 807.
837 1258 954 1305 973.
989 1254 1156 1318 Orph.
1181 1253 1309 1319 Arg.
1334 1257 1451 1305 ⁷34.
1520 1254 1698 1303 Noun.
1726 1254 1793 1303 D.
1819 1268 1920 1305 xx.
1957 1258 2072 1305 198.
2121 1253 2342 1319 Dionys.
2378 1253 2596 1317 Perieg.
2636 1255 2751 1302 657.

531 1326 647 1372 774.
712 1322 849 1370 Stat.
873 1319 1015 1383 Sylv.
1034 1333 1076 1370 ι.
1101 1323 1252 1370 656.
1302 1318 1464 1369 Ovid.
1500 1318 1771 1369 Pont.1v.
1809 1323 1893 1369 10.
1932 1323 2013 1370 51.
2054 1318 2241 1370 Claud.
2280 1320 2438 1383 Rapt.
2473 1318 2546 1367 P.
2580 1329 2649 1366 ιι.
2671 1319 2751 1366 66.

532 1387 629 1438 Sil.
655 1386 774 1436 Ital.
794 1398 917 1436 vm.
941 1389 1057 1436 431.
1081 1385 1294 1449 etVirg.
1312 1386 1427 1439 AEu·
1446 1397 1530 1436 xr-
1546 1388 1664 1435 659.
1681 1384 2028 1435 ubisimiliter
2050 1392 2345 1461 peccatum.
2409 1381 2551 1435 Vide
2576 1381 2750 1446 Heyn.

532 1451 661 1501 ibid.
683 1461 738 1500 et
764 1449 969 1499 Wakef.
987 1451 1055 1514 Sy
1060 1450 1128 1498 lv.
1150 1448 1282 1499 Crit.
1308 1456 1431 1498 tom.
1456 1462 1544 1498 ιιι.
1566 1453 1727 1513 ρ..94
1768 1450 1923 1501 Voss.
1949 1455 1997 1499 1.
2013 1454 2062 1501 2.
2101 1449 2434 1507 Themin-irem
2464 1447 2584 1499 Pal.
2608 1451 2656 1496 1.
2679 1461 2752 1497 re·

531 1517 755 1576 vri-scir&
770 1517 907 1566 Mer.
930 1515 1250 1579 Themt’ryrae3
1273 1512 1397 1565 Aid.
1419 1464 1737 1580 manaem.
1739 1514 2316 1567 -Ξδῖὴῑοᾱήπθάὼ
2328 1520 2456 1565 vett·
2474 1510 2750 1562 Thalam

1544 1647 1760 1700 NOTAE

534 1779 712 1815 omnes
749 1763 988 1813 fabulosa
1020 1763 1365 1826 tradiderint;
1400 1762 1486 1813 vix
1523 1769 1600 1813 ta·
1680 1764 1766 1819 cul
1806 1761 1937 1813 urbe
1971 1762 2309 1827 Themiscyra
2345 1775 2460 1828 quae
2487 1759 2542 1811 in
2567 1757 2750 1808 eodem

533 1848 653 1892 men
693 1840 901 1891 credam
933 1841 1060 1891 nihil
1096 1855 1304 1906 prorsus
1340 1842 1451 1890 veri
1481 1840 1601 1891 sub·
1678 1839 1861 1890 littore
1883 1841 1985 1890 sita
2005 1847 2137 1890 erat.
2182 1839 2290 1890 Sed
2313 1837 2523 1888 Curtius
2549 1835 2748 1886 solenni

534 1934 670 1981 esse,
708 1918 794 1969 cui
839 1926 1039 1969 tantum
1078 1917 1371 1973 fabularum
1420 1931 1604 1981 super-

533 2004 788 2047 structum
825 1995 910 2047 sit.
997 1995 1180 2046 Fuerit
1213 1995 1377 2059 igitur
1411 1993 1603 2047 alicubi

534 2073 870 2123 bellatricum-
899 2073 1174 2123 mulierum
1214 2086 1419 2137 agmen,
1450 2072 1603 2139 quale

536 2164 569 2199 a
601 2149 810 2198 Baccho
848 2148 1083 2211 ductum,
1121 2162 1224 2197 uon
1261 2147 1425 2196 miuus
1448 2162 1603 2212 quam

537 2227 786 2287 virorum,
809 2225 954 2274 testis
983 2231 1063 2275 est
1099 2224 1355 2274 Eusebius
1381 2238 1446 2273 ex
1473 2216 1602 2274 Pro·

536 2305 709 2354 choro.
776 2303 890 2352 Nec
915 2316 1040 2352 vero
1076 2302 1128 2352 id
1159 2308 1218 2352 ut
1249 2301 1498 2353 credatur
1514 2301 1604 2351 ali-

538 2379 746 2443 quando
768 2379 932 2428 visum
950 2393 1079 2441 erse,
1109 2380 1327 2429 multum
1351 2378 1504 2428 uobis
1535 2379 1604 2428 la·

537 2455 825 2506 horandum
846 2462 944 2513 est,
967 2455 1055 2521 qui
1073 2455 1291 2505 sciamus
1306 2456 1428 2521 qnid
1448 2470 1602 2519 supe·

537 2535 675 2585 riore
698 2535 887 2584 saeculo
921 2533 974 2581 iu
1008 2531 1278 2583 obsidione
1305 2532 1606 2582 Harlemica

540 2617 597 2668 et
625 2611 949 2662 Saneerrana
971 2621 1177 2674 gestum
1200 2610 1272 2660 sit
1296 2609 1364 2664 ab
1387 2608 1605 2675 integris

539 2689 825 2752 viraginum
849 2687 1163 2739 cohortibus.
1219 2686 1462 2748 stradam
1482 2702 1606 2740 con·

453 2803 460 2810 ‚
539 2765 651 2815 sule
685 2765 749 2814 de
785 2766 942 2815 Bello
969 2766 1122 2830 Belg.
1155 2765 1286 2815 Dec.
1307 2777 1349 2814 1.
1382 2764 1475 2814 lib.
1499 2778 1604 2815 vu.

539 2842 624 2892 Ne
648 2842 772 2907 quid
796 2840 863 2892 de
886 2842 948 2891 iis
973 2842 1269 2893 mulieribus
1291 2841 1464 2892 dicam
1486 2856 1606 2910 quae

540 2918 741 2967 virilem
769 2919 822 2968 in
856 2919 1066 2969 modum
1100 2920 1206 2969 suis
1242 2919 1432 2983 regnis,
1463 2934 1607 2982 saepe

543 2994 702 3042 etiam
727 2994 1044 3044 exercitibus
1077 2994 1426 3060 praefuerunt.
1479 2995 1610 3045 Tale

541 3070 809 3136 quidpiam
832 3072 1018 3136 priscis
1036 3068 1356 3138 temporibus
1374 3073 1610 3137 eontige-

544 3154 656 3208 rat3
691 3147 832 3212 quod
862 3148 1039 3199 Graeci
1060 3147 1349 3200 fabularum
1376 3158 1613 3201 amantes

541 3224 699 3276 solita
730 3224 964 3276 vanitate
1004 3226 1069 3274 ad
1112 3226 1418 3278 miraculum
1452 3242 1608 3277 auxe-

543 3308 683 3365 runt,
704 3308 764 3352 ut
800 3302 989 3368 cuique
1023 3302 1243 3354 lubitum
1279 3302 1399 3356 fuit.
1466 3305 1610 3370 Lege

543 3380 587 3429 si
614 3386 767 3431 vacat
795 3380 1124 3431 Herodotum
1157 3380 1245 3432 lib.
1268 3395 1347 3432 xx.
1395 3382 1610 3432 Strabo-

540 3470 659 3507 nem
677 3457 765 3507 lib.
790 3471 869 3508 xr.
904 3458 1195 3508 Diodorum
1219 3458 1311 3509 lib.
1335 3471 1399 3509 ιι.
1444 3456 1609 3523 Apol-

486 3562 496 3567 —
541 3534 898 3586 lodor.lib.11.
928 3534 1303 3585 Philostratum
1320 3536 1373 3585 in
1390 3535 1606 3587 Heroic.

540 3610 881 3668 Plutarchum
907 3611 957 3660 in
976 3613 1192 3675 Theseo,
1222 3613 1489 3664 Justinum
1519 3612 1609 3663 lib.

479 3691 484 3695 ’
541 3701 607 3739 ιι.
643 3703 710 3738 ex
751 3689 935 3753 quibus
973 3688 1138 3739 ferme
1181 3689 1448 3755 descripta
1491 3704 1608 3754 quae

441 3797 445 3802 ,
541 3765 708 3815 ceteri
734 3766 1079 3817 tradiderunt.
1138 3766 1287 3815 Adiri
1309 3767 1467 3817 etiam
1492 3781 1608 3831 pos·

544 3850 668 3893 sunt
702 3857 768 3892 ex
801 3844 1199 3895 Recentioribus
1223 3844 1487 3910 Goropius
1510 3845 1611 3895 Be·

544 3931 705 3968 canus
726 3920 815 3972 lib.
840 3934 966 3972 vm.
988 3928 1045 3973 et
1067 3922 1377 3973 Reineccius
1393 3922 1447 3972 in
1473 3923 1610 3987 Reg-

544 4007 613 4042 no
654 3994 901 4050 Amazon.
933 4013 964 4047 a
993 3998 1178 4064 quibus
1212 4013 1276 4049 ea
1306 3998 1377 4049 de
1405 4012 1462 4049 re
1495 4005 1612 4049 tota

543 4070 658 4119 fuse
682 4070 1022 4135 disputatum.

611 4145 636 4179 ¹¹
673 4147 816 4197 circa
862 4149 1227 4215 Thermodonta]
1279 4153 1608 4203 Thermodon

546 4221 893 4288 Cappadociae
932 4227 984 4275 in
1028 4228 1201 4278 Ponto
1240 4230 1610 4283 Polemoniaco

548 4298 733 4351 fluvius
757 4301 1014 4355 Euxinum
1035 4304 1343 4373 ingreditur,
1365 4322 1465 4359 non
1487 4321 1609 4374 pro·

1683 1932 1866 1969 errore
1905 1918 2169 1969 Euxinum
2202 1931 2298 1980 pro
2322 1914 2510 1978 Caspio
2546 1912 2750 1974 sumsit,

1683 1995 1823 2049 inter
1863 2010 1981 2062 quae
2021 1995 2355 2046 intervallum
2397 2000 2478 2043 est
2524 1995 2646 2041 375.
2686 2005 2751 2041 ιιι.

1684 2088 1948 2138 passuum,
1970 2073 2053 2123 vel
2078 2078 2134 2122 ut
2157 2073 2246 2123 alii
2268 2075 2385 2122 250.
2432 2069 2644 2129 Plinius
2665 2067 2751 2117 lib.

1685 2164 1761 2203 vr.
1782 2166 1899 2215 cap.
1922 2155 2002 2201 11.

1744 2227 1758 2261 ¹
1799 2228 1921 2290 Reg.
1943 2226 2209 2291 habebant]
2242 2226 2417 2276 Multo
2438 2221 2567 2273 illud
2593 2220 2752 2286 magis

1684 2303 1919 2367 dubium,
1933 2306 2015 2355 vel
2038 2305 2212 2375 potius
2230 2302 2536 2365 fabulosum,
2561 2299 2754 2364 gravis·

1685 2383 1802 2432 simi
1825 2391 2061 2433 auctores
2094 2389 2303 2447 putant,
2330 2381 2492 2431 ulium
2521 2377 2753 2429 Alexan·

1685 2459 1766 2510 dri
1806 2461 2123 2526 temporibus
2162 2459 2478 2516 Amazonam
2518 2470 2753 2520 reguum»

1686 2536 1908 2592 ullamve
1933 2537 2166 2606 reginam
2190 2537 2373 2599 fuisse,
2393 2549 2509 2600 quae
2531 2533 2604 2588 ad
2637 2546 2752 2584 eum

1685 2614 1861 2665 venire
1883 2614 2133 2679 potuerit.
2162 2615 2231 2672 Et
2251 2627 2376 2663 vero
2397 2613 2439 2666 si
2464 2611 2753 2673 regnabant

1687 2695 1796 2742 tum
1832 2690 2081 2755 temporis
2116 2691 2169 2740 in
2204 2688 2562 2754 Cappadocia,
2592 2694 2652 2738 et
2689 2684 2754 2736 ad

1687 2781 1802 2816 eam
1827 2767 1964 2818 diem
2001 2774 2368 2831 regnaverant,
2392 2763 2653 2831 quomedo
2677 2769 2754 2813 tot

1687 2843 1965 2894 Medorum
1995 2852 2151 2894 antea
2176 2843 2560 2906 Persarumque
2585 2840 2755 2900 bellis,

1690 2930 1746 2980 et
1767 2938 1885 2989 quae
1904 2922 2079 2973 statim
2099 2923 2238 2978 inter
2262 2920 2547 2977 Alexandri
2562 2919 2753 2974 circum

1691 3015 1759 3054 ea
1796 3001 1913 3057 loca
1944 3013 2277 3068 ¹successores
2319 2999 2391 3054 ibi
2430 3004 2580 3062 gesta
2619 3002 2753 3050 suut,

1691 3077 1834 3130 nulla
1880 3091 2104 3142 nsquam
2157 3075 2482 3127 Amazonum
2525 3073 2755 3125 mentio?

1692 3155 1799 3205 Cur
1822 3168 1923 3204 nou
1943 3152 2302 3204 Alexandrum
2330 3152 2387 3203 ln
2406 3151 2640 3207 Galatia,
2663 3151 2755 3199 boc
2794 3139 2813 3148 ’

1687 3237 1797 3295 est,
1827 3229 1880 3281 in
1919 3231 2000 3281 sui
2021 3231 2170 3295 regni
2193 3229 2413 3294 foribus,
2455 3236 2751 3280 versantem

1685 3309 1963 3358 Thalestris
1994 3307 2348 3362 convenerat?
2382 3303 2659 3358 Quomodo
2679 3304 2753 3370 ip·

1689 3401 1801 3436 sum
1823 3386 2038 3451 antiqua
2061 3384 2264 3434 visendi
2290 3389 2624 3433 monumenta
2651 3388 2751 3431 stu·

1688 3462 2033 3516 diosissimum
2054 3460 2247 3525 cupido
2271 3474 2371 3510 uon
2395 3458 2629 3513 incessit,
2651 3465 2749 3507 tam

1690 3538 1958 3604 famosam,
1976 3547 2083 3590 tam
2101 3538 2442 3602 propinquam
2461 3535 2752 3597 Themiscy-

1689 3632 1799 3668 ram
1820 3617 2080 3670 adeundi?
2102 3616 2211 3665 Sed
2231 3622 2288 3664 ut
2310 3614 2422 3666 huc
2443 3612 2748 3668 omittamus,

1690 3700 1891 3743 eertum
1913 3690 2161 3743 falsitatis
2183 3689 2540 3754 argumentum
2568 3695 2651 3736 est
2676 3688 2751 3750 ip·

1690 3769 1795 3819 sius
1818 3766 2104 3819 Alexandri
2129 3766 2390 3820 silentium
2409 3780 2426 3827 ς
2462 3764 2751 3829 qui‚cetera

1692 3860 1808 3914 quae
1830 3845 1910 3895 his
1929 3845 2061 3896 locis
2095 3848 2326 3909 gesserat
2350 3848 2596 3892 accurate
2634 3839 2750 3890 scri-

1689 3922 1819 3976 bens
1842 3921 1909 3971 ad
1934 3921 2291 3986 Antipatrum,
2317 3919 2384 3968 de
2410 3916 2748 3969 Amazonibus

1689 3999 1832 4066 silet.
1897 3999 1911 4025 ‘
1935 3999 2006 4049 Et
2029 4011 2151 4047 saue
2174 4011 2242 4046 ex
2270 4003 2418 4047 tanto
2441 3995 2746 4060 scriptorum

1689 4090 1924 4139 numero,
1946 4076 2035 4140 qui
2056 4076 2283 4128 maxime
2307 4074 2544 4124 veritatis
2567 4073 2748 4121 babue-

1688 4161 1811 4205 mut
1833 4155 2105 4217 rationem,
2127 4154 2256 4203 nihil
2277 4169 2342 4203 ea
2363 4155 2429 4202 de
2455 4167 2511 4202 re
2533 4148 2748 4201 dicuntt'

1686 4232 1869 4299 (immo
1881 4230 2109 4282 fabulam
2128 4231 2241 4281 risit
2262 4232 2581 4281 Ptolemaeus
2601 4230 2749 4278 Alex·

1690 4308 1838 4364 andri
1862 4322 2065 4361 comes.
2073 4307 2137 4373 )‘
2159 4307 2250 4374 qui
2273 4307 2622 4366 tradiderunt,
2650 4318 2745 4356 non
