2978 4933
2361 394 2493 463 223

277 567 539 635 rentem
569 575 788 626 meum
817 559 972 644 quis
1004 560 1263 643 ignorat
1288 560 1377 625 ab
1406 559 1494 625 iis
1522 558 1942 627 interfectum
1985 578 2160 637 esse,
2193 572 2362 644 qnos
2392 561 2495 623 in·
2564 540 2571 549 ’

275 665 497 747 gentis
528 666 834 747 pecuniae
861 684 983 747 spe
1024 665 1533 730 solicitaverant
1574 667 1818 730 vestri?
1867 665 2077 749 impia
2108 665 2285 728 enim
2312 663 2493 730 bella

276 767 653 849 suscipitiS‚
682 770 749 830 et
779 786 931 830 cum
959 765 1268 831 habeatis
1301 782 1508 846 arma,
1536 767 1865 832 liceminir
1895 765 2185 832 hostium
2216 770 2490 852 capita:

279 870 463 935 sicut
485 875 594 933 tu³
631 867 942 953 proxime
994 869 1266 933 talentis
1304 866 1508 948 mille,
1539 869 1711 933 tanti
1764 868 2106 935 exercitus
2156 888 2297 948 rex,
2344 891 2491 954 per-

275 990 628 1037 cussorem
646 972 712 1035 in
740 992 847 1035 me
875 990 1094 1035 emere
1123 968 1422 1038 voluisti.
1513 972 1618 1038 13.
1668 971 1957 1058 Repello
1985 972 2181 1055 igitur
2210 973 2490 1052 bellum,

273 1094 416 1139 non
446 1075 693 1141 infero:
741 1083 813 1140 et
864 1075 1027 1140 Diis
1055 1092 1324 1159 qnoque
1354 1084 1477 1160 pro
1522 1076 1800 1141 meliore
1857 1077 2198 1142 stantibus
2257 1096 2491 1155 causa,

270 1197 587 1260 magnam
615 1185 878 1262 partem
906 1174 1099 1243 Asiae
1131 1179 1205 1242 in
1256 1178 1577 1244 ditionem
1609 1180 1837 1262 redegi
1867 1198 2086 1244 meam
2113 1199 2130 1245 ι
2174 1184 2239 1248 te
2266 1181 2491 1263 ipsum

275 1281 429 1346 acie
477 1281 639 1346 vici.
730 1278 949 1360 Quem
1001 1281 1131 1345 etsi
1177 1280 1341 1347 nihil
1388 1301 1430 1347 a
1489 1300 1601 1346 me
1656 1283 2018 1368 impetrare
2062 1285 2418 1365 oportebat
2434 1284 2501 1367 ;s

271 1389 515 1468 utpote
537 1384 658 1468 qni
699 1403 782 1449 ne
810 1383 974 1448 belli
1006 1384 1280 1468 quidem
1310 1385 1382 1450 in
1408 1404 1520 1451 me
1542 1384 1701 1471 jura
1721 1386 1741 1422 t
1784 1388 2202 1467 servaveris3
2248 1393 2494 1466 tamen,

270 1486 337 1551 si
357 1484 666 1551 veneris⁶
697 1487 1018 1570 supplem,
1051 1494 1116 1553 et
1143 1495 1450 1566 matrem,
1477 1494 1544 1554 et
1573 1490 1948 1575 conjugem,
1984 1496 2051 1555 et
2072 1489 2326 1556 liberos
2345 1491 2490 1556 siue

271 1590 499 1673 pretio
529 1596 955 1674 recepturum
986 1594 1053 1654 te
1082 1609 1235 1656 esse
1264 1593 1627 1675 promitto:
1669 1600 1734 1659 et
1758 1594 2021 1659 vincere
2050 1598 2115 1657 et
2144 1594 2491 1659 consulere

275 1688 480 1756 victis
508 1694 704 1761 scios
753 1692 852 1757 14.
878 1690 1081 1770 Quod
1099 1693 1158 1756 si
1176 1699 1244 1758 te
1263 1692 1465 1759 nobis
1484 1696 1899 1761 committere
1928 1695 2155 1772 timeS,
2183 1695 2491 1763 dabimus

274 1789 482 1858 fidem
508 1791 780 1879 impune
811 1802 1188 1863 venturum.
1278 1792 1387 1866 De
1417 1805 1640 1865 cetero
1670 1819 1821 1866 cum
1850 1798 2015 1864 mihi
2044 1799 2322 1887 scribes,
2349 1819 2488 1866 mea

852 414 970 463 or..
1019 414 1179 464 cxi.
1221 398 1290 473 4.
1366 414 1440 463 A.
1479 414 1608 473 cn.
1658 414 1733 461 N.
1776 396 1931 462 333.
2004 484 2008 489 ᾗ

293 1968 373 2011 s
406 1972 522 2022 Etsi
541 1977 699 2023 autem
720 1975 844 2024 nihil
862 1991 892 2025 a
913 1991 986 2026 me
1003 1972 1214 2029 obtinere
1234 1980 1478 2031 debueras.

339 2043 369 2078 8
405 2037 517 2088 Non
536 2040 671 2091 modo
685 2039 892 2106 vincere,
914 2043 998 2092 sed
1014 2040 1161 2101 etiam
1181 2057 1287 2095 cum
1306 2046 1450 2096 victis
1475 2044 1748 2103 humaniter
1768 2059 1910 2109 ogere
1929 2047 2057 2098 novi.

1198 2208 1227 2247 f
1232 2211 1560 2233 OOOOOOOOOOO

274 2328 511 2380 Florent.
532 2329 593 2379 ab
615 2326 1016 2393 buiniodectum
1044 2331 1210 2394 Bong.
1235 2331 1469 2382 Florent.
1495 2331 1643 2384 Leid.
1665 2338 1719 2381 et
1743 2334 1890 2382 Voss.
1915 2337 1961 2382 1.
1980 2336 2029 2382 2.
2081 2333 2211 2381 Mox
2233 2333 2491 2383 licitamini

273 2393 377 2443 Ed.
411 2409 488 2457 pr.
524 2395 742 2445 Venett.
779 2396 929 2446 Rom.
967 2398 1165 2447 Veron.
1194 2398 1306 2446 aliae
1333 2404 1463 2448 vett.
1487 2412 1605 2446 cum
1631 2398 1865 2448 Freinsh.
1901 2399 2094 2448 Cellar.
2129 2398 2318 2448 Pitisc.
2355 2399 2490 2449 Tell.

273 2459 456 2510 Maitt.
478 2459 639 2513 Snak.
671 2458 831 2514 Barb·
864 2461 986 2526 Bip.
1011 2464 1177 2514 Cnnz.
1204 2469 1260 2513 et
1283 2462 1446 2513 Both.
1486 2463 1561 2512 sic
1587 2464 1746 2513 etiam
1776 2465 1889 2514 Pal.
1912 2469 1961 2515 1.
1997 2471 2051 2513 et
2076 2463 2308 2513 additum
2341 2464 2393 2513 in
2417 2463 2490 2514 D.

269 2524 517 2588 margini,
540 2526 632 2576 sed
657 2527 767 2578 Col.
787 2543 937 2592 quam
935 2478 1238 2590 pSchragius
1265 2528 1413 2590 vidit,
1437 2530 1610 2591 Bong.
1635 2535 1682 2579 1.
1701 2533 1750 2579 2.
1778 2531 2004 2580 Florcnt.
2030 2530 2176 2578 Leid.
2203 2537 2259 2579 et
2275 2529 2466 2580 Vosml

271 2591 501 2655 licemini,
525 2589 668 2656 quod
689 2593 892 2658 recepit
916 2593 1237 2643 Schmieder.
1240 2595 1369 2640 -18
1410 2596 1552 2641 Dan.
1577 2594 1810 2644 Florent.
1834 2602 1890 2643 et
1925 2594 2377 2657 Leid.Di‹1uoque
2401 2609 2491 2658 pro

269 2657 467 2705 meliore
487 2661 703 2716 stantem·
740 2660 855 2708 Pal.
882 2663 929 2708 1.
948 2669 1003 2709 et
1023 2659 1177 2707 vose.
1204 2662 1251 2707 1.
1275 2661 1324 2706 2.
1349 2658 1443 2707 Det
1464 2673 1642 2721 quoque
1655 2673 1746 2721 pro
1766 2659 1952 2708 meliori
1972 2664 2144 2717 stant3
2178 2658 2373 2707 Fauch.
2396 2658 2491 2707 Dii

265 2735 322 2783 q.
341 2736 393 2784 p.
418 2736 481 2771 m.
504 2727 704 2772 stante-3.
735 2724 984 2773 Heinsius
1006 2724 1147 2786 conj.
1173 2724 1255 2771 En
1277 2723 1414 2785 Diq.
1436 2739 1484 2786 μ.
1514 2740 1578 2772 m.
1603 2728 1786 2772 stantes
1808 2739 1968 2786 causa,
1986 2739 2050 2773 m.
2062 2740 2115 2787 p.
2140 2724 2203 2772 A.
2226 2724 2264 2771 i.
2284 2725 2332 2773 d.
2352 2725 2488 2772 rede·

265 2792 467 2847 gerunt.
520 2786 749 2838 Florent.
772 2793 820 2837 te
858 2790 894 2838 ι’.
931 2804 978 2838 a.
1013 2788 1183 2837 devici.
1222 2788 1375 2836 Voss.
1398 2792 1448 2837 2.
1480 2790 1724 2850 oportebat
1745 2789 2032 2851 impetrare
2081 2788 2341 2837 nonnullae
2366 2788 2487 2838 edd.

269 2856 405 2900 vett.
428 2850 686 2915 impetrare
707 2853 951 2917 oportebat
972 2856 1095 2917 quod
1112 2853 1339 2917 petieras.
1391 2852 1617 2902 Ἰὴεοοτ.
1640 2856 1875 2912 Florent.
1903 2824 2047 2902 Leid.
2070 2855 2220 2903 Voss.
2245 2858 2293 2903 1.
2317 2853 2488 2916 Rong.

271 2921 331 2963 et
365 2916 502 2965 Mer.
532 2923 825 2980 recepturum
846 2934 965 2980 esse,
992 2920 1179 2968 omisso
1202 2923 1265 2967 te.
1270 2909 1404 2967 -14
1434 2918 1550 2968 Col.
1576 2925 1632 2967 et
1671 2907 1806 2968 Mer.
1847 2919 1946 2978 Qui
1981 2919 2042 2969 si.
2096 2918 2251 2968 VosS.
2276 2922 2322 2968 1.
2344 2922 2394 2968 2.
2433 2927 2491 2967 et

273 2980 447 3046 Bong.
469 2984 760 3034 committere
777 2983 927 3036 nobis.
963 2985 1131 3034 Paulo
1156 2990 1277 3048 post
1299 2981 1415 3033 Pal.
1438 2986 1483 3041 1.
1506 2975 1626 3032 mihi
1647 2984 1835 3038 scribis.
1881 2984 2030 3036 Leid.
2052 2993 2147 3042 non
2169 2986 2320 3039 solum
2340 2984 2491 3056 regie.

1273 3129 1493 3184 NOTAE

270 3244 409 3296 idem
428 3245 748 3309 expromens
766 3247 980 3313 adjecit,
999 3247 1191 3299 Persas
1210 3247 1335 3298 illud
1420 3248 1741 3312 Lyncesten,
1794 3248 1862 3300 de
1904 3263 2004 3314 quo
2053 3247 2240 3313 Suppl.
2290 3246 2380 3297 lib.
2423 3260 2489 3297 ιι.

270 3319 440 3387 ipsum
479 3323 646 3378 missis
679 3339 886 3390 quoquo
925 3340 1134 3376 versum
1170 3325 1338 3376 literis
1419 3339 1537 3389 cap.
1561 3328 1643 3374 11.

271 3414 387 3451 erse
414 3401 674 3465 gloriatoS.
1485 3404 1504 3436 ‘
1533 3402 1670 3452 Belli
1698 3402 1842 3467 ἅτινα]
1897 3404 2126 3455 Quorum
2167 3402 2488 3466 praecipuum

262 3515 268 3522 -
333 3486 355 3514 ¹·
385 3479 624 3529 Licemini
642 3480 947 3545 [licitamz'ni]
982 3482 1115 3534 Sunt
1150 3479 1238 3544 qui
1277 3479 1338 3528 li·
1420 3486 1520 3545 est,
1539 3495 1607 3531 ne
1632 3496 1726 3545 per
1748 3481 1966 3531 sicarios
1991 3488 2081 3530 ant
2103 3479 2395 3544 proditores
2420 3479 2493 3527 al-

268 3557 441 3608 cemini
478 3558 577 3607 hoc
608 3557 727 3608 loco·
744 3559 922 3622 legere
954 3559 1250 3616 maluerint,
1273 3573 1338 3608 ea

270 3633 474 3683 ratione
510 3633 655 3684 ducti
701 3635 841 3700 quod
882 3635 1091 3685 ‘liceri'
1130 3636 1338 3687 dicatur

271 3711 360 3775 qui
406 3709 550 3759 solus
597 3711 821 3774 pretinm
868 3708 1041 3768 offert,
1083 3710 1337 3760 ‘licitari'

269 3795 439 3837 antem
462 3787 552 3853 qui
588 3789 827 3840 auctione
859 3788 1000 3845 facta
1033 3805 1210 3840 emere
1240 3805 1337 3853 pro

270 3879 324 3914 ze
349 3866 570 3930 quisque
595 3866 937 3917 contendunt.
991 3867 1090 3916 Sed
1115 3867 1212 3922 hoc
1235 3868 1338 3915 dis-

272 3943 469 3992 crimen
492 3943 689 3994 nnllum
707 3951 817 4005 est;
851 3958 967 3993 nam
998 3949 1054 3992 et
1082 3944 1098 3972 ‘
1117 3941 1337 3994 licitari'

273 4020 383 4069 sine
425 4021 667 4072 auctione
698 4021 912 4082 dicitnr,
950 4028 1008 4070 ut
1039 4027 1223 4070 auctor
1258 4026 1339 4071 est

272 4095 456 4158 Va11a3
492 4104 549 4147 et
571 4100 588 4125 ⁴
607 4097 753 4153 liceri
770 4094 786 4116 ’
810 4111 928 4154 cnm
953 4098 1191 4152 auctione
1214 4099 1339 4163 legi·

276 4179 359 4222 tur
380 4174 521 4238 apud
548 4174 873 4233 Ciceronem.

334 4258 355 4283 ⁸
387 4250 527 4301 Sicut
548 4251 626 4316 tu]
662 4251 786 4301 Non
806 4251 869 4301 ad
894 4252 1197 4316 Philippum
1232 4265 1339 4302 me·

278 4325 443 4380 dicum
478 4327 532 4379 id
564 4324 757 4393 refero,
777 4328 871 4381 sed
896 4329 959 4381 ad
984 4328 1338 4386 Alexandrum

1422 3565 1506 3608 ter
1530 3557 1747 3609 alterius
1770 3558 1892 3605 vitae
1917 3556 2209 3605 insidietur.

1485 3641 1511 3667 ¹³
1542 3633 1599 3682 Si
1636 3631 1845 3695 veneris]
1878 3632 2071 3681 Procul
2106 3631 2288 3680 aberat
2321 3629 2388 3679 ab
2425 3643 2489 3682 eo

1419 3709 1640 3758 consilio
1667 3708 1876 3765 Darius,
1895 3706 1983 3771 qui
2015 3721 2080 3756 ne
2115 3707 2255 3770 regis
2281 3705 2490 3770 quidem

1421 3786 1629 3834 nomine
1644 3781 1999 3834 Alexandrum
2017 3781 2338 3846 dignaretur.
2373 3779 2491 3834 Quo

1420 3863 1586 3925 magis
1613 3859 1847 3910 adducor
1863 3864 1922 3907 ut
1945 3857 2156 3907 credam
2176 3872 2292 3907 cum
2311 3858 2492 3908 Frein-

1420 3938 1616 3987 shemio
1637 3936 1934 3997 Arrianum,
1956 3934 2047 3984 lib.
2073 3948 2138 3984 11.
2156 3933 2222 3984 de
2245 3933 2322 3985 his
2340 3933 2492 3984 Darii

1421 4016 1488 4067 ad
1522 4013 1881 4069 Alexandrum
1919 4010 2085 4061 literis
2122 4016 2378 4074 agentem,
2414 4010 2492 4060 ita

1421 4091 1717 4156 scripsisse,
1745 4088 1824 4139 καὶ
1843 4086 2007 4151 φιλίαν
2035 4085 2188 4139 θέλειν
2207 4085 2493 4145 ποιήσασθαι

1420 4168 1536 4233 πρὸς
1555 4164 1879 4229 Ἀλέξανδρον,
1890 4163 2151 4214 amicitiam
2161 4179 2265 4214 cum
2278 4164 2490 4212 Alexan-

1419 4250 1507 4298 dro
1528 4245 1643 4303 velle
1655 4244 1863 4305 jungere
1875 4258 1896 4301 ;
1938 4256 2061 4306 non,
2083 4242 2241 4293 ἐλθεῖν
2261 4237 2492 4299 ποιήσω’,

1421 4330 1520 4392 θαι,
1538 4325 1701 4386 venire
1723 4324 1776 4375 ut
1788 4322 2032 4393 jungeret.
