2978 4933
791 394 907 445 οι..
955 396 1147 447 cxii.
1200 334 1265 444 2]
1344 395 1415 445 A.
1464 396 1583 442 cn.
1631 395 1709 444 Ν.
1756 378 1905 446 330.
2325 379 2456 444 407

248 541 544 627 patiaris.
633 539 1011 609 Amisimus
1057 542 1394 608 Graeciam
1418 548 1486 621 ;⁸
1548 540 1738 606 nulla
1767 541 2018 605 Bactra
2039 543 2193 604 suut
2218 539 2454 620 nobis;

250 662 405 726 spes
437 644 658 709 omnis
704 647 775 709 in
824 653 917 724 te,
945 647 1201 710 utinam
1250 652 1322 709 et
1362 645 1433 707 in
1482 643 1734 708 ceteris
1784 647 1982 708 esset.
2073 641 2282 707 Plura
2317 642 2457 708 dici

250 764 377 809 nou
405 747 684 813 attinet:
742 749 1120 815 custodiam
1169 746 1471 831 corporis
1521 747 1618 810 tui
1648 754 1964 813 externus
1995 751 2064 810 et
2093 744 2458 827 alienigena

252 866 376 913 non
401 849 875 934 deposcerem,
908 853 970 916 si
1000 851 1356 928 crederem,
1389 848 1595 919 alium
1639 867 1843 932 posse
1866 846 1894 883 ¹³
1943 845 2307 931 praestare?
2391 849 2456 911 7.

253 950 544 1032 Bessus-,-
581 974 972 1039 quanquam
1003 964 1157 1020 erat
1225 953 1452 1018 Graeci
1513 951 1838 1017 sermonis
1886 951 2178 1032 ignaruS,
2235 956 2457 1014 tamen

255 1054 628 1121 stimulante
674 1059 1087 1124 conscientia
1137 1057 1462 1124 indicium
1510 1057 1814 1138 profecto
1867 1053 2228 1119 Patronem
2272 1052 2457 1118 detu-

251 1156 411 1222 lisse
436 1159 787 1225 credebat:
841 1166 911 1227 et
938 1161 1318 1246 interpretis
1349 1159 1581 1226 Graeci
1611 1159 1819 1224 relato
1848 1176 2157 1222 sermone
2187 1161 2459 1220 exemta

255 1258 609 1328 dubitatio,
702 1263 955 1328 Darius
985 1273 1239 1341 autem,
1267 1270 1592 1348 quantum
1621 1280 1711 1326 ex
1738 1261 1931 1327 vultu
1963 1258 2233 1343 concipi
2257 1264 2449 1343 pote-

251 1366 367 1439 rat,
408 1363 592 1430 haud
623 1385 787 1431 sane
836 1367 1127 1446 territus,
1160 1367 1539 1450 percontari
1591 1366 1890 1430 Patrona
1941 1367 2254 1427 ‘causam
2295 1381 2456 1426 con·

253 1463 405 1542 silii,
433 1467 617 1549 quod
664 1468 961 1548 afferret,'
1004 1472 1235 1553 coepit.
1325 1470 1390 1534 8.
1432 1468 1560 1533 Ille
1619 1487 1752 1532 non
1803 1466 1980 1535 ultra
2027 1462 2458 1531 differendum

249 1572 448 1647 ratuS,
481 1571 502 1602 ‘
527 1567 828 1649 Bessus}
873 1571 1119 1657 inquit,
1169 1574 1190 1605 ‘
1221 1576 1292 1637 et
1324 1571 1758 1637 Nabarzanes
1803 1566 2203 1634 insidiantur
2230 1566 2353 1631 tibi
2380 1566 2457 1630 in

250 1667 481 1747 ultimo
515 1671 901 1738 discrimine
948 1682 1020 1739 et
1069 1675 1357 1741 fortunae
1405 1680 1540 1738 tuae
1583 1678 1649 1738 et
1699 1672 1883 1737 vitae.
1978 1670 2120 1735 Hic
2151 1668 2299 1733 dies
2344 1673 2459 1733 aut

251 1773 605 1852 parricidis
635 1781 753 1842 aut
781 1777 903 1841 tibi
947 1777 1209 1845 futurus
1245 1773 1568 1842 ultimus.’
1653 1775 1721 1840 9.
1752 1775 1860 1862 ¹Et
1907 1774 2156 1840 Patron
2186 1770 2457 1855 quidem

252 1876 577 1959 egregiam
618 1881 998 1945 conservati
1056 1880 1231 1963 regis
1291 1877 1574 1961 gloriam
1631 1876 1925 1941 tulerat.⁰
2011 1874 2121 1940 10.
2165 1872 2458 1938 Eludant

250 1976 428 2058 licet,
457 1981 704 2065 quibus
730 1983 899 2053 forte
929 1982 1075 2066 [ac]
1108 1989 1362 2048 temere
1393 1982 1685 2045 humana
1700 1980 1969 2062 negotia
1985 1976 2172 2043 volvi
2205 1975 2456 2057 agique

248 2096 654 2160 persuasum
681 2093 832 2149 est.⁶
899 2084 1233 2169 Equidem
1258 2089 1511 2150 aeterna
1529 2082 2011 2149 constitutione
2042 2077 2459 2155 crediderim,

252 2201 567 2269 nexuque
598 2207 948 2254 causarum
977 2187 1331 2254 latentium
1364 2192 1435 2251 et
1485 2185 1695 2252 multo
1739 2191 1893 2250 aute
1921 2179 2457 2260 destinatarum}

309 2348 332 2378 ⁰
361 2347 499 2406 Esto,
522 2346 607 2398 hoc
627 2349 861 2400 irrideant
882 2352 964 2415 qui
991 2356 1164 2414 putant
1186 2366 1264 2400 res
1284 2352 1516 2400 humanae
1539 2363 1652 2398 casu
1672 2353 1721 2398 et
1729 2348 1940 2408 fortuito
1959 2325 2162 2398 evenire.

310 2408 337 2443 ⁴
367 2413 477 2475 Ego
502 2415 692 2477 quidem
713 2417 935 2465 existimo
956 2431 1319 2481 unumquemque
1338 2417 1580 2466 hominnm
1599 2415 1793 2479 implere
1812 2415 1928 2464 vitoe
1956 2415 2146 2464 modum
2163 2410 2258 2463 sibi
2280 2410 2456 2460 eonsti-

257 2480 405 2528 tutnm
419 2480 709 2530 immutabili
713 2482 935 2543 futorum
949 2483 1068 2545 lege.

1172 2562 1229 2582 θ’
1236 2561 1541 2582 ‘mm‘

255 2656 306 2699 et
327 2651 493 2715 Lugd.
523 2652 784 2703 Omisimus
807 2654 1065 2703 Graeciam.
1130 2652 1283 2703 Voss.
1311 2659 1361 2705 2.
1394 2652 1592 2702 omittit
1613 2653 1818 2708 utinam,
1842 2666 1936 2715 pro
1962 2665 2065 2715 quo
2088 2650 2204 2699 Pal.
2226 2654 2273 2700 l.
2296 2647 2460 2699 habet

254 2720 321 2765 ut.
385 2718 517 2767 Mox
556 2719 705 2768 Voss.
737 2724 787 2768 2.
827 2721 1027 2769 omittit
1068 2718 1140 2768 tui
1182 2725 1299 2781 post
1332 2717 1662 2781 corporis.—7
1702 2718 1852 2765 Voss.
1895 2720 1939 2767 1.
1987 2716 2177 2764 Gra-eie
2213 2714 2461 2766 sermonis.

255 2779 397 2831 Leid.
428 2788 476 2833 et
515 2784 787 2848 interpreti.
855 2782 1007 2838 Leid.
1031 2784 1181 2833 Voss.
1223 2787 1268 2833 1.
1302 2787 1352 2832 2.
1393 2791 1449 2832 et
1473 2783 1642 2844 Bong.
1665 2782 1814 2832 relato
1836 2795 2044 2830 sermone
2069 2778 2249 2829 Graeci.
2313 2778 2462 2830 ‘Ista

254 2847 426 2905 verba,
457 2853 511 2899 et
542 2850 818 2913 interpretis
854 2850 920 2899 G.
957 2864 1002 2901 r.
1032 2862 1258 2910 sermone,
1292 2847 1431 2897 omni
1468 2852 1652 2896 carent
1685 2860 1838 2895 sensu
1870 2859 2018 2906 sano,
2047 2858 2219 2909 neque
2243 2842 2461 2894 dubium

256 2918 351 2975 est,
373 2913 496 2978 quin
522 2915 698 2976 lectio,
720 2929 870 2979 quam
895 2913 1047 2964 codd.
1084 2914 1267 2978 optimi
1301 2911 1447 2961 Leid.
1479 2918 1535 2963 et
1557 2912 1709 2961 Voss.
1734 2915 1781 2962 1.
1810 2915 1860 2960 2.
1886 2910 2148 2966 exhibent,
2171 2910 2462 2960 rectissima

256 2977 353 3027 sit)
390 2980 543 3029 Cunz.
611 2980 798 3041 Faber,
818 2986 877 3028 ut
901 2979 1138 3029 Curtium
1163 2986 1436 3041 purgaret,
1457 2976 1761 3026 substituit:
1796 2981 1842 3026 et
1866 2976 2144 3039 interpretis
2178 2975 2344 3024 Graeei
2375 2990 2453 3025 re·-

255 3043 450 3094 ntotione
478 3050 667 3095 exemto
687 3045 939 3094 dubitatio.
1005 3041 1272 3094 Scheffero
1305 3058 1409 3093 vox
1433 3042 1612 3092 Graeci
1638 3042 1840 3105 scripta
1862 3041 2071 3091 videtur
2091 3041 2461 3106 pro=Patronis,'

259 3114 312 3155 et
349 3122 445 3169 pro
479 3111 777 3173 interpretis,
819 3112 899 3159 vel
933 3109 993 3158 ab
1028 3111 1306 3173 interprete,
1340 3109 1422 3158 vel
1456 3108 1715 3172 interprete
1745 3107 1891 3171 legit.
1958 3106 2097 3156 Vide
2124 3106 2247 3156 Not.
2270 3107 2466 3157 Van-

260 3175 291 3219 8
322 3174 424 3224 Pro
446 3175 646 3239 concipi,
682 3175 821 3240 quod
846 3174 999 3225 codd.
1036 3181 1092 3224 et
1126 3174 1242 3224 edd.
1283 3181 1415 3223 vett.
1448 3172 1720 3235 exhibent,
1749 3172 1958 3221 Modius
1994 3170 2208 3235 scripsit
2239 3171 2462 3234 conspici,

264 3250 476 3304 eumque
502 3240 668 3289 secuti
690 3247 812 3290 sunt
835 3241 985 3290 multi
1008 3247 1127 3289 ante
1152 3240 1389 3290 Freinsli.
1457 3238 1606 3288 Leid.
1633 3237 1917 3288 Nabazanes
1933 3252 1954 3295 ,·
1985 3238 2139 3286 Voss.
2169 3241 2219 3286 2.
2245 3236 2465 3285 Anabur-

258 3316 405 3353 zanes.
468 3306 621 3355 Voss.
648 3311 693 3356 1.
712 3306 763 3355 in
784 3322 834 3355 u.
853 3307 1147 3355 discrimina?
1168 3310 1235 3368 et,
1257 3307 1336 3368 ξε.
1372 3311 1385 3332 ‘
1405 3301 1675 3351 Acidalius
1699 3302 1839 3365 conj.
1863 3302 2161 3363 essortunoe,
2203 3315 2318 3365 quoe
2355 3315 2466 3349 mu·

264 3369 390 3418 tatio
412 3377 520 3419 tam
561 3376 685 3433 apta
719 3370 840 3420 mibi
883 3370 1111 3432 videtur,
1135 3377 1214 3431 ut,
1236 3370 1317 3419 vel
1353 3368 1659 3417 adversante
1697 3367 2068 3430 Freinshemio,
2093 3364 2315 3429 probare
2349 3379 2466 3414 eam

264 3434 452 3484 ausim?
488 3436 771 3485 Cana—1⁰
807 3436 921 3486 Pal.
946 3439 991 3483 1.
1013 3437 1230 3485 Eludant
1250 3433 1500 3491 videncet,-
1553 3434 1708 3482 Voss.
1733 3436 1783 3481 1.
1809 3432 2006 3479 Erudan
2028 3430 2283 3487 videlicet,·
2317 3429 2467 3480 Leid.

263 3496 490 3549 Floreut.
514 3501 667 3550 Voss.
688 3504 738 3551 2.
764 3501 897 3550 Dan.
922 3498 1043 3550 And.
1068 3500 1180 3550 Col.
1207 3500 1421 3548 Eludant
1445 3498 1683 3548 videlicet.
1754 3498 1985 3546 Florem.
2010 3494 2156 3544 Leid.
2178 3496 2463 3554 Voss.,1·.2.

265 3568 318 3611 et
337 3564 654 3629 Bong.sorte
678 3571 866 3627 temere,
892 3566 1080 3615 omisso
1102 3579 1177 3614 ac.
1245 3564 1344 3613 ‘Et
1365 3564 1464 3613 hoc
1489 3563 1719 3624 rectius;
1768 3576 1886 3610 nam
1912 3560 1986 3609 ita
2009 3566 2065 3609 et
2087 3560 2284 3615 Livius,
2307 3572 2464 3623 quem

264 3626 469 3679 Curtius
492 3631 1063 3681 nosteretudiosissime
1088 3630 1316 3678 imitatus
1353 3634 1453 3690 est,
1491 3639 1698 3692 semper
1736 3624 1973 3690 scripsit.’
2011 3625 2160 3677 Cunz.
2232 3625 2466 3673 Florem.

265 3691 407 3742 Leid.
431 3696 583 3744 Voss.
607 3701 655 3745 1.
679 3700 728 3746 2.
758 3697 899 3746 Dan.
931 3696 1046 3744 Pal.
1087 3699 1132 3744 l.
1155 3703 1212 3743 et
1234 3695 1402 3757 Bong.
1430 3693 1680 3742 omittunt
1702 3707 1715 3741 ε
1756 3690 1993 3756 Equidem
2015 3706 2076 3739 ae.
2098 3706 2142 3739 e.
2166 3689 2464 3739 crediderim.

267 3756 491 3811 Florent.
513 3760 659 3811 Leid.
684 3762 825 3812 Dan.
850 3769 905 3813 et
924 3761 1041 3811 Pal.
1067 3766 1115 3811 1.
1138 3775 1200 3810 ex
1218 3760 1366 3809 multo
1380 3775 1401 3819 ;
1434 3759 1607 3821 Bong.
1627 3756 1827 3807 omittit
1847 3761 1913 3805 et.
1983 3754 2214 3805 Florent-
2240 3763 2294 3804 et
2317 3754 2470 3805 Leid.

1259 3888 1311 3939 N
1316 3887 1475 3938 0⁹1*AE

328 3991 352 4017 ⁸
385 3983 648 4051 Grai-iam]
695 3988 856 4053 CuJus
887 3986 1188 4053 repetendae
1225 3998 1325 4035 nec
1405 3991 1458 4034 te
1481 3984 1722 4035 custodia
1740 3990 1911 4035 tutum
1931 3982 2063 4034 fore.

265 4061 499 4113 voluutas
523 4064 671 4113 nobis
694 4079 791 4115 nec
826 4064 1047 4115 facultas
1068 4069 1323 4127 superest.
1469 4071 1493 4098 ⁰
1529 4064 1748 4127 Tulerat]
1783 4064 1891 4113 Pro
1924 4064 2166 4114 ‘laturus
2187 4062 2349 4125 erat3'
2380 4075 2470 4112 cu-

270 4134 472 4203 Baetra]
515 4142 633 4193 Quo
669 4139 974 4206 confugere,
1009 4149 1061 4191 te
1104 4140 1324 4204 sublato,
1396 4142 1483 4208 jus
1520 4141 1800 4192 locutionis
1821 4155 1923 4190 uon
1958 4154 2127 4204 panea
2156 4146 2277 4190 sunt
2298 4152 2470 4188 exem-

270 4216 546 4276 possimus:
583 4226 641 4269 ut
660 4220 851 4269 Bessus
876 4227 932 4269 et
954 4218 1305 4269 Nabarzanes.
1406 4218 1498 4283 pla
1519 4217 1659 4283 apud
1679 4216 2086 4267 Freinshemium
2107 4216 2357 4266 hocloco.

331 4289 355 4323 ὓ
384 4292 550 4345 Alium
564 4295 723 4360 posse]
755 4296 811 4347 Si
844 4303 1084 4362 putarem
1116 4296 1171 4345 iu
1200 4294 1330 4344 alius
