2978 4933
510 409 639 476 142
1300 424 1358 472 s.
1406 421 1910 472 rnxlnsnnmn

509 571 831 654 gatissimae
858 571 1051 631 famoe.
1132 566 1443 648 Reliquam
1483 569 1920 631 multitudinem
1962 589 2173 650 resque
2200 570 2488 652 pretiosas
2516 573 2690 633 'duces

511 679 832 731 avexerunt
856 668 918 728 in
946 669 1076 729 Con
1104 667 1405 727 insulam.⁰
1488 670 1588 728 22.
1630 668 1967 729 Alexander
1993 669 2211 730 indicio
2240 669 2691 751 transfugarum,

509 778 571 828 et
612 764 846 847 objecta
896 764 1085 826 oculis
1139 766 1354 845 specie,
1408 784 1544 844 quae
1601 765 1663 824 in
1707 765 1851 825 urbe
1906 777 2078 846 gesta
2120 756 2377 826 'fuissent
2422 768 2693 848 cognitis,

508 884 848 945 quanquam
887 862 1092 924 media
1133 871 1329 934 nocte,
1378 860 1746 922 Macedonas
1774 862 1878 920 ‘in
1922 864 2119 923 urbem
2163 862 2400 935 irruere,
2444 875 2506 924 et
2552 885 2693 945 quos

506 962 845 1023 incendium
889 970 1177 1041 augentes
1226 958 1775 1039 deprehendissent,
1805 958 2164 1029 interficere;
2210 960 2259 1020 si
2301 963 2402 1040 qui
2444 960 2604 1023 domi
2634 982 2693 1022 se

507 1059 899 1133 continerent,
928 1059 1002 1118 ab
1044 1077 1247 1119 eorum
1294 1056 1462 1118 caede
1509 1056 1866 1137 temperare'
1883 1057 2074 1137 jubet.
2157 1061 2259 1119 23.
2302 1058 2458 1118 Luce
2494 1061 2694 1121 oborta

508 1177 675 1218 arces
704 1177 740 1218 a
768 1157 966 1218 Persis
993 1168 1053 1217 et
1081 1156 1451 1217 mercenariis
1496 1155 1757 1215 insessas
1786 1154 2242 1235 contemplatae,
2271 1175 2405 1215 cum
2436 1156 2691 1216 obsidio-

508 1273 641 1314 nem
696 1273 896 1315 earum
950 1253 1111 1334 longi
1166 1254 1358 1336 operis
1416 1254 1667 1314 futuram
1729 1252 2145 1332 suspicaretur,
2202 1272 2392 1332 neque
2447 1255 2693 1332 pretium

505 1362 758 1432 putaret,
800 1352 993 1432 capite
1049 1351 1242 1432 gentis
1298 1360 1659 1430 expugnato,
1715 1349 1945 1410 duabus
2014 1350 2246 1410 arcibus
2317 1349 2693 1423 assidentem,

508 1449 723 1528 agendi
771 1458 1002 1529 tempus
1049 1468 1153 1528 per
1200 1447 1385 1508 otium
1429 1457 1491 1507 et
1533 1447 1800 1507 inertiam
1850 1450 2213 1516 terere;·24.
2255 1448 2457 1507 urbem
2507 1448 2692 1528 ipsam

508 1544 851 1617 exscindit,¹’
878 1564 1044 1607 arces
1085 1565 1252 1607 muro
1298 1547 1575 1625 fossaque
1620 1545 2040 1624 circumseptas
2085 1543 2470 1606 Ptolemaeum
2499 1547 2695 1605 obser-

505 1662 642 1702 vare
680 1644 900 1723 jubet,‘¹
929 1663 1106 1724 quem
1147 1664 1283 1706 cum
1334 1645 1521 1705 tribus
1571 1643 1826 1703 millibus
1876 1642 2313 1723 peregrinorum
2341 1641 2611 1713 militum,
2639 1651 2695 1702 et

419 1794 434 1811 .,
506 1741 799 1820 equitibus
827 1740 1099 1802 ducentis
1122 1740 1201 1802 ad
1228 1741 1462 1801 Cariam
1492 1739 1775 1801 tuendam
1811 1739 2196 1818 relinquebat.
2279 1739 2339 1798 Is
2366 1759 2485 1800 non
2516 1739 2694 1819 longo

504 1848 644 1918 post
696 1831 993 1921 tempore,
1031 1838 1219 1919 copiis
1274 1858 1410 1899 cum
1466 1837 1739 1898 Asandro
1785 1836 1986 1917 Lydiae
2010 1848 2284 1917 «praetore
2338 1835 2691 1916 conjunctiS‚

506 1938 914 1998 Orontobaten
942 1937 1069 1998 acie
1092 1938 1227 1999 vicit
1249 1937 1304 1998 τ’
1330 1948 1390 1999 et
1417 1935 1872 2010 MacedonibuS,
1896 1934 1983 1994 ira
2003 1934 2301 2014 taedioque
2317 1933 2694 1995 diuturnioris

503 2054 706 2109 morae,
751 2034 1177 2116 oppugnationi
1225 2034 1435 2094 acriter
1481 2032 1977 2104 incumbentibus,
2016 2050 2183 2092 arces
2231 2032 2292 2090 in
2339 2040 2693 2109 potestatem

427 2192 439 2203 ,
503 2129 763 2191 redactae
809 2143 968 2192 sunt.
1051 2134 1150 2191 25.
1192 2132 1275 2193 At
1317 2150 1420 2190 rex
1468 2128 1787 2209 Phrygiam
1823 2128 2311 2207 continentesque
2357 2128 2688 2207 provincias

503 2228 699 2288 animo
726 2228 1106 2308 complexus,‘
1131 2227 1580 2288 Parmenionem
1608 2244 1743 2284 cum
1782 2225 2098 2284 amicorum
2127 2224 2332 2283 turmis
2361 2235 2421 2284 et
2447 2225 2691 2285 auxilia-

503 2323 604 2384 riis
632 2326 954 2404 equitibus,
974 2325 1394 2404 Thessalisque
1443 2323 1658 2402 quibus
1685 2320 2027 2381 Alexander
2062 2316 2404 2402 Lyncestes
2425 2335 2695 2402 praeerat,

505 2420 721 2488 Sardes
769 2421 989 2489 mittit;
1036 2429 1051 2455 ‘
1083 2430 1151 2479 ut
1193 2419 1333 2479 inde
1370 2420 1430 2479 in
1483 2417 1799 2499 Phrygiam
1838 2417 2099 2492 irrueret,
2125 2429 2485 2499 venturoque
2530 2440 2698 2480 exer·-

502 2519 645 2579 citui
693 2527 1085 2579 commeatum
1125 2528 1186 2579 et
1227 2517 1510 2598 pabulum
1554 2536 1629 2576 ex
1673 2514 1904 2576 hostico
1945 2527 2180 2595 pararet
2202 2516 2236 2577 :'
2279 2516 2420 2575 data
2461 2518 2539 2578 ad
2581 2518 2695 2578 hoc

501 2614 791 2695 plaustra,
838 2636 973 2696 quae
1018 2615 1192 2675 simul
1218 2615 1597 2675 ducerentur.
1707 2614 1807 2673 26.
1852 2614 2015 2674 Cum
2043 2613 2258 2674 deinde
2300 2614 2518 2674 multos
2560 2615 2693 2675 Ma-

502 2713 816 2786 cedonum,
860 2715 1039 2793 paulo
1097 2724 1235 2774 ante
1278 2733 1408 2802 eam
1464 2711 1902 2793 expeditionem
1946 2711 2138 2772 ductis
2189 2712 2490 2785 uxoribus,
2539 2714 2698 2775 desi-

503 2810 730 2870 derium
774 2829 975 2870 earum
1023 2810 1394 2892 impatienter
1442 2810 1591 2870 ferre
1639 2809 2059 2888 cognovisset;
2089 2821 2113 2847 ⁸¹
2154 2808 2541 2870 Ptolemaeum
2589 2812 2695 2870 Se-

502 2905 658 2965 leuci
683 2905 868 2964 filium
894 2908 1155 2987 corporis
1196 2905 1505 2966 custodem
1534 2906 1602 2965 iis
1631 2906 1916 2987 praefecit,
1948 2913 1966 2940 ‘
1985 2906 2343 2985 domumque
2370 2906 2664 2968 deducere
2685 2907 2700 2931 ’

493 3001 697 3081 jussit,
722 3010 740 3036 ‘
758 3021 892 3060 cum
911 3003 1190 3062 uxoribus
1207 3002 1679 3081 hybernaturos:'
1707 3002 1827 3062 duo
1848 3022 2085 3083 quoque
2109 3024 2182 3063 ex
2203 3004 2451 3064 ducibus
2475 3005 2695 3074 Coenos

504 3110 683 3177 atque
733 3096 1039 3177 Meleager
1082 3100 1158 3158 ob
1204 3098 1454 3158 eandem
1500 3117 1898 3179 causampuna
1944 3101 2193 3182 profecti
2237 3110 2397 3161 sunt.
2479 3105 2579 3163 27.
2626 3102 2695 3160 Id

503 3196 629 3274 regi
696 3214 930 3275 magnae
1000 3196 1158 3276 apud
1213 3196 1428 3267 milites
1491 3197 1987 3257 commendationi
2045 3198 2172 3269 fuit,
2229 3200 2695 3279 promtioresq'ue

503 3291 720 3352 deinde
763 3312 866 3353 eos
915 3292 992 3352 ad
1037 3293 1421 3373 longinquam
1469 3293 1733 3354 militiam
1785 3295 2060 3369 reddidit,
2090 3315 2224 3358 cum
2266 3297 2356 3355 sui
2407 3297 2727 3372 rationem,

501 3389 762 3449 habitam
804 3389 1086 3464 viderent,
1116 3401 1536 3471 sperarentque
1584 3389 1864 3472 deinceps
1907 3393 2083 3453 etiam
2126 3394 2203 3454 ad
2243 3383 2395 3453 suos'
2412 3395 2688 3453 visendos

504 3486 756 3545 subinde
798 3499 1187 3548 commeatum
1232 3489 1645 3568 impetraturos
1689 3507 1845 3549 esse.
1927 3491 2027 3548 28.
2069 3489 2334 3550 Ducibus
2361 3490 2691 3570 injunctum

502 3594 615 3657 est,
645 3590 663 3617 ‘
691 3593 760 3644 ut
793 3584 1047 3658 interim,
1075 3584 1214 3644 dum
1243 3586 1302 3644 in
1332 3583 1692 3645 Macedonia
1738 3595 2121 3658 morarentur,
2153 3595 2388 3647 strenue
2425 3585 2690 3649 delectus

504 3691 783 3761 agerent3
827 3691 1198 3761 quantasque
1243 3682 1527 3741 maximas
1570 3691 1818 3762 possent
1859 3681 2119 3761 equitum
2169 3681 2554 3763 peditumque
2598 3703 2692 3744 co·

502 3777 652 3854 pias,
679 3798 812 3838 cum
842 3779 912 3838 iis
940 3768 1192 3859 quitum
1219 3779 1481 3851 abibant,
1506 3779 1613 3838 sub
1643 3778 1869 3838 initium
1886 3778 2036 3838 veris
2068 3778 2513 3841 adducerent.’'
2594 3784 2684 3839 29.

506 3872 927 3937 Animadverso
956 3887 1152 3937 autem
1179 3877 1500 3939 exercitum
1517 3875 1788 3936 Asiaticis
1808 3876 2067 3937 moribus
2096 3877 2276 3950 infici,
2295 3896 2682 3960 magnamque

570 4073 593 4098 ⁰
627 4066 779 4118 Diod.
801 4070 836 4120 1.
858 4070 895 4120 l.
1635 4084 1753 4123 ειν.
1774 4087 1824 4137 p.
1845 4077 1959 4124 657.

571 4150 597 4184 Ρ
630 4143 714 4194 Id.
736 4145 819 4196 l.l.
1706 4155 1724 4188 ²
1744 4153 1955 4204 Arrian.
1977 4167 2016 4203 1.
2040 4156 2121 4206 25.

569 4227 594 4261 ‘1
631 4218 833 4270 Arrian.
857 4222 891 4272 l.
910 4224 945 4272 1.
1699 4238 1721 4263 ¹¹
1754 4217 1963 4281 Ari-ian.
1986 4229 2077 4282 1.1.

571 4303 591 4332 ¹
623 4295 768 4348 Curt.
784 4309 868 4347 111.
887 4301 932 4349 7.
949 4302 997 4349 et.
1017 4298 1556 4353 ArrianL11.6.Strab.
1700 4313 1723 4340 v
1758 4305 1837 4356 Id.
1859 4306 1895 4358 1.
1920 4307 1958 4355 1.
