2978 4933
599 402 730 466 324
1010 420 1078 478 Q.
1126 416 1388 466 cunm
1441 416 1622 465 nusi
1679 418 1819 464 ms.
1869 418 1972 464 ιν.
2020 418 2181 467 οΑΡ.
2223 402 2334 469 13.

597 568 970 632 versatilem
1002 566 1254 650 posuit,
1302 573 1398 643 ut,
1445 567 1562 650 qui
1596 565 1811 629 ultimi
1840 568 2130 644 stabant,
2161 586 2242 630 ne
2273 568 2771 643 circumirentur,

595 673 758 735 verti
790 679 1008 734 tamen
1039 676 1104 733 et
1143 672 1210 733 in
1244 669 1528 732 frontem
1559 670 1919 751 circumagi
1963 679 2315 753 possent.‘
2399 670 2506 734 33.
2552 671 2773 755 ltaque

594 795 725 837 non
757 775 968 858 prima
997 794 1193 858 quam
1223 775 1452 850 latera,
1497 793 1633 835 non
1675 775 1892 836 latera
1939 775 2294 838 munitiora
2336 773 2543 850 fuere,
2589 793 2773 857 quam

597 877 797 959 terga.
889 877 1024 940 His
1061 877 1161 941 ita
1190 876 1542 952 ordinatiS,
1590 877 1924 959 praecipit,
1952 882 2107 954 .‘ut,
2154 878 2212 940 si
2243 878 2526 941 falcatos
2556 897 2773 941 currus

589 1000 745 1043 cum
772 980 1035 1044 fremitu
1066 979 1325 1042 barbari
1349 978 1742 1054 emitterent,
1770 977 1903 1059 ipsi
1932 979 2182 1043 laxatis
2205 979 2547 1042 ordinibus
2578 980 2774 1062 impe-

593 1090 728 1146 tum
774 1083 1248 1148 incurrentium
1303 1080 1573 1146 silentio
1621 1080 2078 1171 exciperent?
2124 1081 2303 1145 haud
2353 1081 2603 1146 dubius
2650 1084 2773 1146 sine

590 1204 772 1250 noxa
801 1185 1352 1278 transcursuros,⁶
1382 1186 1438 1247 si
1471 1203 1666 1247 nemo
1696 1203 1769 1247 se
1800 1192 2204 1267 opponeret:
2241 1184 2373 1248 ‘sin
2398 1191 2623 1249 autem
2644 1187 2773 1249 sine

591 1288 861 1358 fremitu
884 1289 1330 1365 immisissent,
1350 1306 1469 1350 eos
1499 1287 1635 1369 ipsi
1666 1287 1964 1351 clamore
1998 1294 2330 1365 terrerent,
2363 1288 2773 1371 pavidosque

591 1411 803 1474 equos
835 1391 992 1455 telis
1017 1393 1343 1474 utrimque
1376 1390 1827 1455 suffoderent-⁹
1911 1392 2019 1455 34.
2048 1390 2202 1470 Qui
2244 1391 2556 1455 cornibus
2608 1412 2771 1475 prae·

593 1501 803 1569 erant,
836 1498 857 1526 ‘
876 1494 1228 1590 extendere
1256 1514 1338 1558 ea
1357 1493 1374 1518 '
1396 1494 1597 1577 jussi,
1629 1499 1647 1527 ‘
1678 1495 1776 1558 ita
1805 1500 1881 1559 ut
1905 1514 2026 1558 nec
2059 1495 2708 1568 circumvenirentur,
2727 1496 2774 1557 si

591 1596 847 1662 arctius
911 1597 1208 1674 starent‚·'
1270 1617 1388 1662 nec
1445 1604 1668 1662 tamen
1729 1599 2014 1662 mediam
2070 1598 2284 1661 aciem
2331 1597 2774 1662 exinanirent?

585 1699 695 1764 35.
740 1698 1237 1783 Impedimenta
1262 1720 1411 1765 cum
1445 1702 1756 1784 captiviS,
1798 1704 1968 1766 inter
2012 1720 2183 1785 quos
2215 1709 2429 1766 mater
2457 1701 2771 1785 liberique

587 1803 779 1866 Darii
811 1804 1378 1879 custodiebantur,
1408 1805 1589 1868 haud
1620 1805 1860 1889 procul
1893 1805 2040 1868 acie
2088 1804 2152 1867 in
2192 1804 2375 1868 edito
2407 1804 2582 1868 colle
2626 1824 2771 1868 con-

583 1906 820 1983 stituit,
849 1906 1113 1970 modico
1143 1905 1462 1988 praesidio
1484 1908 1741 1970 relicto.
1831 1906 2109 1970 Laevum
2129 1925 2361 1980 cornu,
2386 1905 2563 1970 sicut
2585 1907 2769 1982 aliaS,

567 2007 1016 2072 'Parmenioni
1051 2007 1371 2072 tuendum
1403 2008 1670 2072 datum:
1726 2008 1875 2091 ipse
1898 2016 1924 2042 '¹
1964 2009 2031 2071 in
2080 2009 2315 2072 dextro
2344 2009 2613 2073 stabat.-
2674 2010 2769 2073 36.

586 2109 899 2174 Nondum
949 2111 1036 2173 ad
1095 2111 1206 2174 teli
1250 2112 1514 2195 jactum
1565 2120 2023 2196 pervenerant,
2085 2130 2237 2174 cum
2289 2111 2460 2175 Bion
2510 2112 2770 2194 quidam

584 2212 953 2296 transfuga,
984 2222 1227 2296 quanto
1254 2216 1551 2277 maximo
1580 2233 1775 2278 cursu
1802 2222 2130 2297 potuerat,
2163 2213 2246 2277 ad
2289 2234 2510 2294 regem
2548 2234 2767 2296 perve-

581 2317 705 2392 nit,
753 2316 1088 2392 nuntians,
1131 2323 1151 2349 ‘
1182 2318 1513 2404 murices&
1564 2317 1817 2386 ferreos
1858 2317 1926 2379 in
1969 2325 2205 2380 terram
2250 2316 2592 2380 defodisse
2638 2317 2767 2381 Da-

580 2419 775 2501 rium,
803 2437 941 2502 qua
983 2418 1235 2484 hostem
1272 2421 1534 2511 equites
1574 2422 1964 2485 emissurum
1998 2439 2152 2485 esse
2185 2420 2537 2484 credebat:
2586 2429 2765 2485 nota·

640 2614 669 2647 8
712 2606 884 2657 Versus
897 2607 1016 2659 aciei
1024 2612 1238 2670 frontem
1252 2613 1464 2662 converti
1480 2619 1684 2676 possent.

574 2711 578 2715 .
645 2669 672 2701 Ᾱ
705 2672 896 2736 Absque
935 2677 1105 2724 damno
1138 2677 1449 2727 Macedonum
1485 2680 1771 2728 truamur-0⁸
1804 2694 1917 2728 esse.

646 2743 663 2766 ⁸
695 2736 757 2785 Si
777 2738 976 2788 nimium
991 2743 1167 2803 pressis
1188 2745 1430 2793 ordinibus
1446 2744 1769 2794 consisterent.

1491 2870 1668 2890 000000
1674 2870 1848 2890 000000

576 2970 628 3014 et
649 2964 785 3013 Mer.
805 2971 853 3015 et
863 2966 1099 3030 frontem,
1121 2969 1308 3018 omisso
1329 2972 1397 3019 in.
1464 2972 1593 3020 Mox
1615 2973 1767 3021 Voss.
1791 2976 1841 3021 2.
1865 2972 2046 3020 minora
2071 2986 2164 3034 pro
2188 2973 2582 3023 munitione-83
2619 2976 2761 3025 Voss.

574 3032 622 3076 2.
650 3028 814 3078 Amst.
846 3036 903 3079 et
939 3031 1101 3095 Lugd.
1135 3035 1358 3097 pracepit
1392 3041 1464 3084 ut.
1533 3037 1679 3085 Voss.
1716 3039 1767 3085 2.
1804 3038 1995 3085 lassatis
2019 3036 2277 3087 ordinibus·
2346 3040 2591 3088 Nonnulli
2615 3038 2760 3089 codd.

573 3107 688 3167 cum
714 3093 831 3143 edd.
854 3102 985 3145 vett.
1008 3098 1350 3147 occurrentium
1371 3115 1388 3157 ,·
1413 3100 1645 3150 Florent.
1670 3101 1814 3149 Leid.
1842 3101 2005 3165 Bong.
2022 3103 2172 3150 Voss·
2206 3107 2250 3152 1.
2270 3106 2318 3152 2.
2338 3105 2505 3166 Lugd.
2527 3114 2579 3153 et
2596 3105 2757 3153 Amst.

569 3160 930 3223 sucurrentium,
950 3161 1087 3224 qnod
1114 3163 1315 3224 recepit
1337 3164 1787 3215 Schmieder.——84
1821 3166 1974 3217 Voss.
2003 3171 2049 3216 1.
2074 3176 2127 3215 et
2151 3167 2238 3216 alii
2258 3183 2271 3215 ε
2308 3175 2362 3217 nt
2382 3185 2443 3218 ne
2464 3170 2755 3218 circ-mureni-

569 3227 751 3273 rentur.
787 3225 1019 3275 Florent.
1043 3227 1190 3278 Leid.
1216 3229 1367 3278 Voss·
1391 3233 1437 3277 l.
1462 3234 1512 3279 2.
1535 3231 1706 3291 Bong.
1728 3230 1865 3279 Mer.
1888 3232 2010 3280 Bas.
2030 3237 2084 3280 et
2099 3232 2208 3281 Col.
2230 3240 2368 3283 nect.
2384 3235 2582 3284 mediam
2596 3235 2755 3281 aciem.

569 3291 699 3336 —35
735 3288 886 3339 Voss.
912 3296 961 3341 2.
987 3299 1042 3341 et
1066 3294 1179 3342 aliae
1206 3292 1325 3341 edd.
1362 3303 1486 3344 ante
1523 3295 1750 3344 Freinsh.
1783 3297 1911 3344 haud
1943 3313 1993 3359 p.
2029 3296 2087 3345 ab
2126 3299 2226 3347 acie
2240 3313 2259 3354 ,·
2295 3298 2438 3348 Pith.
2475 3301 2760 3347 adema-36

569 3352 798 3403 Floreat.
837 3356 981 3406 Leid.
1009 3366 1067 3406 et
1089 3358 1242 3407 Voss.
1272 3364 1315 3408 l.
1329 3359 1516 3419 jactum
1537 3361 1622 3410 teli
1638 3367 1915 3423 pervenerat
1931 3376 1951 3417 ,·
1986 3362 2137 3410 Voss.
2160 3367 2211 3412 2.
2233 3361 2423 3422 jactum
2441 3365 2522 3413 teli
2544 3377 2755 3412 convene-

566 3424 713 3476 rant,·
748 3420 964 3495 Tbeocr.
990 3424 1072 3472 teli
1082 3423 1267 3484 jactum
1283 3431 1560 3487 perventum
1581 3431 1700 3475 erat.
1752 3425 1873 3475 Ald.
1896 3441 2038 3488 quum
2075 3427 2184 3479 Bio.
2226 3427 2331 3476 Pro
2349 3433 2567 3490 potuerat
2588 3428 2750 3490 vuigg.

567 3493 688 3533 ante
714 3485 944 3535 Freinsh.
966 3494 1167 3550 poterat.
1235 3488 1341 3539 Pro
1373 3491 1574 3540 murices
1597 3491 1709 3540 Pal.
1736 3496 1781 3539 l.
1810 3491 2027 3541 inurices.
2093 3492 2262 3555 Bong.
2286 3492 2517 3543 Florent.
2542 3493 2672 3541 Voss.
2704 3497 2752 3540 1.

567 3551 616 3597 2.
655 3556 709 3599 et
749 3551 884 3599 Mer.
926 3557 1100 3602 terram
1139 3552 1401 3617 diffidisse.
1467 3556 1584 3605 Pal.
1628 3561 1677 3605 l.
1715 3562 1770 3605 et
1794 3556 1959 3619 Bong.
1981 3559 2027 3604 1.
2064 3571 2163 3606 esse
2185 3558 2469 3617 credebant,·
2504 3558 2750 3607 PHb-esse

1561 3688 1773 3739 No'rAE

627 3784 653 3809 '⁴
686 3780 817 3843 ῙΡΒε]
839 3781 1150 3832 Alexander.
1704 3786 1927 3837 chinulae
1951 3786 2137 3837 serreae
2162 3787 2612 3852 quadrangulares‚
2634 3787 2740 3850 plu-

627 3862 648 3894 !
681 3856 916 3922 Murices]
950 3860 1136 3909 Murex
1163 3860 1315 3924 piscis
1339 3877 1499 3925 genus
1539 3870 1621 3913 est
1704 3864 1845 3912 ribus
1869 3864 1917 3912 in
1942 3878 2144 3913 omnem
2165 3871 2365 3926 partem
2397 3865 2599 3928 spiculis
2627 3876 2739 3925 pro-

554 3931 853 4001 -acuminata
875 3936 1086 3996 concha,
1110 3937 1279 3999 cujuS,
1312 3946 1370 3987 ut
1411 3946 1464 3988 et
1498 3954 1618 4002 pur·
1700 3939 2036 4003 minentibus,
2053 3940 2129 3989 sic
2153 3948 2211 3989 ut
2234 3940 2346 3988 aliis
2371 3941 2421 3989 in
2451 3948 2628 3989 terram
2648 3937 2738 3985 de-

527 4037 531 4039 *
562 4020 725 4067 purae,
746 4022 925 4058 cruore
949 4012 1065 4059 lana
1098 4012 1232 4075 apud
1269 4021 1472 4063 veteres
1514 4018 1615 4064 tin·
1700 4015 1836 4077 fixis,
1879 4019 1978 4066 aiis
2013 4032 2211 4066 sursum
2254 4018 2485 4066 extantia
2515 4018 2732 4065 incauto-

562 4083 799 4159 gebatur.
872 4085 950 4135 Ab
974 4087 1117 4151 hujus
1142 4091 1396 4154 conchylii
1428 4090 1614 4153 forma,
1694 4100 1807 4142 'rum
1825 4094 1985 4157 pedes
2004 4092 2196 4157 figant:
2220 4093 2549 4157 quamobrem
2571 4091 2627 4140 ad
2643 4090 2731 4137 im·

562 4165 619 4205 ut
664 4159 861 4223 opinor,
900 4177 1063 4212 murex
1102 4178 1195 4227 pro
1239 4164 1420 4229 quovis
1456 4169 1470 4196 ‘
1495 4183 1614 4217 acu·
1700 4168 2006 4232 pediendum
2029 4171 2251 4219 maxime
2269 4170 2550 4234 equitatum
2569 4170 2725 4230 spargi

559 4232 723 4281 mine'
756 4243 952 4285 sumtus
976 4244 1070 4287 est.
1136 4239 1416 4303 speciatim·
1438 4250 1611 4292 tamen
1697 4247 1881 4297 solent.
1921 4246 2121 4297 Gailice
2154 4246 2372 4296 dicimus
2408 4250 2489 4298 des
2528 4247 2721 4295 chausse-

557 4310 758 4360 murices
779 4314 1105 4376 appellantur
1129 4316 1143 4343 ‘
1160 4317 1335 4367 tribuli
1351 4318 1364 4339 ’
1381 4321 1491 4370 sive
1507 4335 1609 4371 ma·
1691 4326 1862 4385 trapeS.
