2978 4933
836 413 953 463 οι..
1000 410 1191 461 cxu.
1238 396 1300 461 l.
1377 412 1448 459 A.
1501 413 1620 460 cn.
1668 411 1744 462 N.
1787 396 1936 461 332.
2351 397 2480 463 253

284 575 446 639 gens
475 555 736 619 literasq
783 555 1001 638 prima
1043 561 1163 620 aut
1193 554 1446 633 docuit,
1480 562 1596 620 aut
1639 555 1893 621 didicit.
1981 556 2092 621 20.
2136 555 2479 624 Coloniae‘

217 646 222 651 ’
282 666 463 724 certe
492 657 638 739 ejus
665 677 858 742 paene
889 660 1048 723 orbe
1067 665 1215 723 toto
1248 657 1514 724 diffusae
1545 666 1735 725 sunt:
1769 659 2102 741 Carthago
2130 660 2198 731 in
2222 658 2479 740 Africa,

279 763 352 825 in
415 761 692 827 Boeotia
731 761 1011 839 Thebae,
1070 760 1337 826 Gades⁸
1395 758 1484 825 ad
1541 759 1910 826 Oceanum.
1999 761 2220 827 Credo
2266 764 2479 829 libero

181 852 186 855 ⁴
280 868 733 928 commeantes
783 865 973 940 mari,
1022 864 1418 947 saepiusque
1463 861 1774 929 adeundo
1820 864 2056 929 ceteris
2099 866 2476 948 incognitas

277 972 511 1042 terras»,
556 965 840 1048 elegisse
872 965 1071 1030 sedes
1107 965 1455 1049 juventuti
1487 984 1626 1048 qua
1651 962 2311 1033 tunc‘abundabant:
2358 989 2479 1032 seu

278 1070 444 1153 quia
473 1069 718 1133 crebris
745 1071 1035 1134 motibus
1074 1075 1291 1148 terrae,
1322 1089 1478 1134 nam
1524 1068 1658 1133 hoc
1689 1089 1956 1154 quoque
2002 1071 2307 1149 traditur,
2339 1072 2479 1135 cul-

275 1178 459 1236 tores
506 1172 651 1256 ejus
703 1172 989 1255 fatigati,
1018 1192 1198 1237 nova
1241 1181 1309 1237 et
1354 1182 1637 1238 externa
1680 1173 2028 1240 domicilia
2054 1174 2273 1238 ‘armis
2318 1175 2480 1239 sibi-

275 1281 420 1338 met
472 1294 796 1357 quaerere.
826 1278 1253 1360 cogebantur.
1362 1277 1474 1342 21.
1542 1277 1779 1342 Multis
1827 1299 1983 1361 ergo
2046 1279 2318 1343 casibus
2369 1278 2481 1344 de-

276 1377 540 1457 functa,
570 1383 639 1442 et
667 1386 823 1462 post
851 1379 1231 1444 excidium²
1271 1385 1551 1460 renata,⁰
1578 1399 1755 1446 nunc
1786 1387 2006 1446 tamen
2024 1388 2051 1415 ¹¹
2082 1381 2276 1464 longa
2305 1401 2475 1464 pace

289 1536 294 1541 Ι
341 1567 366 1592 ⁰
398 1560 589 1611 Multas
606 1564 761 1613 clades
776 1579 936 1628 passo,
957 1570 1006 1614 et
1022 1569 1127 1629 post
1144 1564 1429 1615 eversionem
1445 1565 1737 1618 instaurato.

1205 1710 1231 1730 0
1236 1709 1293 1729 ‘O
1297 1707 1381 1729 060
1387 1706 1501 1729 θ’θ’
1506 1710 1563 1730 O&

277 1811 345 1857 20
382 1807 520 1856 Dan.
551 1808 750 1858 Boetia.
796 1810 931 1861 Dan.
955 1811 1071 1861 Pal.
1098 1815 1145 1862 1.
1169 1812 1335 1872 Bong.
1356 1812 1588 1863 Florent.
1614 1813 1759 1865 Leid.
1785 1824 1839 1864 et
1857 1811 2005 1863 Voss.
2032 1817 2078 1864 1.
2119 1813 2304 1872 (Μαίη
2333 1813 2477 1863 Voss.

275 1877 329 1922 2.
372 1872 577 1922 Glaadis.
645 1875 763 1924 Pal.
785 1880 831 1923 1.
861 1879 994 1925 sedes
1012 1876 1264 1937 juventute
1285 1883 1332 1927 et
1353 1893 1445 1940 qua
1470 1884 1581 1927 tunc
1602 1880 1903 1938 abundabat,·
1936 1879 2083 1928 Leid.
2103 1887 2159 1928 et
2180 1879 2333 1928 Voss.
2360 1883 2406 1927 l.
2428 1884 2476 1928 2.

275 1953 318 1987 s.
342 1936 596 1998 juventute
614 1955 704 2002 qua
725 1945 836 1989 tunc
855 1942 1123 1990 abundabat
1142 1943 1273 1999 sive:
1297 1944 1435 1992 Dan.
1459 1958 1502 1992 s.
1513 1942 1759 2003 jicventuti
1777 1960 1870 2007 qua
1887 1949 1998 1994 tune
2017 1944 2305 1994 abundabat.
2343 1944 2476 1992 Mer.

279 2010 338 2053 et
362 2003 583 2052 Venett.
617 2010 667 2053 et
687 2011 865 2056 ceterum
885 2007 1269 2057 &miciliae-21
1311 2008 1423 2057 Pal.
1447 2012 1492 2058 1.
1515 2010 1738 2059 omittit:
1773 2023 1897 2057 nune
1927 2015 1964 2059 t.
1999 2010 2033 2059 1.
2062 2025 2114 2072 p.
2149 2023 2191 2058 e.
2223 2007 2479 2068 refovente.

277 2067 513 2118 Sebisius
536 2076 590 2118 et
613 2070 860 2135 Bongars.
885 2087 976 2136 pro
1000 2078 1158 2122 tomen
1178 2072 1318 2137 conj.
1341 2075 1563 2132 tandem‚·
1598 2074 1932 2129 Heumannus
1952 2080 2068 2124 tant.
2134 2076 2240 2125 Pro
2269 2087 2480 2122 masue-

1285 2202 1502 2255 NOTAE

348 2306 375 2340 ‘1
394 2298 609 2362 Literos]
635 2299 826 2349 Multos
848 2300 1044 2351 habent
1065 2300 1345 2351 assentien-

281 2382 366 2424 tes
404 2375 637 2436 Curtius,
670 2374 1033 2428 dissentientes
1065 2378 1344 2441 plurimos:

280 2426 400 2517 aliis
421 2452 613 2516 Moysi,
631 2453 742 2503 aliis
759 2453 1072 2519 Abraliamo,
1088 2455 1201 2505 aliis
1217 2457 1261 2508 N
1267 2455 1347 2521 03,

281 2531 402 2581 'aliis
426 2531 624 2581 Cadmo
658 2532 929 2582 literarum
964 2534 1227 2584 inventum
1253 2536 1346 2586 tri-

282 2606 585 2657 buentibus.
656 2610 770 2659 Nec
804 2610 968 2659 nostri
1005 2610 1228 2660 instituti
1250 2619 1348 2674 est,

280 2685 477 2747 integri
516 2686 783 2736 voluminis
816 2686 1235 2737 dissertationem
1267 2702 1349 2736 or-

282 2761 407 2811 diri.
477 2762 609 2812 Haee
633 2762 687 2811 in
709 2762 999 2813 universum
1023 2762 1125 2812 dici
1150 2763 1351 2827 possint

285 2837 623 2888 conciliandis
662 2840 1000 2905 scriptoribus
1021 2856 1037 2901 3
1089 2855 1228 2904 saepe
1272 2839 1349 2889 in·

285 2922 535 2966 ventures
559 2916 684 2980 dici,
706 2918 789 2982 qui
803 2918 913 2981 jam
936 2919 1168 2969 inventas
1190 2919 1349 2971 inter.-

287 2994 536 3058 polarint‚
571 2995 650 3043 vel
676 2996 762 3059 qui
797 2996 947 3059 primi
972 2997 1139 3061 aliquo
1164 2996 1350 3045 intule-

285 3071 394 3120 rint
417 3086 430 3118 ε
482 3070 619 3119 aliud
660 3072 898 3122 extitisse
940 3073 1350 3138 hieroglyphica-

289 3164 423 3210 rum,
443 3162 567 3213 quas
602 3156 811 3212 vocant,
853 3149 1116 3200 literarum
1158 3165 1350 3215 genus;

292 3225 430 3275 aliud
457 3239 634 3274 earum
656 3241 772 3290 qnae
806 3226 1149 3289 alphabeticae
1172 3228 1351 3291 appel·

291 3304 497 3363 lantur3
522 3303 646 3352 alios
668 3303 883 3353 aliarum
903 3302 1066 3353 fnisse
1086 3311 1349 3355 auctores:

295 3380 517 3445 denique
552 3381 718 3431 varias
752 3382 1000 3447 cujusque
1024 3384 1227 3447 generis
1250 3382 1352 3433 for·

293 3472 402 3506 mas
429 3458 583 3507 variis
602 3456 762 3509 fuisse
787 3459 1103 3524 temporibus
1127 3460 1354 3525 locisque

295 3534 647 3598 excogitatas:
672 3537 797 3586 nihil
815 3543 873 3586 ut
896 3538 1079 3587 mirum
1100 3538 1166 3588 sit
1183 3537 1354 3588 diver-

296 3617 639 3676 sos-auctores
658 3612 825 3675 prodi.
891 3613 1052 3662 Plura
1074 3614 1355 3678 quivolue·

296 3688 621 3747 rit,consulat
636 3689 961 3746 Vossiurmde
976 3689 1108 3740 Arte
1127 3690 1356 3741 Gramm.

297 3763 385 3814 lib.
411 3778 449 3814 ι.
481 3764 765 3814 Hermann.
804 3766 1097 3830 Hugonem,
1121 3766 1355 3816 Nierem-

303 3839 533 3904 bergium
570 3841 635 3891 de
670 3842 816 3906 Orig.
848 3843 966 3893 Sac.
996 3844 1165 3907 Scrip.
1187 3842 1355 3893 Guro-

302 3917 441 3981 pium
468 3919 750 3982 Becannm,
771 3922 871 3969 ἃς.
1141 3935 1145 3942 ·

366 4002 386 4027 ¹
417 3996 652 4060 Coloniae]
690 3997 797 4046 Hic
826 3996 1117 4061 praecipuas
1155 4001 1366 4066 tantum·

305 4081 558 4135 numerat,
573 4074 773 4122 omissis
790 4073 919 4136 aliis,
935 4074 1073 4122 inter
1086 4088 1211 4138 quas
1227 4074 1359 4137 Lep-

309 4148 372 4196 tis
411 4157 465 4197 et
506 4148 668 4212 Utica
708 4165 737 4199 a
783 4150 949 4199 Plinio
988 4157 1357 4212 memorantur,

309 4222 481 4288 Hippo
505 4232 557 4274 et
580 4225 919 4276 Adi-unietum
944 4242 975 4275 a
994 4228 1268 4277 Sallustio:
1294 4227 1359 4277 ab

314 4302 419 4352 aliis
450 4304 606 4353 etiam
649 4304 810 4366 Tyros
845 4303 896 4353 in
937 4304 1207 4353 Sarmatia.
1274 4305 1360 4353 De

1426 2302 1619 2353 Thebis
1643 2310 1697 2353 et
1727 2303 1933 2354 Boeotia
1972 2303 2184 2353 consule
2219 2303 2485 2367 supplem.

1428 2379 1515 2429 lib.
1536 2394 1575 2428 1.
1592 2394 1708 2444 cap.
1727 2384 1808 2430 13.
1844 2379 2101 2444 Carthago
2118 2394 2292 2445 supra,
2307 2395 2420 2444 cap.
2438 2385 2486 2430 2.

1492 2466 1510 2492 ¹
1549 2458 1734 2523 Gades]
1787 2457 1961 2509 Gades
1999 2458 2165 2509 insula
2204 2474 2320 2509 cum
2357 2458 2485 2508 urbe

1428 2536 1732 2599 cognomine
1765 2543 2000 2586 extremo
2034 2536 2301 2600 Hispaniae
2324 2536 2490 2585 littori

1429 2611 1697 2675 adjacens,
1728 2617 1882 2660 extra
1915 2610 2081 2660 Maris
2113 2611 2486 2660 Mediterranei

1429 2688 1638 2748 ostium,
1658 2686 1794 2750 quod
1814 2686 1878 2735 ab
1892 2701 1954 2734 ea
1968 2685 2275 2735 Gaditanum
2296 2684 2484 2734 fretum
2506 2745 2517 2756 .

1432 2762 1742 2827 appellatur.
1820 2761 2140 2811 Hodiernum
2180 2775 2366 2809 nomen
2405 2767 2486 2810 est

1433 2840 1601 2901 codic,
1633 2840 1715 2888 vel
1759 2839 1911 2902 eatis,
1945 2836 2139 2886 factum
2179 2852 2244 2886 ex
2277 2837 2486 2902 antiquo

1431 2918 1447 2944 ‘
1465 2916 1644 2967 Gades
1657 2916 1690 2978 ;’
1716 2918 1811 2965 hoc
1834 2930 1898 2964 ex
1925 2915 2123 2964 Punico
2148 2914 2325 2977 Gadir,
2351 2915 2485 2978 quod

1433 2994 1448 3022 ‘
1464 3003 1670 3058 septum
1685 2993 1699 3015 '
1717 2992 2002 3056 significat3
2025 2991 2149 3040 urbs
2165 2990 2345 3041 antea‘
2359 2992 2488 3041 Tar·

1433 3077 1628 3122 tessun)
1643 3071 1659 3094 ’
1682 3071 1840 3121 dicta.

1496 3150 1513 3181 ῑ
1547 3150 1667 3198 Post
1701 3146 1960 3210 excidium]
2013 3148 2346 3210 Expugnata‚
2387 3160 2488 3196 non

1433 3225 1609 3276 diruta
1634 3233 1714 3275 est
1737 3225 1802 3273 ab
1825 3223 2147 3284 Alexandr03
2180 3222 2270 3271 sed
2307 3223 2489 3273 incolis

1435 3311 1593 3368 atque
1611 3303 1825 3365 exteris,
1845 3303 1933 3367 qui
1954 3300 2083 3352 caedi
2106 3297 2494 3363 superfuerant,

1436 3380 1501 3430 ad
1526 3381 1774 3431 tredecim
1791 3379 1953 3429 millia
1968 3377 2267 3434 divenditis,
2288 3376 2490 3441 (Arria-

1434 3473 1530 3508 nus
1549 3457 1764 3523 triginta
1781 3454 2062 3519 numerat,)
2084 3456 2098 3483 ‘
2114 3468 2272 3517 genus
2290 3461 2492 3503 tantum

1436 3535 1696 3586 Stratonis
1717 3533 2015 3584 inviolatum
2038 3529 2300 3593 servavit,'
2323 3530 2491 3595 inquit

1434 3612 1693 3672 Justinus,
1724 3616 2065 3672 ‘regnumque
2098 3606 2249 3670 stirpi
2279 3604 2388 3670 eju's
2411 3622 2488 3661 re-

1436 3689 1644 3749 stituit3
1680 3685 1916 3751 ingenuis
1959 3691 2013 3733 et
2047 3684 2265 3734 innoxiis
2312 3684 2492 3733 incolis

1437 3766 1621 3816 insulae
1652 3762 1933 3824 attributis,
1954 3770 2012 3811 ut
2034 3760 2295 3824 extirpato
2319 3763 2494 3811 servili

1434 3843 1663 3907 germine
1699 3852 1860 3903 genus
1881 3837 2023 3887 urbis
2045 3851 2111 3886 ex
2146 3837 2344 3900 integro
2375 3853 2493 3887 con-

1436 3918 1664 3968 deretur.
1701 3916 1818 3965 Hoc
1833 3914 1993 3979 igitur
2007 3914 2157 3964 modo
2170 3913 2328 3979 Tyrii,
2338 3914 2496 3965 Alex·

1430 3994 1590 4044 andri
1613 3992 1851 4055 auspiciis
1875 3991 2088 4052 conditi,
2111 3991 2416 4055 parsimonia
2438 4000 2495 4042 et

1438 4070 1615 4121 labore
1639 4067 1904 4133 quaerendi
1927 4068 2033 4117 cito
2058 4068 2470 4117 convaluerunt.’

1506 4155 1528 4179 ¹²
1564 4146 1706 4194 Nunc
1737 4144 1917 4207 tamen]
1954 4145 1967 4172 ‘
1997 4144 2112 4193 Non
2138 4144 2299 4192 solum
2336 4159 2365 4191 a
2390 4144 2493 4192 Re·

1440 4223 1584 4288 gibus
1594 4221 1794 4285 Syriae‚'
1809 4220 2190 4286 inquitStrabO,
2204 4222 2219 4247 ‘
2231 4220 2319 4269 sed
2338 4222 2492 4269 etiam

1441 4316 1473 4351 a
1496 4301 1740 4351 Romanis
1762 4299 2003 4350 libertate
2027 4298 2202 4347 donati
2225 4302 2369 4360 sunt,
2392 4311 2495 4345 mo·
