2978 4933
475 410 481 415 .
513 354 602 422 98
1305 368 1374 418 J·
1423 368 1935 421 rnssmsmmn

515 513 875 602 prodiderat,
897 513 959 574 iu
986 512 1132 595 fuga
1158 511 1421 596 adjuvit:
1469 514 1648 577 armis
1671 514 1833 578 haud
1865 535 2010 578 sane
2032 517 2256 580 orierati
2286 535 2391 598 per
2415 526 2558 581 nota
2577 518 2707 583 loca

514 616 690 677 facile
717 613 932 693 dilapsi
960 622 1145 674 sunt:
1181 612 1272 683 ia
1296 613 1649 676 desideratis
1676 635 1751 677 ex
1777 615 1938 677 omni
1967 635 2211 678 numero
2236 615 2395 677 mille
2422 618 2708 698 quingen·

513 712 612 787 tis,
642 722 869 773 ceteros
911 709 1057 790 fuga
1094 709 1375 773 abstulit:
1415 710 1728 776 mulierum
1772 733 2204 795 puerorumque
2244 714 2473 795 ing-enti
2512 716 2707 786 multi-

512 811 738 885 tudine,
764 807 1086 890 praedaque
1131 828 1239 889 pro
1275 808 1539 871 locorum
1585 810 1928 875 conditione
1970 812 2119 874 satis
2148 813 2363 894 ampla,
2393 814 2574 874 victor
2600 833 2708 894 po-

510 910 657 971 titus
686 917 797 970 est.
879 909 980 967 23.
1024 906 1123 967 Sic
1147 916 1358 990 aperto
1381 908 1600 970 montis
1630 910 1786 970 AEmi
1815 911 2090 984 transitu,
2116 912 2177 971 in
2218 909 2495 973 interiora
2522 911 2705 972 Thra-
2722 986 2737 989 Δ

509 1009 622 1071 cioe
650 1014 1016 1088 penetratum
1045 1014 1184 1066 esta
1268 1004 1462 1067 Lucus
1481 1007 1656 1069 estin
1682 1006 1753 1068 iis
1780 1006 2079 1089 gentibus,
2101 1027 2278 1090 quem
2296 1007 2512 1079 ‚Libero
2545 1007 2705 1070 Patri

508 1107 771 1168 dicatum
787 1103 983 1185 prisca
996 1101 1280 1183 religione
1297 1104 1539 1167 colunt:
1582 1109 1683 1167 24.
1712 1106 1944 1169 ibicum
1960 1106 2300 1169 Alexander
2313 1107 2568 1167 barbaro
2592 1106 2705 1168 ritu

508 1205 872 1276 sacrificans,
896 1199 1099 1261 vinum
1129 1200 1247 1262 aris
1275 1199 1640 1276 infunderet,
1669 1213 1837 1264 tanta
1860 1203 2121 1265 flammae
2144 1203 2235 1266 vis
2262 1204 2472 1285 πυρὴ,
2514 1214 2585 1264 ut
2611 1225 2706 1265 su·

501 1314 713 1387 perato
760 1301 909 1362 aedis
961 1299 1267 1372 culmine,t
1315 1301 1380 1361 in
1437 1303 1651 1363 coelum
1705 1303 1956 1364 emicare
1998 1302 2338 1364 videretur:
2403 1308 2420 1337 ‘
2459 1300 2703 1362 eosdem

506 1401 715 1482 gloriae
758 1401 909 1461 fines
956 1400 1082 1481 regi
1126 1396 1411 1471 ostendi,’
1466 1418 1676 1460 omnes
1720 1398 2047 1463 credidere.
2130 1403 2234 1462 25.
2276 1399 2414 1460 Alia
2453 1396 2706 1459 subinde

501 1518 600 1559 res
630 1497 902 1558 nuntiata
937 1496 1145 1578 prioris
1186 1495 1443 1577 prodigii
1487 1495 1668 1557 fidem
1697 1497 2029 1560 affirmavit.
2114 1498 2182 1558 In
2223 1496 2576 1568 Thracibus,
2602 1495 2705 1576 qui

499 1605 526 1635 ¹
555 1594 839 1677 Odrysae'
863 1594 1259 1675 appellantur,
1287 1592 1596 1685 J-ibethrus
1650 1614 1819 1656 mons
1860 1606 1923 1657 et
1946 1595 2154 1658 civitas
2199 1607 2312 1670 est,
2343 1594 2567 1675 Orphei
2594 1612 2706 1669 na-

502 1694 722 1755 talibus
772 1693 1029 1774 inclyta:
1092 1697 1112 1728 ‘
1139 1692 1267 1773 ejus
1317 1711 1548 1753 sacram
1597 1693 1853 1776 effigiem
1902 1714 1981 1755 ex
2020 1714 2310 1776 cupresso
2352 1692 2706 1754 ‘fabricatam

501 1793 688 1853 multo
715 1790 931 1853 sudore
957 1789 1310 1864 manasse,’⁸
1327 1789 1439 1870 qui
1466 1789 1752 1866 viderant,
1777 1790 1856 1853 ad
1883 1810 2083 1872 regem
2104 1790 2374 1852 retulere.
2428 1838 2433 1843 .
2455 1792 2559 1850 26.
2606 1790 2702 1850 De

499 1890 985 1973 interpretatione
1026 1887 1271 1949 solicitis
1299 1886 1648 1948 Aristander
1683 1887 1903 1949 exemit
1943 1899 2186 1962 metum,
2227 1896 2246 1925 ‘
2276 1887 2355 1948 ad
2392 1905 2490 1948 res
2518 1887 2706 1948 Alex-

506 1988 675 2052 andri
712 1986 1005 2069 pertinere
1022 1985 1041 2013 '
1067 2003 1436 2059 asseverans,
1482 1990 1502 2020 ‘
1531 1985 1746 2066 quibus
1785 1984 2178 2047 decantandis
2227 1984 2451 2046 alumni
2475 1984 2705 2066 filiique

508 2088 821 2153 Musarum
862 2083 1113 2145 multu-m
1160 2082 1510 2146 desudaturi
1555 2082 1797 2146 essent!
1878 2085 1979 2145 27.
2021 2083 2265 2144 Triballi
2291 2081 2490 2143 valida
2535 2085 2706 2144 natio

501 2196 666 2246 trans
694 2192 957 2244 montem
983 2183 1221 2243 AEmum
1248 2184 1494 2244 colunt:
1532 2181 1597 2241 in
1627 2201 1731 2241 eos
1758 2200 1894 2242 oum
1914 2180 2308 2262 descenderet
2333 2179 2702 2256 Alexander,

502 2302 609 2343 rex
640 2279 834 2360 gentis
875 2280 1122 2358 Syrmus
1168 2279 1230 2338 in
1274 2279 1511 2340 Peucen
1561 2277 1696 2338 Istri
1744 2277 1999 2338 insulam
2044 2277 2705 2358 confugeran‘expedi-

498 2380 663 2439 tione
707 2375 1059 2436 Macedonis
1097 2376 1288 2435 multo
1331 2384 1472 2434 ante
1512 2383 1855 2454 comperta;
1900 2393 2084 2455 seque
2121 2384 2182 2436 et
2205 2374 2490 2456 quicquid
2516 2385 2704 2439 aetate

499 2475 597 2538 vel
625 2494 772 2536 sexu
792 2472 1117 2533 invalidum
1154 2484 1301 2546 erat,
1330 2470 1562 2551 objecto
1585 2470 1782 2531 amnis
1810 2472 2175 2534 munimento
2212 2475 2508 2550 tuebatur.
2589 2478 2701 2536 28.

495 2574 735 2655 Quippe
758 2571 1101 2634 Alexandro
1141 2589 1349 2653 paucae
1378 2589 1563 2632 naves
1590 2579 1796 2639 erantz
1838 2569 1985 2631 etin
2028 2590 2244 2651 aspera
2278 2580 2702 2653 praeruptaque

495 2673 628 2753 ripa
669 2671 948 2744 difficilis,
977 2668 1308 2744 exscensio,
1353 2670 1428 2730 ab
1474 2668 1647 2731 hoste
1689 2668 1919 2730 intento
1958 2668 2278 2750 validoque
2320 2668 2484 2730 haud
2530 2688 2702 2751 segre

495 2769 948 2851 impediebatur.
1029 2770 1130 2829 29.
1172 2770 1268 2830 Ita
1309 2767 1678 2830 Macedones
1724 2786 1787 2829 re
1825 2767 2047 2829 infecta
2086 2766 2513 2841 discesserunt,
2544 2786 2699 2828 con-

497 2868 649 2938 tenti
676 2867 845 2927 illata
861 2866 1073 2946 paucis
1100 2875 1242 2928 ante
1268 2865 1478 2927 diebus
1526 2865 1740 2934 clade:
1784 2884 1922 2926 nam
1962 2864 2302 2945 priusquam
2347 2883 2421 2925 eo
2448 2884 2699 2944 proces,-

496 2966 736 3039 sissent,
785 2964 968 3025 alium
1018 2963 1410 3024 Triballorum
1466 2963 1790 3030 exercitum
1844 2962 2060 3038 adorti,
2109 2962 2206 3024 vix
2252 2961 2698 3043 quinquaginta

487 3082 731 3125 suorum
747 3060 1011 3136 amissis,
1034 3061 1150 3122 tria
1173 3059 1477 3123 hominum
1502 3061 1692 3122 millia
1713 3059 2081 3123 occiderant.

572 3161 714 3221 ΧΗ.
789 3162 845 3221 1.
883 3160 1094 3241 Syr-mo
1120 3178 1260 3239 rege
1286 3159 1683 3241 nequicquam
1711 3167 2077 3240 oppugnato‚
2095 3156 2155 3218 in
2184 3156 2374 3217 Getas
2391 3160 2695 3221 convertit

486 3257 793 3339 impetum,
821 3255 923 3337 qui
959 3255 1017 3317 in
1061 3256 1338 3318 ulteriore
1361 3256 1492 3338 ripa
1533 3266 1787 3339 quatuor
1831 3256 2118 3336 equitum,
2162 3254 2373 3315 decem
2411 3253 2690 3334 peditum

486 3355 671 3415 millia
694 3356 1116 3428 instruxerant.
1196 3356 1256 3414 2.
1292 3352 1363 3416 Id
1390 3355 1717 3434 periculum
1742 3373 1869 3414 :non
1899 3363 2019 3414 tam
2045 3372 2120 3414 ex
2145 3371 2258 3412 usu
2281 3351 2424 3411 belli
2446 3356 2691 3416 sumsit·

479 3465 665 3533 quam
685 3450 961 3531 cupidine
1003 3452 1217 3521 famoe;
1258 3459 1328 3512 ut
1353 3460 1370 3486 ‘
1389 3451 1711 3512 maximum
1733 3451 1989 3531 Europae
2013 3451 2282 3523 flumen?
2302 3448 2688 3512 defendenti·

481 3551 593 3611 bus
635 3548 1014 3616 ferocissimis
1060 3548 1355 3629 gentibus,
1380 3548 1757 3611 transivisse'
1793 3548 2032 3629 gloriari
2076 3558 2303 3628 posset.
2388 3551 2445 3608 3.
2491 3549 2687 3629 Igitur

479 3648 798 3730 equitibuS,
826 3655 1121 3727 quotquot
1138 3665 1355 3727 capere
1379 3645 1620 3727 navigia
1652 3656 1948 3728 poterant,
1975 3645 2286 3726 impositis,
2311 3645 2683 3725 pedestrium

368 3747 376 3758 '
477 3748 785 3826 copiarum
826 3756 1055 3828 partem
1094 3745 1391 3820 liunibure,
1431 3765 1688 3825 ¹quorum
1730 3745 1812 3806 ibi
1853 3760 2074 3824 magna
2111 3751 2239 3804 erat
2280 3742 2475 3822 copia,
2525 3744 2680 3807 alios

477 3843 704 3903 utribus
726 3836 1103 3905 transduxit.
1164 3846 1227 3906 4.
1256 3844 1585 3927 Improvisa
1605 3842 2006 3914 Macedonum
2022 3840 2409 3922 impressione
2430 3841 2680 3923 (quippe

479 3939 943 4002 transmittentes
984 3960 1126 4013 nox,
1170 3952 1237 4004 et
1277 3944 1343 4003 in
1381 3942 1534 4025 ripa,
1580 3959 1759 4023 quam
1803 3940 2112 4023 petebant,
2158 3937 2352 4000 densa
2396 3938 2679 4001 frumenti

542 4136 569 4171 (Ι
601 4128 838 4181 Macrob.
856 4132 1069 4186 Saturn.
1092 4150 1132 4187 ι.
1153 4140 1231 4187 18.
1677 4138 1696 4172 8
1723 4135 1933 4187 Arrian.
1954 4148 1995 4185 1.
2018 4138 2066 4186 2.
2087 4132 2264 4187 Strab.
2285 4146 2388 4186 vu.
2411 4147 2463 4200 p.
2485 4136 2602 4183 θυι.

541 4214 565 4242 ¹·
594 4207 810 4259 Sueten.
834 4209 1024 4263 octav.
1043 4228 1092 4266 c.
1110 4217 1194 4265 9⁴.
1435 4277 1436 4280 Ἰ
1677 4223 1702 4249 ⁸
1731 4211 1938 4265 Arrian.
1961 4225 1998 4265 1.
2021 4218 2072 4263 4.
2490 4233 2495 4238 ’

541 4292 561 4319 ·
594 4283 739 4337 Plut.
762 4282 911 4339 Alex.
930 4303 983 4353 p.
1002 4293 1116 4340 671.
1134 4288 1342 4343 Arrian.
1362 4305 1400 4345 1.
1418 4281 1501 4343 1'1.
1616 4297 1639 4310 ⁵
