<?xml version="1.0" encoding="UTF-8"?>
<!DOCTYPE html PUBLIC "-//W3C//DTD XHTML 1.0 Transitional//EN"
    "http://www.w3.org/TR/xhtml1/DTD/xhtml1-transitional.dtd">
<html xmlns="http://www.w3.org/1999/xhtml" xml:lang="en" lang="en">
 <head>
  <title>
</title>
<meta http-equiv="Content-Type" content="text/html;charset=utf-8" />
  <meta name='ocr-system' content='tesseract 3.04.00' />
  <meta name='ocr-capabilities' content='ocr_page ocr_carea ocr_par ocr_line ocrx_word'/>
</head>
<body>
  <div class='ocr_page' id='page_1' title='image "./quinticurtiiruf03rufugoog_0255.png"; bbox 0 0 2978 4933; ppageno 0'>
   <div class='ocr_carea' id='block_1_1' title="bbox 850 405 2474 476">
    <p class='ocr_par' dir='ltr' id='par_1_1' title="bbox 850 405 2474 476">
     <span class='ocr_line' id='line_1_1' title="bbox 850 405 2474 476; baseline -0.002 -3"><span class='ocrx_word' id='word_1_1' title='bbox 850 427 968 476; x_wconf 77' lang='grc' dir='ltr'>οι..</span> <span class='ocrx_word' id='word_1_2' title='bbox 1016 426 1172 474; x_wconf 75' lang='lat' dir='ltr'>cxx.</span> <span class='ocrx_word' id='word_1_3' title='bbox 1217 409 1282 472; x_wconf 88' lang='grc'>4.</span> <span class='ocrx_word' id='word_1_4' title='bbox 1358 426 1429 475; x_wconf 81' lang='lat' dir='ltr'>A.</span> <span class='ocrx_word' id='word_1_5' title='bbox 1482 424 1603 473; x_wconf 78' lang='lat' dir='ltr'>cn.</span> <span class='ocrx_word' id='word_1_6' title='bbox 1653 426 1720 472; x_wconf 79' lang='lat' dir='ltr'>N.</span> <span class='ocrx_word' id='word_1_7' title='bbox 1765 405 1913 473; x_wconf 82' lang='lat'>333.</span> <span class='ocrx_word' id='word_1_8' title='bbox 2018 407 2033 420; x_wconf 78' lang='lat'><strong>‘</strong></span> <span class='ocrx_word' id='word_1_9' title='bbox 2345 405 2474 470; x_wconf 77' lang='lat'>217</span> 
     </span>
    </p>
   </div>
   <div class='ocr_carea' id='block_1_2' title="bbox 266 565 2477 1383">
    <p class='ocr_par' dir='ltr' id='par_1_2' title="bbox 266 565 2477 1383">
     <span class='ocr_line' id='line_1_2' title="bbox 271 565 2474 652; baseline -0.001 -20"><span class='ocrx_word' id='word_1_10' title='bbox 271 569 486 633; x_wconf 84' lang='lat' dir='ltr'>millia</span> <span class='ocrx_word' id='word_1_11' title='bbox 531 567 867 633; x_wconf 86' lang='lat' dir='ltr'>hominum</span> <span class='ocrx_word' id='word_1_12' title='bbox 915 588 1071 633; x_wconf 90' lang='lat' dir='ltr'>cum</span> <span class='ocrx_word' id='word_1_13' title='bbox 1124 573 1382 652; x_wconf 81' lang='lat' dir='ltr'><strong>septem</strong></span> <span class='ocrx_word' id='word_1_14' title='bbox 1425 567 1716 632; x_wconf 89' lang='lat' dir='ltr'>millibus</span> <span class='ocrx_word' id='word_1_15' title='bbox 1754 567 2231 652; x_wconf 86' lang='lat' dir='ltr'>jumentorum,</span> <span class='ocrx_word' id='word_1_16' title='bbox 2276 565 2474 631; x_wconf 86' lang='lat' dir='ltr'>dorso</span> 
     </span>
     <span class='ocr_line' id='line_1_3' title="bbox 267 668 2472 754; baseline -0.001 -19"><span class='ocrx_word' id='word_1_17' title='bbox 267 691 471 736; x_wconf 84' lang='lat' dir='ltr'>onera</span> <span class='ocrx_word' id='word_1_18' title='bbox 513 671 943 754; x_wconf 83' lang='lat' dir='ltr'>portantium,</span> <span class='ocrx_word' id='word_1_19' title='bbox 1003 678 1203 754; x_wconf 83' lang='lat' dir='ltr'>capta</span> <span class='ocrx_word' id='word_1_20' title='bbox 1256 676 1433 734; x_wconf 90' lang='lat' dir='ltr'>sunt.</span> <span class='ocrx_word' id='word_1_21' title='bbox 1520 670 1626 734; x_wconf 87' lang='lat'>17.</span> <span class='ocrx_word' id='word_1_22' title='bbox 1671 668 1976 734; x_wconf 87' lang='lat' dir='ltr'>Ceterum</span> <span class='ocrx_word' id='word_1_23' title='bbox 2031 669 2211 732; x_wconf 78' lang='lat' dir='ltr'>Diim</span> <span class='ocrx_word' id='word_1_24' title='bbox 2264 675 2472 733; x_wconf 85' lang='lat' dir='ltr'>tantae</span> 
     </span>
     <span class='ocr_line' id='line_1_4' title="bbox 266 771 2475 857; baseline -0.002 -19"><span class='ocrx_word' id='word_1_25' title='bbox 266 772 554 838; x_wconf 86' lang='lat' dir='ltr'>fortunae</span> <span class='ocrx_word' id='word_1_26' title='bbox 586 772 988 855; x_wconf 84' lang='lat' dir='ltr'>proditorem</span> <span class='ocrx_word' id='word_1_27' title='bbox 1041 771 1461 857; x_wconf 73' lang='lat' dir='ltr'>[sepulturae]</span> <span class='ocrx_word' id='word_1_28' title='bbox 1501 771 1799 837; x_wconf 83' lang='lat' dir='ltr'>celeriter</span> <span class='ocrx_word' id='word_1_29' title='bbox 1839 771 2067 836; x_wconf 84' lang='lat' dir='ltr'>debita</span> <span class='ocrx_word' id='word_1_30' title='bbox 2095 789 2299 854; x_wconf 83' lang='lat' dir='ltr'>poena</span> <span class='ocrx_word' id='word_1_31' title='bbox 2328 792 2475 854; x_wconf 91' lang='lat' dir='ltr'>per-</span> 
     </span>
     <span class='ocr_line' id='line_1_5' title="bbox 270 870 2477 960; baseline -0 -20"><span class='ocrx_word' id='word_1_32' title='bbox 270 878 493 940; x_wconf 88' lang='lat' dir='ltr'>secuti</span> <span class='ocrx_word' id='word_1_33' title='bbox 511 880 697 939; x_wconf 88' lang='lat' dir='ltr'>sunt:</span> <span class='ocrx_word' id='word_1_34' title='bbox 744 895 1036 960; x_wconf 85' lang='lat' dir='ltr'>namque</span> <span class='ocrx_word' id='word_1_35' title='bbox 1077 897 1253 940; x_wconf 91' lang='lat' dir='ltr'>unus</span> <span class='ocrx_word' id='word_1_36' title='bbox 1286 897 1323 940; x_wconf 90' lang='lat' dir='ltr'>e</span> <span class='ocrx_word' id='word_1_37' title='bbox 1354 876 1649 940; x_wconf 88' lang='lat' dir='ltr'>consciis</span> <span class='ocrx_word' id='word_1_38' title='bbox 1687 874 1856 959; x_wconf 88' lang='lat' dir='ltr'>ejus,</span> <span class='ocrx_word' id='word_1_39' title='bbox 1906 870 2132 951; x_wconf 70' lang='lat' dir='ltr'>credo,</span> <span class='ocrx_word' id='word_1_40' title='bbox 2174 875 2350 956; x_wconf 85' lang='lat' dir='ltr'>regis</span> <span class='ocrx_word' id='word_1_41' title='bbox 2380 874 2477 939; x_wconf 87' lang='lat' dir='ltr'>vi-</span> 
     </span>
     <span class='ocr_line' id='line_1_6' title="bbox 270 976 2475 1061; baseline -0.002 -19"><span class='ocrx_word' id='word_1_42' title='bbox 270 998 421 1043; x_wconf 93' lang='lat' dir='ltr'>cem</span> <span class='ocrx_word' id='word_1_43' title='bbox 465 980 666 1042; x_wconf 88' lang='lat' dir='ltr'>etiam</span> <span class='ocrx_word' id='word_1_44' title='bbox 726 981 798 1042; x_wconf 90' lang='lat' dir='ltr'>in</span> <span class='ocrx_word' id='word_1_45' title='bbox 856 979 974 1044; x_wconf 83' lang='lat' dir='ltr'>illa</span> <span class='ocrx_word' id='word_1_46' title='bbox 1025 987 1202 1045; x_wconf 88' lang='lat' dir='ltr'>sorte</span> <span class='ocrx_word' id='word_1_47' title='bbox 1260 979 1641 1049; x_wconf 77' lang='lat' dir='ltr'>reveritus,d</span> <span class='ocrx_word' id='word_1_48' title='bbox 1683 977 2012 1043; x_wconf 84' lang='lat' dir='ltr'>interfecti</span> <span class='ocrx_word' id='word_1_49' title='bbox 2054 976 2475 1061; x_wconf 86' lang='lat' dir='ltr'>[proditoris]</span> 
     </span>
     <span class='ocr_line' id='line_1_7' title="bbox 269 1079 2474 1168; baseline -0 -25"><span class='ocrx_word' id='word_1_50' title='bbox 269 1087 487 1164; x_wconf 82' lang='lat' dir='ltr'>caput</span> <span class='ocrx_word' id='word_1_51' title='bbox 545 1082 632 1146; x_wconf 85' lang='lat' dir='ltr'>ad</span> <span class='ocrx_word' id='word_1_52' title='bbox 705 1083 993 1147; x_wconf 86' lang='lat' dir='ltr'>Darium</span> <span class='ocrx_word' id='word_1_53' title='bbox 1050 1084 1225 1160; x_wconf 84' lang='lat' dir='ltr'>tulit,</span> <span class='ocrx_word' id='word_1_54' title='bbox 1280 1091 1730 1168; x_wconf 90' lang='lat' dir='ltr'>opportunum</span> <span class='ocrx_word' id='word_1_55' title='bbox 1787 1081 2099 1146; x_wconf 85' lang='lat' dir='ltr'>solatium</span> <span class='ocrx_word' id='word_1_56' title='bbox 2159 1079 2474 1164; x_wconf 87' lang='lat' dir='ltr'>prodito:</span> 
     </span>
     <span class='ocr_line' id='line_1_8' title="bbox 269 1181 2477 1268; baseline -0.001 -21"><span class='ocrx_word' id='word_1_57' title='bbox 269 1184 530 1268; x_wconf 85' lang='lat' dir='ltr'>quippe</span> <span class='ocrx_word' id='word_1_58' title='bbox 559 1190 625 1249; x_wconf 87' lang='lat' dir='ltr'>et</span> <span class='ocrx_word' id='word_1_59' title='bbox 671 1185 855 1249; x_wconf 88' lang='lat' dir='ltr'>ultus</span> <span class='ocrx_word' id='word_1_60' title='bbox 900 1187 1244 1252; x_wconf 89' lang='lat' dir='ltr'>inimicum</span> <span class='ocrx_word' id='word_1_61' title='bbox 1274 1193 1450 1267; x_wconf 83' lang='lat' dir='ltr'>erat3</span> <span class='ocrx_word' id='word_1_62' title='bbox 1495 1191 1560 1250; x_wconf 89' lang='lat' dir='ltr'>et</span> <span class='ocrx_word' id='word_1_63' title='bbox 1588 1185 1879 1249; x_wconf 89' lang='lat' dir='ltr'>nondum</span> <span class='ocrx_word' id='word_1_64' title='bbox 1907 1185 1983 1248; x_wconf 89' lang='lat' dir='ltr'>iu</span> <span class='ocrx_word' id='word_1_65' title='bbox 2008 1184 2304 1248; x_wconf 88' lang='lat' dir='ltr'>omnium</span> <span class='ocrx_word' id='word_1_66' title='bbox 2334 1181 2477 1246; x_wconf 84' lang='lat' dir='ltr'>ani-</span> 
     </span>
     <span class='ocr_line' id='line_1_9' title="bbox 269 1286 2188 1383; baseline 0.001 -34"><span class='ocrx_word' id='word_1_67' title='bbox 269 1286 403 1350; x_wconf 90' lang='lat' dir='ltr'>mis</span> <span class='ocrx_word' id='word_1_68' title='bbox 434 1288 816 1383; x_wconf 77' lang='lat' dir='ltr'>memoriam</span> <span class='ocrx_word' id='word_1_69' title='bbox 845 1288 1232 1372; x_wconf 84' lang='lat' dir='ltr'>majestatis</span> <span class='ocrx_word' id='word_1_70' title='bbox 1260 1310 1402 1355; x_wconf 88' lang='lat' dir='ltr'>suae</span> <span class='ocrx_word' id='word_1_71' title='bbox 1437 1289 1819 1354; x_wconf 84' lang='lat' dir='ltr'>exolevisse</span> <span class='ocrx_word' id='word_1_72' title='bbox 1851 1289 2188 1354; x_wconf 83' lang='lat' dir='ltr'>cernebat.</span> 
     </span>
    </p>
   </div>
   <div class='ocr_carea' id='block_1_3' title="bbox 335 1465 2088 1534">
    <p class='ocr_par' dir='ltr' id='par_1_3' title="bbox 335 1465 2088 1534">
     <span class='ocr_line' id='line_1_10' title="bbox 335 1465 2088 1534; baseline 0.001 -17"><span class='ocrx_word' id='word_1_73' title='bbox 335 1465 364 1499; x_wconf 57' lang='grc' dir='ltr'><strong><em>θ</em></strong></span> <span class='ocrx_word' id='word_1_74' title='bbox 397 1468 570 1534; x_wconf 81' lang='lat' dir='ltr'>Regis,</span> <span class='ocrx_word' id='word_1_75' title='bbox 588 1474 643 1519; x_wconf 77' lang='lat' dir='ltr'>ut</span> <span class='ocrx_word' id='word_1_76' title='bbox 664 1469 848 1533; x_wconf 77' lang='lat' dir='ltr'>opinor,</span> <span class='ocrx_word' id='word_1_77' title='bbox 872 1470 1166 1530; x_wconf 75' lang='lat' dir='ltr'>majestatem</span> <span class='ocrx_word' id='word_1_78' title='bbox 1182 1470 1326 1519; x_wconf 79' lang='lat' dir='ltr'>etiam</span> <span class='ocrx_word' id='word_1_79' title='bbox 1346 1469 1400 1518; x_wconf 79' lang='lat' dir='ltr'>in</span> <span class='ocrx_word' id='word_1_80' title='bbox 1421 1470 1510 1518; x_wconf 81' lang='lat' dir='ltr'>illa</span> <span class='ocrx_word' id='word_1_81' title='bbox 1527 1470 1797 1518; x_wconf 78' lang='lat' dir='ltr'>calamitate</span> <span class='ocrx_word' id='word_1_82' title='bbox 1817 1475 2088 1519; x_wconf 80' lang='lat' dir='ltr'>veneratus.</span> 
     </span>
    </p>
   </div>
   <div class='ocr_carea' id='block_1_4' title="bbox 1186 1614 1553 1635">
    <p class='ocr_par' dir='ltr' id='par_1_4' title="bbox 1186 1614 1553 1635">
     <span class='ocr_line' id='line_1_11' title="bbox 1186 1614 1553 1635; baseline 0.003 -1"><span class='ocrx_word' id='word_1_83' title='bbox 1186 1615 1308 1634; x_wconf 63' lang='lat' dir='ltr'>‘m</span> <span class='ocrx_word' id='word_1_84' title='bbox 1312 1614 1553 1635; x_wconf 53' lang='grc' dir='ltr'>ΝΜΟ</span> 
     </span>
    </p>
   </div>
   <div class='ocr_carea' id='block_1_5' title="bbox 215 1712 2481 2365">
    <p class='ocr_par' dir='ltr' id='par_1_5' title="bbox 215 1712 2481 2365">
     <span class='ocr_line' id='line_1_12' title="bbox 215 1712 2476 1777; baseline 0.001 -16"><span class='ocrx_word' id='word_1_85' title='bbox 215 1765 221 1771; x_wconf 64' lang='grc'><strong>,</strong></span> <span class='ocrx_word' id='word_1_86' title='bbox 271 1714 399 1761; x_wconf 84' lang='lat' dir='ltr'>Bas.</span> <span class='ocrx_word' id='word_1_87' title='bbox 439 1712 610 1776; x_wconf 87' lang='lat' dir='ltr'>Lugd.</span> <span class='ocrx_word' id='word_1_88' title='bbox 651 1719 706 1762; x_wconf 91' lang='lat' dir='ltr'>et</span> <span class='ocrx_word' id='word_1_89' title='bbox 741 1714 850 1762; x_wconf 83' lang='lat' dir='ltr'>Elz.</span> <span class='ocrx_word' id='word_1_90' title='bbox 872 1713 1025 1773; x_wconf 77' lang='lat' dir='ltr'>facile</span> <span class='ocrx_word' id='word_1_91' title='bbox 1059 1715 1269 1775; x_wconf 80' lang='lat' dir='ltr'>argenti</span> <span class='ocrx_word' id='word_1_92' title='bbox 1320 1714 1479 1765; x_wconf 88' lang='lat' dir='ltr'>Voss.</span> <span class='ocrx_word' id='word_1_93' title='bbox 1502 1718 1552 1763; x_wconf 81' lang='lat'>2.</span> <span class='ocrx_word' id='word_1_94' title='bbox 1585 1715 1740 1777; x_wconf 79' lang='lat' dir='ltr'>pondo</span> <span class='ocrx_word' id='word_1_95' title='bbox 1776 1713 2138 1777; x_wconf 78' lang='lat' dir='ltr'>quinquaginta.</span> <span class='ocrx_word' id='word_1_96' title='bbox 2142 1715 2269 1761; x_wconf 83' lang='grc'>-17</span> <span class='ocrx_word' id='word_1_97' title='bbox 2307 1713 2476 1777; x_wconf 85' lang='lat' dir='ltr'>Bong.</span> 
     </span>
     <span class='ocr_line' id='line_1_13' title="bbox 273 1778 2475 1843; baseline 0 -17"><span class='ocrx_word' id='word_1_98' title='bbox 273 1779 415 1828; x_wconf 85' lang='lat' dir='ltr'>Dan.</span> <span class='ocrx_word' id='word_1_99' title='bbox 441 1778 556 1828; x_wconf 88' lang='lat' dir='ltr'>Pal.</span> <span class='ocrx_word' id='word_1_100' title='bbox 580 1782 625 1826; x_wconf 92' lang='lat'>1.</span> <span class='ocrx_word' id='word_1_101' title='bbox 649 1786 707 1827; x_wconf 91' lang='lat' dir='ltr'>et</span> <span class='ocrx_word' id='word_1_102' title='bbox 729 1779 882 1828; x_wconf 88' lang='lat' dir='ltr'>Voss.</span> <span class='ocrx_word' id='word_1_103' title='bbox 907 1782 954 1828; x_wconf 91' lang='lat'>1.</span> <span class='ocrx_word' id='word_1_104' title='bbox 977 1779 1224 1828; x_wconf 86' lang='lat' dir='ltr'>omittunt</span> <span class='ocrx_word' id='word_1_105' title='bbox 1245 1779 1356 1829; x_wconf 77' lang='lat' dir='ltr'>Dii.</span> <span class='ocrx_word' id='word_1_106' title='bbox 1423 1781 1530 1829; x_wconf 84' lang='lat' dir='ltr'>Pro</span> <span class='ocrx_word' id='word_1_107' title='bbox 1550 1781 1823 1843; x_wconf 79' lang='lat' dir='ltr'>sepulturoe,</span> <span class='ocrx_word' id='word_1_108' title='bbox 1850 1779 1989 1842; x_wconf 87' lang='lat' dir='ltr'>quod</span> <span class='ocrx_word' id='word_1_109' title='bbox 2014 1778 2259 1827; x_wconf 86' lang='lat' dir='ltr'>omittunt</span> <span class='ocrx_word' id='word_1_110' title='bbox 2277 1779 2475 1829; x_wconf 86' lang='lat' dir='ltr'>Veron.</span> 
     </span>
     <span class='ocr_line' id='line_1_14' title="bbox 271 1841 2480 1907; baseline 0.001 -16"><span class='ocrx_word' id='word_1_111' title='bbox 271 1843 445 1905; x_wconf 86' lang='lat' dir='ltr'>Lugd.</span> <span class='ocrx_word' id='word_1_112' title='bbox 468 1841 639 1894; x_wconf 83' lang='lat' dir='ltr'>Amst.</span> <span class='ocrx_word' id='word_1_113' title='bbox 661 1845 843 1893; x_wconf 79' lang='lat' dir='ltr'>Maitt.</span> <span class='ocrx_word' id='word_1_114' title='bbox 878 1851 934 1892; x_wconf 88' lang='lat' dir='ltr'>et</span> <span class='ocrx_word' id='word_1_115' title='bbox 966 1845 1099 1893; x_wconf 83' lang='lat' dir='ltr'>Tell.</span> <span class='ocrx_word' id='word_1_116' title='bbox 1140 1846 1255 1894; x_wconf 85' lang='lat' dir='ltr'>aliae</span> <span class='ocrx_word' id='word_1_117' title='bbox 1297 1845 1555 1894; x_wconf 84' lang='lat' dir='ltr'>nonnullae</span> <span class='ocrx_word' id='word_1_118' title='bbox 1594 1850 1725 1893; x_wconf 84' lang='lat' dir='ltr'>vett.</span> <span class='ocrx_word' id='word_1_119' title='bbox 1755 1843 1949 1892; x_wconf 85' lang='lat' dir='ltr'>habent</span> <span class='ocrx_word' id='word_1_120' title='bbox 1977 1842 2205 1907; x_wconf 82' lang='lat' dir='ltr'>perfidioe.</span> <span class='ocrx_word' id='word_1_121' title='bbox 2243 1843 2480 1893; x_wconf 88' lang='lat' dir='ltr'>‘Vocem</span> 
     </span>
     <span class='ocr_line' id='line_1_15' title="bbox 267 1907 2478 1973; baseline 0.001 -18"><span class='ocrx_word' id='word_1_122' title='bbox 267 1908 579 1971; x_wconf 79' lang='lat' dir='ltr'>sepulturoe,</span> <span class='ocrx_word' id='word_1_123' title='bbox 565 1923 619 1957; x_wconf 88' lang='grc' dir='ltr'>ιιι</span> <span class='ocrx_word' id='word_1_124' title='bbox 645 1923 747 1957; x_wconf 91' lang='lat' dir='ltr'>uno</span> <span class='ocrx_word' id='word_1_125' title='bbox 770 1910 968 1972; x_wconf 87' lang='lat' dir='ltr'>scripto</span> <span class='ocrx_word' id='word_1_126' title='bbox 989 1913 1044 1958; x_wconf 86' lang='lat' dir='ltr'>et</span> <span class='ocrx_word' id='word_1_127' title='bbox 1065 1909 1266 1958; x_wconf 90' lang='lat' dir='ltr'>duobus</span> <span class='ocrx_word' id='word_1_128' title='bbox 1291 1911 1519 1973; x_wconf 82' lang='lat' dir='ltr'>exempl.</span> <span class='ocrx_word' id='word_1_129' title='bbox 1553 1909 1712 1958; x_wconf 83' lang='lat' dir='ltr'>editis</span> <span class='ocrx_word' id='word_1_130' title='bbox 1751 1907 2103 1968; x_wconf 85' lang='lat' dir='ltr'>deficientem,</span> <span class='ocrx_word' id='word_1_131' title='bbox 2141 1922 2257 1957; x_wconf 86' lang='lat' dir='ltr'>cum</span> <span class='ocrx_word' id='word_1_132' title='bbox 2295 1909 2478 1957; x_wconf 88' lang='lat' dir='ltr'>Modio</span> 
     </span>
     <span class='ocr_line' id='line_1_16' title="bbox 270 1973 2478 2038; baseline -0 -17"><span class='ocrx_word' id='word_1_133' title='bbox 270 1983 328 2021; x_wconf 87' lang='lat' dir='ltr'>et</span> <span class='ocrx_word' id='word_1_134' title='bbox 355 1973 666 2022; x_wconf 86' lang='lat' dir='ltr'>Heumauno</span> <span class='ocrx_word' id='word_1_135' title='bbox 685 1974 998 2038; x_wconf 83' lang='lat' dir='ltr'>ejiciendum</span> <span class='ocrx_word' id='word_1_136' title='bbox 1025 1974 1247 2024; x_wconf 62' lang='lat' dir='ltr'>censeo?</span> <span class='ocrx_word' id='word_1_137' title='bbox 1280 1975 1567 2025; x_wconf 76' lang='lat' dir='ltr'>Schmieder.</span> <span class='ocrx_word' id='word_1_138' title='bbox 1624 1976 1784 2024; x_wconf 79' lang='lat' dir='ltr'>Curiz.</span> <span class='ocrx_word' id='word_1_139' title='bbox 1808 1973 1946 2036; x_wconf 87' lang='lat' dir='ltr'>conj.</span> <span class='ocrx_word' id='word_1_140' title='bbox 1969 1977 2206 2023; x_wconf 81' lang='lat' dir='ltr'>auctorem</span> <span class='ocrx_word' id='word_1_141' title='bbox 2227 1975 2478 2035; x_wconf 64' lang='lat' dir='ltr'>sepulturae</span> 
     </span>
     <span class='ocr_line' id='line_1_17' title="bbox 272 2038 2478 2102; baseline 0 -16"><span class='ocrx_word' id='word_1_142' title='bbox 272 2038 694 2098; x_wconf 77' lang='lat' dir='ltr'>tantoesortunoe3</span> <span class='ocrx_word' id='word_1_143' title='bbox 728 2041 828 2096; x_wconf 84' lang='lat' dir='ltr'>vel,</span> <span class='ocrx_word' id='word_1_144' title='bbox 848 2044 1088 2089; x_wconf 76' lang='lat' dir='ltr'>auctorem</span> <span class='ocrx_word' id='word_1_145' title='bbox 1111 2040 1489 2099; x_wconf 79' lang='lat' dir='ltr'>tantaesortunoe</span> <span class='ocrx_word' id='word_1_146' title='bbox 1510 2041 1727 2102; x_wconf 80' lang='lat' dir='ltr'>sepultoe.</span> <span class='ocrx_word' id='word_1_147' title='bbox 1763 2039 1897 2088; x_wconf 86' lang='lat' dir='ltr'>Vide</span> <span class='ocrx_word' id='word_1_148' title='bbox 1924 2038 2049 2088; x_wconf 89' lang='lat' dir='ltr'>Not.</span> <span class='ocrx_word' id='word_1_149' title='bbox 2072 2038 2200 2087; x_wconf 87' lang='lat' dir='ltr'>Var.</span> <span class='ocrx_word' id='word_1_150' title='bbox 2246 2038 2478 2088; x_wconf 81' lang='lat' dir='ltr'>Florem.</span> 
     </span>
     <span class='ocr_line' id='line_1_18' title="bbox 272 2103 2478 2168; baseline 0 -17"><span class='ocrx_word' id='word_1_151' title='bbox 272 2114 328 2151; x_wconf 84' lang='lat' dir='ltr'>et</span> <span class='ocrx_word' id='word_1_152' title='bbox 354 2104 499 2153; x_wconf 88' lang='lat' dir='ltr'>Leid.</span> <span class='ocrx_word' id='word_1_153' title='bbox 524 2105 775 2154; x_wconf 85' lang='lat' dir='ltr'>omittunt</span> <span class='ocrx_word' id='word_1_154' title='bbox 796 2104 972 2154; x_wconf 82' lang='lat' dir='ltr'>debita.</span> <span class='ocrx_word' id='word_1_155' title='bbox 1030 2105 1146 2154; x_wconf 86' lang='lat' dir='ltr'>Pal.</span> <span class='ocrx_word' id='word_1_156' title='bbox 1173 2110 1220 2154; x_wconf 88' lang='lat'>1.</span> <span class='ocrx_word' id='word_1_157' title='bbox 1235 2111 1483 2168; x_wconf 76' lang='lat' dir='ltr'>persecuta</span> <span class='ocrx_word' id='word_1_158' title='bbox 1514 2110 1602 2155; x_wconf 83' lang='lat' dir='ltr'>est.</span> <span class='ocrx_word' id='word_1_159' title='bbox 1650 2105 1802 2154; x_wconf 88' lang='lat' dir='ltr'>Voss.</span> <span class='ocrx_word' id='word_1_160' title='bbox 1829 2108 1876 2152; x_wconf 90' lang='lat'>1.</span> <span class='ocrx_word' id='word_1_161' title='bbox 1902 2117 2100 2166; x_wconf 79' lang='lat' dir='ltr'>numque</span> <span class='ocrx_word' id='word_1_162' title='bbox 2122 2116 2305 2152; x_wconf 79' lang='lat' dir='ltr'>unusae.</span> <span class='ocrx_word' id='word_1_163' title='bbox 2338 2103 2478 2152; x_wconf 89' lang='lat' dir='ltr'>‘-Vo</span> 
     </span>
     <span class='ocr_line' id='line_1_19' title="bbox 271 2167 2481 2234; baseline 0 -18"><span class='ocrx_word' id='word_1_164' title='bbox 271 2183 387 2217; x_wconf 89' lang='lat' dir='ltr'>cem</span> <span class='ocrx_word' id='word_1_165' title='bbox 420 2171 681 2232; x_wconf 80' lang='lat' dir='ltr'>proditoris</span> <span class='ocrx_word' id='word_1_166' title='bbox 713 2167 1007 2219; x_wconf 84' lang='lat' dir='ltr'>Schefferus</span> <span class='ocrx_word' id='word_1_167' title='bbox 1036 2171 1157 2234; x_wconf 79' lang='lat' dir='ltr'>Jure</span> <span class='ocrx_word' id='word_1_168' title='bbox 1192 2184 1255 2217; x_wconf 84' lang='lat' dir='ltr'>ex</span> <span class='ocrx_word' id='word_1_169' title='bbox 1280 2172 1449 2232; x_wconf 80' lang='lat' dir='ltr'>glossa</span> <span class='ocrx_word' id='word_1_170' title='bbox 1472 2169 1686 2219; x_wconf 57' lang='lat' dir='ltr'>censet)</span> <span class='ocrx_word' id='word_1_171' title='bbox 1720 2168 2015 2219; x_wconf 81' lang='lat' dir='ltr'>Schmieder.</span> <span class='ocrx_word' id='word_1_172' title='bbox 2066 2167 2213 2216; x_wconf 87' lang='lat' dir='ltr'>Leid.</span> <span class='ocrx_word' id='word_1_173' title='bbox 2236 2172 2284 2218; x_wconf 82' lang='lat'>2.</span> <span class='ocrx_word' id='word_1_174' title='bbox 2314 2169 2481 2217; x_wconf 83' lang='lat' dir='ltr'>amicis</span> 
     </span>
     <span class='ocr_line' id='line_1_20' title="bbox 275 2233 2480 2296; baseline 0.001 -15"><span class='ocrx_word' id='word_1_175' title='bbox 275 2248 370 2296; x_wconf 88' lang='lat' dir='ltr'>pro</span> <span class='ocrx_word' id='word_1_176' title='bbox 392 2235 581 2283; x_wconf 79' lang='lat' dir='ltr'>animis.</span> <span class='ocrx_word' id='word_1_177' title='bbox 636 2235 868 2285; x_wconf 86' lang='lat' dir='ltr'>Florent.</span> <span class='ocrx_word' id='word_1_178' title='bbox 891 2234 1041 2284; x_wconf 87' lang='lat' dir='ltr'>Leid.</span> <span class='ocrx_word' id='word_1_179' title='bbox 1064 2243 1119 2284; x_wconf 89' lang='lat' dir='ltr'>et</span> <span class='ocrx_word' id='word_1_180' title='bbox 1145 2236 1275 2283; x_wconf 82' lang='lat' dir='ltr'>Dan.</span> <span class='ocrx_word' id='word_1_181' title='bbox 1297 2236 1568 2294; x_wconf 80' lang='lat' dir='ltr'>exsolvisse,</span> <span class='ocrx_word' id='word_1_182' title='bbox 1607 2241 1663 2284; x_wconf 91' lang='lat' dir='ltr'>et</span> <span class='ocrx_word' id='word_1_183' title='bbox 1685 2234 1735 2282; x_wconf 87' lang='lat' dir='ltr'>in</span> <span class='ocrx_word' id='word_1_184' title='bbox 1763 2234 1897 2284; x_wconf 84' lang='lat' dir='ltr'>Dan.</span> <span class='ocrx_word' id='word_1_185' title='bbox 1932 2241 2223 2282; x_wconf 81' lang='lat' dir='ltr'>correctum</span> <span class='ocrx_word' id='word_1_186' title='bbox 2247 2233 2480 2285; x_wconf 63' lang='lat' dir='ltr'>moluisse</span> 
     </span>
     <span class='ocr_line' id='line_1_21' title="bbox 273 2297 2220 2365; baseline -0.001 -17"><span class='ocrx_word' id='word_1_187' title='bbox 273 2300 453 2350; x_wconf 82' lang='lat' dir='ltr'>deleta</span> <span class='ocrx_word' id='word_1_188' title='bbox 474 2301 690 2363; x_wconf 75' lang='lat' dir='ltr'>literas,</span> <span class='ocrx_word' id='word_1_189' title='bbox 711 2305 768 2350; x_wconf 84' lang='lat' dir='ltr'>et</span> <span class='ocrx_word' id='word_1_190' title='bbox 790 2315 821 2351; x_wconf 75' lang='lat' dir='ltr'><strong>a</strong></span> <span class='ocrx_word' id='word_1_191' title='bbox 845 2315 914 2350; x_wconf 90' lang='lat' dir='ltr'>m.</span> <span class='ocrx_word' id='word_1_192' title='bbox 938 2315 1047 2350; x_wconf 89' lang='lat' dir='ltr'>sec.</span> <span class='ocrx_word' id='word_1_193' title='bbox 1069 2302 1135 2350; x_wconf 79' lang='lat' dir='ltr'>ad</span> <span class='ocrx_word' id='word_1_194' title='bbox 1160 2315 1320 2365; x_wconf 78' lang='lat' dir='ltr'>marg.</span> <span class='ocrx_word' id='word_1_195' title='bbox 1341 2302 1641 2358; x_wconf 67' lang='lat' dir='ltr'>exolevisse,</span> <span class='ocrx_word' id='word_1_196' title='bbox 1674 2300 1827 2351; x_wconf 87' lang='lat' dir='ltr'>Voss.</span> <span class='ocrx_word' id='word_1_197' title='bbox 1851 2305 1897 2348; x_wconf 86' lang='grc'>1.</span> <span class='ocrx_word' id='word_1_198' title='bbox 1917 2297 2220 2349; x_wconf 77' lang='lat' dir='ltr'>exsolevisse.</span> 
     </span>
    </p>
   </div>
   <div class='ocr_carea' id='block_1_6' title="bbox 269 2544 2487 3293">
    <p class='ocr_par' dir='ltr' id='par_1_6' title="bbox 269 2544 2487 3293">
     <span class='ocr_line' id='line_1_22' title="bbox 269 2544 2483 2610; baseline 0.001 -18"><span class='ocrx_word' id='word_1_199' title='bbox 269 2559 387 2593; x_wconf 90' lang='lat' dir='ltr'>rum</span> <span class='ocrx_word' id='word_1_200' title='bbox 429 2551 534 2609; x_wconf 84' lang='lat' dir='ltr'>est,</span> <span class='ocrx_word' id='word_1_201' title='bbox 579 2560 704 2596; x_wconf 77' lang='lat' dir='ltr'>vasa</span> <span class='ocrx_word' id='word_1_202' title='bbox 754 2553 908 2596; x_wconf 85' lang='lat' dir='ltr'>extra</span> <span class='ocrx_word' id='word_1_203' title='bbox 958 2545 1339 2609; x_wconf 83' lang='lat' dir='ltr'>supellectilem</span> <span class='ocrx_word' id='word_1_204' title='bbox 1418 2546 1727 2607; x_wconf 80' lang='lat' dir='ltr'>rectissime,</span> <span class='ocrx_word' id='word_1_205' title='bbox 1762 2550 1822 2596; x_wconf 88' lang='lat' dir='ltr'>ut</span> <span class='ocrx_word' id='word_1_206' title='bbox 1859 2544 2066 2610; x_wconf 85' lang='lat' dir='ltr'>quidem</span> <span class='ocrx_word' id='word_1_207' title='bbox 2100 2551 2249 2608; x_wconf 90' lang='lat' dir='ltr'>puto,</span> <span class='ocrx_word' id='word_1_208' title='bbox 2283 2544 2483 2595; x_wconf 87' lang='lat' dir='ltr'>Grono-</span> 
     </span>
     <span class='ocr_line' id='line_1_23' title="bbox 271 2623 2484 2690; baseline 0.001 -19"><span class='ocrx_word' id='word_1_209' title='bbox 271 2636 391 2671; x_wconf 83' lang='lat' dir='ltr'>esse</span> <span class='ocrx_word' id='word_1_210' title='bbox 423 2630 665 2687; x_wconf 80' lang='lat' dir='ltr'>oportet3</span> <span class='ocrx_word' id='word_1_211' title='bbox 698 2638 816 2674; x_wconf 77' lang='lat' dir='ltr'>nam</span> <span class='ocrx_word' id='word_1_212' title='bbox 856 2623 1089 2673; x_wconf 80' lang='lat' dir='ltr'>Isidorus</span> <span class='ocrx_word' id='word_1_213' title='bbox 1129 2638 1254 2673; x_wconf 80' lang='lat' dir='ltr'>vasa</span> <span class='ocrx_word' id='word_1_214' title='bbox 1287 2624 1339 2672; x_wconf 89' lang='lat' dir='ltr'>iu</span> <span class='ocrx_word' id='word_1_215' title='bbox 1422 2627 1534 2676; x_wconf 85' lang='lat' dir='ltr'>vius</span> <span class='ocrx_word' id='word_1_216' title='bbox 1577 2627 1652 2676; x_wconf 80' lang='lat' dir='ltr'>ita</span> <span class='ocrx_word' id='word_1_217' title='bbox 1696 2626 1847 2690; x_wconf 85' lang='lat' dir='ltr'>legit,</span> <span class='ocrx_word' id='word_1_218' title='bbox 1892 2632 2153 2687; x_wconf 79' lang='lat' dir='ltr'>expuncta</span> <span class='ocrx_word' id='word_1_219' title='bbox 2199 2636 2327 2673; x_wconf 84' lang='lat' dir='ltr'>voce</span> <span class='ocrx_word' id='word_1_220' title='bbox 2369 2623 2484 2688; x_wconf 80' lang='lat' dir='ltr'>Dii,</span> 
     </span>
     <span class='ocr_line' id='line_1_24' title="bbox 270 2699 2483 2767; baseline 0 -18"><span class='ocrx_word' id='word_1_221' title='bbox 270 2699 526 2763; x_wconf 83' lang='lat' dir='ltr'>‘argento</span> <span class='ocrx_word' id='word_1_222' title='bbox 568 2700 738 2751; x_wconf 80' lang='lat' dir='ltr'>facto&#39;</span> <span class='ocrx_word' id='word_1_223' title='bbox 792 2700 1022 2763; x_wconf 85' lang='lat' dir='ltr'>reponit,</span> <span class='ocrx_word' id='word_1_224' title='bbox 1082 2700 1339 2764; x_wconf 82' lang='lat' dir='ltr'>Ulpianus</span> <span class='ocrx_word' id='word_1_225' title='bbox 1421 2716 1574 2767; x_wconf 80' lang='lat' dir='ltr'>quam</span> <span class='ocrx_word' id='word_1_226' title='bbox 1606 2704 1672 2753; x_wconf 81' lang='lat' dir='ltr'>ab</span> <span class='ocrx_word' id='word_1_227' title='bbox 1695 2703 1906 2765; x_wconf 80' lang='lat' dir='ltr'>optimae</span> <span class='ocrx_word' id='word_1_228' title='bbox 1947 2707 2084 2752; x_wconf 82' lang='lat' dir='ltr'>notae</span> <span class='ocrx_word' id='word_1_229' title='bbox 2120 2701 2252 2751; x_wconf 86' lang='lat' dir='ltr'>Mss.</span> <span class='ocrx_word' id='word_1_230' title='bbox 2295 2701 2483 2750; x_wconf 83' lang='lat' dir='ltr'>abesse</span> 
     </span>
     <span class='ocr_line' id='line_1_25' title="bbox 271 2776 2483 2841; baseline 0.001 -17"><span class='ocrx_word' id='word_1_231' title='bbox 271 2776 656 2840; x_wconf 85' lang='lat' dir='ltr'>supellectilem</span> <span class='ocrx_word' id='word_1_232' title='bbox 678 2778 931 2827; x_wconf 85' lang='lat' dir='ltr'>excludit.</span> <span class='ocrx_word' id='word_1_233' title='bbox 1422 2777 1647 2830; x_wconf 81' lang='lat' dir='ltr'>affirmat</span> <span class='ocrx_word' id='word_1_234' title='bbox 1667 2797 1681 2830; x_wconf 68' lang='grc' dir='ltr'><em>ε</em></span> <span class='ocrx_word' id='word_1_235' title='bbox 1725 2781 1943 2829; x_wconf 79' lang='lat' dir='ltr'>Ceterum</span> <span class='ocrx_word' id='word_1_236' title='bbox 1968 2778 2343 2837; x_wconf 76' lang='lat' dir='ltr'>tantoesortunae</span> <span class='ocrx_word' id='word_1_237' title='bbox 2366 2793 2483 2841; x_wconf 87' lang='lat' dir='ltr'>pro-</span> 
     </span>
     <span class='ocr_line' id='line_1_26' title="bbox 334 2853 2486 2920; baseline 0 -18"><span class='ocrx_word' id='word_1_238' title='bbox 334 2861 370 2885; x_wconf 82' lang='lat'>¹¹¹</span> <span class='ocrx_word' id='word_1_239' title='bbox 411 2854 635 2904; x_wconf 79' lang='lat' dir='ltr'>Ceterum</span> <span class='ocrx_word' id='word_1_240' title='bbox 656 2855 773 2920; x_wconf 83' lang='lat' dir='ltr'>Dii]</span> <span class='ocrx_word' id='word_1_241' title='bbox 820 2854 971 2906; x_wconf 84' lang='lat' dir='ltr'>Quod</span> <span class='ocrx_word' id='word_1_242' title='bbox 999 2853 1198 2903; x_wconf 76' lang='lat' dir='ltr'>habent</span> <span class='ocrx_word' id='word_1_243' title='bbox 1238 2855 1338 2902; x_wconf 88' lang='lat' dir='ltr'>hoc</span> <span class='ocrx_word' id='word_1_244' title='bbox 1417 2855 1620 2906; x_wconf 68' lang='lat' dir='ltr'>ditor-em</span> <span class='ocrx_word' id='word_1_245' title='bbox 1661 2857 1821 2919; x_wconf 80' lang='lat' dir='ltr'>superi</span> <span class='ocrx_word' id='word_1_246' title='bbox 1855 2857 2033 2906; x_wconf 80' lang='lat' dir='ltr'>ultores</span> <span class='ocrx_word' id='word_1_247' title='bbox 2067 2857 2285 2905; x_wconf 79' lang='lat' dir='ltr'>celeriter</span> <span class='ocrx_word' id='word_1_248' title='bbox 2324 2853 2486 2904; x_wconf 83' lang='lat' dir='ltr'>debita</span> 
     </span>
     <span class='ocr_line' id='line_1_27' title="bbox 274 2930 2486 2996; baseline 0.001 -19"><span class='ocrx_word' id='word_1_249' title='bbox 274 2930 387 2980; x_wconf 82' lang='lat' dir='ltr'>loco</span> <span class='ocrx_word' id='word_1_250' title='bbox 413 2930 622 2994; x_wconf 83' lang='lat' dir='ltr'>plurimi</span> <span class='ocrx_word' id='word_1_251' title='bbox 646 2939 756 2980; x_wconf 86' lang='lat' dir='ltr'>tum</span> <span class='ocrx_word' id='word_1_252' title='bbox 780 2932 910 2980; x_wconf 84' lang='lat' dir='ltr'>Mss.</span> <span class='ocrx_word' id='word_1_253' title='bbox 925 2937 1034 2979; x_wconf 86' lang='lat' dir='ltr'>tum</span> <span class='ocrx_word' id='word_1_254' title='bbox 1058 2931 1235 2978; x_wconf 84' lang='lat' dir='ltr'>excusi</span> <span class='ocrx_word' id='word_1_255' title='bbox 1252 2945 1339 2978; x_wconf 89' lang='lat' dir='ltr'>co·</span> <span class='ocrx_word' id='word_1_256' title='bbox 1413 2947 1555 2996; x_wconf 80' lang='lat' dir='ltr'>poena</span> <span class='ocrx_word' id='word_1_257' title='bbox 1593 2934 1826 2996; x_wconf 80' lang='lat' dir='ltr'>persecuti</span> <span class='ocrx_word' id='word_1_258' title='bbox 1866 2938 1992 2982; x_wconf 76' lang='lat' dir='ltr'>sunt.</span> <span class='ocrx_word' id='word_1_259' title='bbox 2062 2934 2172 2983; x_wconf 88' lang='lat' dir='ltr'>Nos</span> <span class='ocrx_word' id='word_1_260' title='bbox 2206 2931 2486 2996; x_wconf 88' lang='lat' dir='ltr'>simplicio·</span> 
     </span>
     <span class='ocr_line' id='line_1_28' title="bbox 275 3007 2487 3075; baseline -0 -19"><span class='ocrx_word' id='word_1_261' title='bbox 275 3007 440 3068; x_wconf 87' lang='lat' dir='ltr'>dices,</span> <span class='ocrx_word' id='word_1_262' title='bbox 485 3008 579 3057; x_wconf 83' lang='lat' dir='ltr'>Dii</span> <span class='ocrx_word' id='word_1_263' title='bbox 615 3014 765 3058; x_wconf 81' lang='lat' dir='ltr'>tantoe</span> <span class='ocrx_word' id='word_1_264' title='bbox 797 3008 1017 3067; x_wconf 69' lang='lat' dir='ltr'>fortunae</span> <span class='ocrx_word' id='word_1_265' title='bbox 1052 3008 1342 3071; x_wconf 82' lang='lat' dir='ltr'>proditorem</span> <span class='ocrx_word' id='word_1_266' title='bbox 1421 3024 1530 3059; x_wconf 86' lang='lat' dir='ltr'>rem</span> <span class='ocrx_word' id='word_1_267' title='bbox 1553 3010 1852 3070; x_wconf 80' lang='lat' dir='ltr'>lectionem,</span> <span class='ocrx_word' id='word_1_268' title='bbox 1876 3024 1993 3075; x_wconf 84' lang='lat' dir='ltr'>quae</span> <span class='ocrx_word' id='word_1_269' title='bbox 2026 3009 2139 3059; x_wconf 86' lang='lat' dir='ltr'>aliis</span> <span class='ocrx_word' id='word_1_270' title='bbox 2168 3008 2386 3072; x_wconf 81' lang='lat' dir='ltr'>placuit,</span> <span class='ocrx_word' id='word_1_271' title='bbox 2409 3007 2487 3055; x_wconf 85' lang='lat' dir='ltr'>ita</span> 
     </span>
     <span class='ocr_line' id='line_1_29' title="bbox 274 3084 2485 3150; baseline -0.001 -17"><span class='ocrx_word' id='word_1_272' title='bbox 274 3086 532 3148; x_wconf 73' lang='lat' dir='ltr'>sepultum</span> <span class='ocrx_word' id='word_1_273' title='bbox 566 3084 801 3146; x_wconf 79' lang='lat' dir='ltr'>celeriter,</span> <span class='ocrx_word' id='word_1_274' title='bbox 842 3087 924 3148; x_wconf 62' lang='lat' dir='ltr'>asc.</span> <span class='ocrx_word' id='word_1_275' title='bbox 977 3098 1096 3133; x_wconf 89' lang='lat' dir='ltr'>cum</span> <span class='ocrx_word' id='word_1_276' title='bbox 1145 3084 1339 3133; x_wconf 89' lang='lat' dir='ltr'>nullum</span> <span class='ocrx_word' id='word_1_277' title='bbox 1421 3087 1928 3150; x_wconf 76' lang='lat' dir='ltr'>repraesentavimus,</span> <span class='ocrx_word' id='word_1_278' title='bbox 1960 3092 2020 3134; x_wconf 88' lang='lat' dir='ltr'>ut</span> <span class='ocrx_word' id='word_1_279' title='bbox 2056 3085 2273 3135; x_wconf 75' lang='lat' dir='ltr'>liberam</span> <span class='ocrx_word' id='word_1_280' title='bbox 2300 3084 2485 3149; x_wconf 85' lang='lat' dir='ltr'>cuique</span> 
     </span>
     <span class='ocr_line' id='line_1_30' title="bbox 274 3161 2073 3252; baseline 0.001 -43"><span class='ocrx_word' id='word_1_281' title='bbox 274 3163 493 3211; x_wconf 84' lang='lat' dir='ltr'>haberet</span> <span class='ocrx_word' id='word_1_282' title='bbox 515 3177 720 3211; x_wconf 86' lang='lat' dir='ltr'>sensum</span> <span class='ocrx_word' id='word_1_283' title='bbox 746 3161 1052 3225; x_wconf 85' lang='lat' dir='ltr'>legitimum,</span> <span class='ocrx_word' id='word_1_284' title='bbox 1074 3161 1163 3211; x_wconf 81' lang='lat' dir='ltr'>alii</span> <span class='ocrx_word' id='word_1_285' title='bbox 1187 3161 1341 3210; x_wconf 87' lang='lat' dir='ltr'>aliter</span> <span class='ocrx_word' id='word_1_286' title='bbox 1421 3164 1687 3252; x_wconf 70' lang='lat' dir='ltr'>optionem</span> <span class='ocrx_word' id='word_1_287' title='bbox 1709 3163 2073 3227; x_wconf 79' lang='lat' dir='ltr'>relinquamus,</span> 
     </span>
     <span class='ocr_line' id='line_1_31' title="bbox 278 3240 1335 3293; baseline 0 -2"><span class='ocrx_word' id='word_1_288' title='bbox 278 3241 655 3293; x_wconf 81' lang='lat' dir='ltr'>emendandum</span> <span class='ocrx_word' id='word_1_289' title='bbox 701 3246 1050 3291; x_wconf 84' lang='lat' dir='ltr'>censuerunt:</span> <span class='ocrx_word' id='word_1_290' title='bbox 1109 3240 1335 3291; x_wconf 88' lang='lat' dir='ltr'>omnium</span> 
     </span>
    </p>
   </div>
  </div>
 </body>
</html>
