2978 4933
260 2180 267 2187 ’
359 2189 470 2235 329.

570 2188 683 2235 426.

886 360 1269 438 εγΝοΡειε’
1295 386 1909 437 οΗιιοΝοιοοισΑε

721 621 839 666 tron
859 609 1165 665 Groecornm
1184 612 1292 663 dux
1314 613 1504 678 aperit.
1570 611 1908 662 Proditorem
1930 617 2103 663 artes:

719 696 875 748 Darii
895 695 1216 761 desperatio.
1281 695 1576 760 Conjicitur
1597 695 1652 744 in
1684 693 1911 758 vincula,
1941 699 1999 744 et
2024 692 2114 743 ab·

719 778 952 829 ducitur.
1018 777 1119 829 His
1157 777 1348 828 auditis
1380 777 1672 843 insequitur
1702 775 2019 840 Alexander,
2054 782 2112 826 et

720 859 999 910 multorum
1019 859 1220 909 indiciis
1255 859 1475 924 subinde
1502 857 1743 922 edoctus,
1763 858 1973 909 tandem
1995 871 2113 923 par·

723 939 910 990 ricidas
934 939 1243 1003 assequitur.

788 1019 976 1071 Darius
999 1020 1067 1071 ab
1094 1021 1175 1071 his
1210 1022 1527 1084 vulneratus,
1542 1035 1607 1073 ae
1627 1021 1936 1072 semianimis
1957 1028 2108 1086 repe-

723 1099 878 1163 ritur,
901 1107 957 1151 et
992 1106 1114 1151 ante
1136 1100 1426 1152 Alexandri
1447 1102 1729 1157 adventum
1751 1103 1987 1156 moritur.

1024 1307 1324 1377 LIBER
1386 1306 1788 1378 SEXTUS.

792 1460 972 1526 Agidis
1021 1462 1398 1527 Spartanorum
1440 1463 1580 1528 regis
1629 1463 1825 1513 bellum
1869 1461 2117 1513 adversus

727 1541 1046 1593 Macedonas
1066 1561 1078 1592 ε
1101 1543 1373 1609 Antipatri
1395 1545 1727 1596 Macedoniae
1747 1542 1979 1609 prae‘fecti
1999 1559 2120 1608 pru·

730 1621 933 1673 dentis:
972 1638 1147 1688 pugna
1168 1624 1233 1674 ad
1270 1625 1676 1691 Megalopolim:
1729 1625 1860 1691 Agis
1883 1626 2121 1675 vulnera·

729 1710 846 1753 tur:
882 1709 1000 1768 post
1018 1706 1227 1768 longum
1250 1721 1311 1756 ac
1333 1714 1606 1757 cruentum
1631 1708 1868 1772 praelium
1888 1707 2120 1757 Lacones

729 1785 1028 1847 pelluntur:
1064 1785 1249 1850 Agidis
1272 1803 1406 1839 mors
1441 1789 1686 1839 heroica:
1722 1787 1955 1839 victoriae
1988 1785 2125 1837 fruc-

731 1870 837 1914 tus.
904 1863 1208 1916 Alexander
1232 1868 1285 1918 in
1327 1869 1627 1933 voluptates
1668 1869 1927 1918 declinat:
1979 1867 2122 1917 Oxa-

708 1945 900 1994 'threm
924 1946 1060 1996 inter
1083 1949 1316 2012 corporis
1339 1950 1584 2000 custodes
1608 1950 1839 2000 asciscit.
1889 1949 1975 1998 De
2000 1949 2125 1999 Par·

708 2025 862 2088 'thia‚
894 2026 1122 2090 Scythis,
1155 2029 1352 2079 Tanai:
1394 2030 1709 2081 Macedones
1744 2030 1965 2095 patriam
1985 2029 2124 2094 eogi-

737 2111 879 2156 tant:
916 2106 1074 2171 Regis
1097 2106 1336 2158 oratione
1361 2109 1715 2160 deterrentur.

812 2187 929 2237 lter
950 2188 1001 2236 in
1026 2189 1380 2253 Hyrcaniam:
1433 2192 1618 2240 amnis·
1638 2189 1873 2240 Ziobetis
1908 2189 2127 2239 miracu·

734 2269 818 2318 la:
853 2267 1193 2318 Nabarzanes
1217 2269 1270 2318 in
1292 2269 1449 2320 fidem
1474 2271 1752 2335 accipitur.
1819 2269 1995 2333 Caspii
2019 2285 2127 2319 ma-

736 2350 806 2398 ris
833 2349 1222 2415 vicinarumque
1245 2351 1511 2415 regionum
1533 2349 1851 2415 descriptio:
1905 2348 2128 2400 Artaba-

731 2444 820 2479 zus
841 2443 958 2479 eum
981 2429 1185 2481 Graecis
1208 2430 1458 2482 militibus
1482 2446 1763 2483 occurrens
1786 2429 2010 2496 benigne
2037 2425 2135 2481 aci
2162 2440 2165 2444 ’

630 2529 659 2542 Μ
736 2511 989 2575 cipiturz.
1017 2511 1323 2563 Graecorum
1380 2514 1544 2578 legati
1587 2513 1867 2564 deduntur.
1954 2511 2129 2562 Mardi

714 2591 1019 2657 ·Hyrcaniae
1042 2593 1223 2657 populi
1245 2592 1539 2644 domantur.
1599 2593 1928 2657 Bucephalas
1959 2591 2026 2641 ab
2049 2592 2128 2641 his

736 2681 914 2736 captus
945 2673 1260 2725 restituitur.
1324 2674 1645 2725 Amazonum
1675 2675 1878 2738 Regina
1901 2672 2128 2722 Alexan·

735 2754 884 2804 drum
916 2754 1044 2807 adit.
1111 2755 1302 2806 Denuo
1340 2757 1391 2806 in
1426 2757 1723 2821 voluptates
1747 2755 2051 2821 peregrinas
2072 2769 2128 2804 se

743 2833 983 2887 effundit.

808 2916 869 2965 In
893 2918 1224 2968 Bactrianam
1248 2934 1460 2971 movens
1484 2920 1549 2971 ad
1574 2918 1926 2970 Satibarzanis
1959 2915 2131 2967 defec-

736 2996 933 3047 tionem
955 3000 1393 3063 comprimendam
1416 3000 1634 3051 divertit
1656 3001 1708 3050 in
1733 3000 1906 3050 Arios.
1963 2998 2129 3064 Rupis

746 3077 1044 3129 obsidenda:
1084 3079 1396 3145 descriptio:
1445 3090 1555 3133 tum
1596 3082 1951 3146 expugnatio:
1995 3094 2132 3129 nova

745 3161 1123 3223 supplementa.
1192 3162 1403 3214 Insidiae
1439 3164 1493 3213 in
1521 3165 1715 3227 Regem
1741 3162 1967 3212 detectae
1992 3162 2129 3225 apud

745 3238 994 3302 Drangas.
1080 3241 1314 3293 Philotas
1376 3243 1609 3294 delatum
1656 3243 1720 3292 ad
1784 3258 1841 3293 se
1886 3242 2135 3292 indicium

749 3332 780 3367 a
835 3319 1088 3370 Cebalino
1139 3323 1449 3386 supprimit:
1498 3324 1561 3374 fit
1600 3338 1755 3374 rens:
1816 3331 2007 3387 purgat
2050 3338 2127 3387 se,

747 3406 805 3449 et
860 3401 1058 3450 veniam
1111 3402 1163 3450 in
1212 3404 1440 3468 speciem
1498 3404 1761 3468 impetrat.
1851 3404 2135 3455 Consilium

732 3474 784 3528 'a
806 3481 952 3543 Rege
983 3496 1103 3531 cum
1143 3484 1323 3533 amicis
1352 3483 1590 3535 habitum
1625 3483 1693 3533 de
1714 3484 1954 3537 Philota:
1997 3497 2135 3535 com-

670 3585 692 3601 κ
756 3559 1115 3624 prehenditur,
1156 3563 1432 3627 conjicitur
1473 3564 1530 3613 in
1584 3564 1807 3629 vincula,
1861 3572 2139 3614 accusatur

751 3655 784 3688 a
807 3640 949 3703 Rege
971 3640 1110 3704 apud
1146 3642 1370 3693 milites:
1419 3657 1627 3694 causam
1664 3634 1824 3695 dicit:
1869 3645 2142 3695 tormentis

754 3721 924 3771 vietus
959 3723 1156 3772 crimen
1192 3722 1412 3787 fatetur,
1433 3740 1501 3775 an
1535 3725 1725 3791 fingit?
1773 3741 1892 3777 cum
1927 3726 2138 3790 reliquis
2203 3737 2208 3744 ·

751 3801 1117 3863 conjurationis
1140 3805 1241 3853 reis
1264 3805 1539 3857 occiditur.

992 3964 1289 4030 LIBER
1363 3964 1869 4032 SEPTIMUS.

818 4096 1163 4149 Macedonum
1184 4099 1237 4150 in
1260 4100 1523 4151 Philotam
1546 4107 1601 4151 et
1630 4100 2024 4168 Parmenionem
2045 4098 2140 4148 mi·

757 4179 978 4232 seratio:
1007 4178 1285 4231 Alexandri
1309 4183 1573 4248 Lyncistae
1593 4183 1930 4249 supplicium:
1953 4179 2142 4244 Amyn·

670 4319 673 4320 ⁷
760 4265 840 4309 tas
857 4273 971 4310 cum
989 4257 1234 4312 fratribus
1251 4263 1623 4328 conjurationis
1644 4263 1933 4330 postulatus
1952 4265 2143 4328 purgat

2400 373 2488 438 59

202 529 207 533 ’
300 531 370 583 Α.
393 533 451 583 C.
515 533 583 583 U.
609 533 668 585 C.
722 538 841 583 tur:
877 531 1030 583 Bessi
1049 536 1108 581 et
1127 529 1451 581 Nabarzanis
1482 529 1795 595 conjuratio,
1818 543 1973 596 quam
2006 529 2110 581 Pa·
2176 529 2265 582 Ol.
2348 530 2490 582 Anni

2341 611 2475 664 Alex
2486 646 2500 662 .

2227 1025 2277 1096 p.
2330 1019 2495 1073 AEtat.

2366 1106 2450 1152 27.

2334 1182 2465 1248 Reg.

2377 1252 2430 1298 ⁷.

2332 1311 2470 1426 Inlip.

2355 2916 2517 2985 AEtat.

2400 3003 2484 3049 28.

2356 3080 2489 3144 Reg.

2360 3241 2499 3306 Imp.
