2978 4933
547 351 679 419 322

546 514 740 597 lagus
773 513 1102 579 Balacros
1123 521 1153 548 ¹¹
1181 514 1479 597 regebat,
1511 514 1582 579 iu
1611 514 1993 580 societatem
2019 531 2229 598 nuper
2257 514 2532 579 ascitos,
2562 514 2731 580 Haec

1458 662 1487 682 O
1493 660 1828 682 WMON

986 371 1053 429 Q.
1099 367 1359 417 ουιιτιι
1423 368 1600 417 nuri
1655 365 1802 417 ms.
1853 368 1952 416 ιν.
2001 368 2163 417 cAr.
2208 354 2314 420 13.

544 746 691 812 prius
710 736 897 798 nomen
918 744 1205 813 (Philagus)
1225 746 1481 809 integrum
1507 760 1637 810 esse,
1672 753 1826 811 atque
1868 745 1955 795 rix
1992 744 2202 804 dubium
2245 744 2570 810 relinquitur,
2614 745 2734 808 quin

541 811 833 863 emendatio
853 813 1103 875 Tellierii,
1126 812 1214 877 qui
1238 826 1268 861 e
1302 811 1461 862 Diod.
1489 825 1634 861 xvu.
1666 816 1781 860 592.
1817 811 2072 874 Philippus
2107 811 2310 860 Balacri
2332 810 2582 872 restituit,
2605 810 2733 859 reci-

541 877 736 942 pienda
756 878 840 929 sit.
905 878 1136 928 Freinsh.
1157 877 1292 940 conj.
1316 877 1547 940 Phrygas
1566 877 1818 936 Balacrus,
1841 883 1996 940 atque
2018 876 2093 926 ita
2115 875 2181 925 ab
2204 875 2428 926 Arriano
2445 874 2656 923 doctum
2676 889 2733 924 se

541 943 816 1007 praedicat.
880 943 983 992 Sed
1008 944 1112 992 tale
1137 943 1258 1007 quid
1282 940 1530 991 Arrianus
1551 956 1801 1006 nusquam
1823 940 2041 991 docuit.’
2079 942 2227 993 cm.
2290 942 2305 968 ‘
2324 941 2455 990 Haec
2476 956 2490 988 ι
2518 940 2570 988 in
2589 939 2742 989 subsi-

536 1008 634 1057 aiis
653 1024 696 1057 c.
718 1023 783 1059 m.
804 1025 846 1060 s.
874 1010 1059 1071 Cernes,
1079 1009 1159 1071 ὅτ.
1197 1004 1362 1057 Curtii
1401 1007 1560 1071 ipsius
1599 1008 1751 1070 culpa
1772 1005 2162 1070 corruptissima
2184 1012 2319 1055 sunt.
2384 1005 2599 1055 Scilicet
2631 1018 2730 1056 non

536 1074 801 1124 intellexit
822 1074 1032 1124 Curtius
1057 1073 1246 1123 Graeca
1265 1074 1491 1122 auctoris
1514 1072 1613 1135 sui,
1632 1071 1907 1121 scribentis
1928 1072 2009 1121 vel
2031 1069 2109 1119 ἐπὶ
2131 1069 2201 1134 δὲ,
2220 1072 2300 1121 vel
2325 1069 2402 1119 ἐπὶ
2420 1068 2729 1131 rubrosi-,vel
2811 1108 2817 1116 ,

532 1138 654 1200 μετὰ
684 1137 898 1202 τούτους,
929 1140 1014 1187 vel
1049 1146 1106 1188 ut
1140 1138 1297 1188 Diod.
1332 1137 1508 1201 babet,
1529 1136 1718 1187 ὄπισθεν
1733 1134 1784 1187 δὲ
1805 1136 1986 1186 τούτων
2008 1134 2241 1200 ὑπετάγη,
2264 1136 2402 1200 quod
2429 1136 2728 1185 vertendum

536 1210 652 1253 erat
673 1221 686 1251 ε
713 1209 823 1267 post
838 1206 923 1253 hos
942 1205 993 1253 in
1015 1206 1174 1254 eadem
1194 1203 1295 1252 acie
1314 1203 1554 1268 ast-oute,
1612 1204 1692 1251 uia
1714 1201 1892 1252 Graeci
1914 1203 1965 1252 in
1989 1202 2332 1253 describenda
2346 1200 2457 1251 acie
2479 1200 2544 1250 ab
2565 1201 2726 1250 altero

533 1283 695 1319 cornu
720 1270 786 1319 ad
809 1271 1027 1319 alterum
1054 1269 1295 1333 progredi
1320 1269 1509 1318 solent.
1625 1273 1710 1317 ost
1745 1269 1858 1318 haec
1896 1268 2106 1332 scripsit
2150 1269 2362 1327 Orestes,
2398 1266 2596 1330 gentile
2635 1279 2729 1328 pro

532 1335 739 1383 nomine
765 1337 1010 1399 proprio;
1045 1349 1162 1383 nam
1188 1333 1486 1394 Perdiccas,
1514 1333 1602 1397 qui
1634 1333 2003 1395 intelligendus
2029 1339 2129 1397 est,
2159 1341 2275 1383 erat
2303 1334 2515 1392 Orestes,
2535 1332 2641 1380 sive
2662 1344 2729 1379 ex

534 1399 804 1461 Orestide,
824 1400 1035 1463 regione
1057 1399 1221 1463 Epiri.
1289 1399 1546 1462 Dglucestes
1583 1398 1770 1448 iterum
1803 1405 1884 1447 est
1921 1413 2106 1449 nomen
2147 1398 2343 1462 gentile
2381 1412 2475 1461 pro
2503 1396 2730 1460 proprio.

531 1464 634 1513 Sed
659 1463 884 1514 fortasse
908 1464 1031 1513 nibil
1065 1465 1197 1513 latet
1230 1463 1328 1514 nisi
1363 1465 1498 1513 male
1531 1463 1832 1514 intellectus
1867 1464 2011 1513 locus
2034 1463 2276 1523 Diodori,
2296 1463 2384 1528 qui
2408 1463 2518 1525 ejus
2537 1458 2726 1522 τάξεως,

531 1544 647 1642 3⁰ae
672 1545 738 1579 ex
762 1530 969 1579 Orestis
994 1536 1048 1579 et
1073 1530 1340 1593 Lyncestis
1362 1528 1663 1592 conscripta
1683 1536 1815 1593 erat,
1837 1527 2023 1577 ducem
2050 1527 2212 1579 fuisse
2237 1526 2543 1578 Perdiccam
2568 1526 2727 1575 tradi-

571 1594 631 1644 it.
697 1594 855 1645 Forte
876 1595 1033 1660 igitur
1054 1593 1327 1659 legendum
1363 1602 1459 1644 est.
1481 1595 1668 1643 Oreslae
1688 1593 2036 1657 Lyncestoeqae.
2103 1594 2396 1658 Polyptrcon
2416 1591 2604 1641 deinde
2626 1605 2728 1641 nou

531 1667 644 1709 erat
668 1657 775 1710 dux
806 1660 1071 1725 peregrini
1108 1659 1303 1719 militis,
1325 1660 1417 1709 sed
1448 1666 1649 1725 quartae
1670 1658 1841 1722 τάξεως
1865 1659 2095 1723 peditum
2135 1661 2437 1721 amicornm,
2459 1672 2527 1706 ex
2563 1657 2731 1720 Stym-

530 1725 692 1788 phaeis
712 1726 1046 1791 conscriptae.
1113 1726 1411 1776 Eorundem
1445 1724 1663 1789 quintae,
1687 1739 1791 1775 nou
1825 1726 2103 1788 peregrino
2129 1724 2278 1773 militi
2301 1729 2530 1786 praeerat
2549 1721 2726 1785 Amyn-

529 1795 623 1852 tas,
647 1792 792 1856 cnjus
816 1798 925 1840 tum
951 1791 1181 1840 absentis
1209 1791 1353 1855 (nam
1394 1789 1460 1839 ad
1501 1791 1865 1854 supplementa
1901 1788 2237 1839 conducenda
2272 1789 2325 1837 iu
2358 1787 2724 1838 Macedoniam

527 1856 709 1906 missus
732 1854 871 1920 erat)
910 1857 1077 1906 locum
1116 1857 1352 1906 Simmias
1394 1855 1626 1905 tenebat.
1692 1856 1846 1905 Unde
1880 1870 1974 1920 pro
2001 1854 2143 1914 haias
2162 1853 2370 1917 agminis
2394 1854 2532 1904 forte
2552 1853 2727 1915 legen-

526 1918 649 1971 dum
673 1929 787 1972 est:
825 1922 1052 1971 Simmias
1072 1921 1281 1984 agminis
1301 1923 1524 1985 Amynloe
1540 1920 1759 1984 princepe
1778 1925 1898 1970 erat.
1966 1921 2096 1970 Post
2126 1922 2240 1971 haec
2270 1921 2312 1968 si
2337 1919 2571 1969 addidit:
2609 1917 2725 1965 Plu·-

525 1985 663 2048 lagas
682 1989 913 2037 Balacrus
932 1986 1143 2050 regebat,
1161 1987 1214 2036 iu
1243 1986 1467 2037 societate
1488 2000 1640 2049 nuper
1675 1985 1867 2048 ascitos,
1901 1986 2010 2035 sive
2031 1988 2231 2047 adsitus,
2265 1992 2324 2035 ut
2354 1986 2470 2035 cod.
2507 1984 2726 2034 Theocr.

524 2052 657 2101 miro
679 2052 831 2102 modo
853 2060 909 2102 et
932 2068 1122 2102 novum
1154 2052 1338 2101 ducem
1372 2059 1428 2101 et
1460 2066 1643 2099 novam
1678 2057 1882 2113 gentem
1918 2050 2139 2101 effinxit.
2206 2051 2412 2115 Nempe
2446 2050 2725 2108 Diodorus,

522 2115 621 2166 hac
647 2118 696 2166 in
723 2126 872 2183 parte
896 2117 959 2167 ab
986 2117 1206 2167 Arriano
1231 2117 1523 2178 discedens,
1561 2130 1656 2180 pro
1679 2116 1908 2181 Amynta
1943 2124 1997 2166 et
2033 2116 2265 2178 Simmia,
2282 2116 2452 2165 locum
2485 2114 2623 2164 illius
2648 2120 2722 2161 te-

525 2188 703 2245 nente,
732 2184 1006 2246 Philippum
1027 2184 1271 2247 aliquem,
1297 2182 1500 2232 Balacri
1532 2179 1572 2231 f.
1606 2195 1723 2231 cum
1761 2182 1962 2246 agmine
1993 2196 2085 2231 suo
2119 2188 2242 2245 post
2279 2181 2722 2245 Polypercontem

524 2247 734 2297 stetisse
770 2249 1005 2298 tradidit.
1074 2250 1153 2298 Ex
1191 2248 1269 2297 his
1306 2248 1392 2295 vix
1432 2246 1562 2295 satis
1605 2246 1768 2297 oculis
1809 2248 2131 2311 perlustratis
2158 2247 2364 2295 Curtius
2384 2262 2477 2295 sua
2501 2244 2646 2307 fecit,
2668 2251 2723 2292 et

525 2311 689 2362 citata
710 2328 860 2363 manu
884 2312 1231 2379 conscripsit.’
1262 2312 1553 2364 Schmieder'.
1617 2312 1747 2362 Mox
1767 2327 1937 2361 coraus
1954 2312 2111 2373 facies
2143 2312 2372 2362 Florent.
2400 2310 2548 2362 Leid.
2570 2310 2723 2360 Voss.

1514 2476 1563 2529 N
1572 2476 1730 2528 01·AE

521 2592 669 2658 facit,
695 2594 832 2659 quod
857 2594 1027 2645 verius
1050 2600 1193 2660 puto.
1258 2594 1399 2645 Huic
1434 2607 1583 2644 suum
1665 2593 1962 2654 Strabone;
2007 2599 2116 2644 tum
2158 2590 2430 2656 φαλακροὺς
2474 2590 2719 2642 Macedo·

519 2676 635 2720 erat
679 2685 861 2734 agmen
903 2671 967 2721 ab
1024 2671 1326 2722 Alexandro
1368 2671 1580 2737 datum;
1662 2671 1982 2735 numlingua
2016 2667 2289 2735 Βαλακροὺς
2327 2668 2432 2718 dici
2468 2666 2721 2729 affirmat3

517 2746 610 2795 sed
635 2746 864 2797 absentis
899 2748 1069 2799 locum
1100 2748 1353 2812 implebat
1388 2748 1440 2797 in
1480 2748 1579 2798 boc
1662 2760 1763 2795 non
1787 2760 1848 2796 eo
1872 2747 2108 2811 pertinet
2130 2756 2188 2797 ut
2222 2746 2389 2810 gentis
2410 2745 2510 2794 hoc
2536 2758 2715 2795 nomen

514 2823 696 2886 praelio
739 2824 998 2887 Simmiae,
1038 2832 1095 2874 ut
1130 2825 1291 2875 tradit
1324 2823 1578 2874 Arrianus
1660 2821 1840 2885 fuerit,
1886 2823 2023 2889 quod
2080 2824 2132 2872 in
2178 2822 2439 2873 censendo
2486 2822 2716 2871 exercitu

513 2899 603 2950 lib.
648 2913 736 2951 111.
784 2915 903 2950 cum
957 2901 1285 2950 nihilominus
1330 2900 1575 2964 Amyntae

515 2990 701 3040 agmen
728 2981 1038 3036 vocaretur·;
1062 2976 1198 3041 qnod
1220 2977 1386 3041 ipsum
1412 2975 1463 3024 in
1483 2976 1573 3024 lto·

513 3053 697 3103 dierna
731 3067 930 3118 quoque
955 3053 1138 3103 militia
1161 3053 1272 3103 fieri
1295 3051 1571 3103 ceruimus.

513 3129 645 3178 Erat
699 3128 863 3193 igitur
925 3130 1146 3193 princeps
1201 3131 1300 3181 sui
1333 3128 1572 3192 agminis,

512 3206 746 3271 quamvis
773 3206 991 3269 absens;
1042 3207 1132 3257 sed
1168 3221 1271 3267 non
1302 3207 1414 3271 ejus
1436 3204 1572 3270 quod

512 3284 903 3348 Polysperchou
928 3284 1096 3348 duxit,
1125 3292 1186 3335 ut
1223 3284 1419 3335 indicat
1444 3286 1574 3335 Cur'-

511 3359 650 3422 tius3
689 3375 862 3425 neque
881 3360 1020 3431 enim
1044 3361 1453 3426 Polysperchon,
1476 3365 1571 3415 sed

506 3435 763 3501 Simmias,
785 3437 952 3488 vicem
979 3436 1221 3502 Amyntae
1244 3439 1417 3501 gessit.

569 3521 594 3548 ¹¹
628 3515 885 3579 Balacrus]
939 3515 1160 3565 Frustra
1178 3514 1302 3564 mibi
1327 3516 1571 3569 videntur

508 3604 622 3641 esse
649 3591 754 3656 qui,
770 3598 827 3641 ut
842 3604 1025 3641 nomen
1047 3593 1142 3641 hoc
1164 3593 1330 3655 gentis
1353 3607 1456 3642 non
1479 3594 1568 3644 ho-

507 3669 657 3718 minis
698 3666 913 3732 faciant,
950 3668 1159 3719 Arriani
1194 3671 1308 3720 loco
1351 3678 1568 3721 utuntur

506 3744 783 3796 manifeste
807 3752 1073 3810 corrupto.
1140 3748 1280 3797 Nihil
1311 3748 1446 3798 euim
1473 3749 1567 3797 du-

507 3820 646 3871 bium
695 3822 814 3887 quin
860 3837 958 3886 pro
994 3820 1235 3889 Βάλακροι
1276 3824 1566 3889 &scomma-mi,

504 3897 782 3962 legendum
826 3900 897 3949 sit
939 3899 1214 3964 Βαλάκρους
1270 3916 1385 3950 cum
1426 3902 1565 3951 idem

506 3978 663 4040 paulo
688 3984 806 4043 post
827 3979 1099 4044 scripserit
1120 3997 1134 4030 ε
1169 3979 1216 4028 οἱ
1236 3977 1317 4042 ξὺν
1337 3979 1566 4043 Βαλάκρῳ

411 4071 416 4076 ·
504 4052 1100 4116 ἅκοντιστοιὶ,,ῑασιάατονεε
1128 4056 1295 4118 quibas
1326 4056 1563 4106 Balacrus

456 4177 463 4180 .
498 4135 724 4194 praeerat.
790 4132 928 4181 Nam
961 4131 1095 4197 qnod
1126 4132 1341 4196 Myconi
1380 4132 1561 4182 insulae

505 4208 720 4272 populos
744 4222 840 4270 per
861 4207 1136 4258 ludibrium
1158 4206 1448 4273 φαλακροὺς,
1462 4209 1561 4258 cal-

500 4299 597 4342 vos,
627 4285 930 4350 'appellatos
972 4297 1087 4335 esse
1124 4278 1466 4340 ait-Raderus
1486 4299 1559 4335 ex

1657 2901 1934 2950 memorari
1958 2901 2214 2952 debuerit.
2259 2900 2445 2964 Neque
2466 2900 2566 2949 hoc
2584 2896 2712 2948 ullus

1656 2992 1880 3044 unquam
1905 2978 2153 3043 prodidit.
2221 2977 2371 3027 Adde
2396 2976 2536 3041 quod
2555 2976 2710 3027 incre-

1655 3055 1816 3106 dibile
1841 3063 1920 3105 est
1957 3071 2022 3104 ex
2057 3055 2244 3117 insula,
2267 3054 2434 3118 qualis
2463 3058 2575 3102 erat
2597 3051 2705 3114 My·

1654 3147 1784 3182 cone
1810 3148 1912 3183 una
1946 3133 2248 3199 Cycladum,
2279 3145 2462 3193 agmen
2486 3129 2703 3196 equitum

1654 3208 1705 3258 in
1729 3208 2015 3260 Alexandri
2044 3209 2280 3259 exercitu
2306 3207 2577 3268 militasse,
2596 3218 2701 3256 cum

1652 3301 1718 3337 ex
1742 3287 1854 3337 aliis
1881 3295 1985 3337 tam
2010 3286 2187 3336 multis
2211 3291 2304 3335 aut
2328 3284 2477 3345 nulli,
2502 3289 2591 3332 aut
2620 3295 2702 3345 pe·

1653 3364 1791 3414 dites
1812 3364 1977 3415 solum
2001 3364 2277 3413 venisseut.
2344 3361 2598 3424 Superest
2617 3358 2703 3421 igi-

1648 3449 1735 3490 tur
1758 3448 1815 3490 ut
1847 3441 1955 3491 illa'
1976 3457 2075 3491 vox
2114 3441 2351 3501 Philagus
2381 3443 2628 3502 corrupta
2646 3435 2706 3483 sit

1649 3533 1714 3567 ex
1741 3518 1910 3582 aliquo
1951 3518 2120 3581 gentis
2160 3515 2399 3575 nomine;
2445 3514 2577 3578 quod
2601 3511 2702 3577 qui-

1648 3595 1764 3644 dem
1790 3596 1947 3659 quale
1976 3593 2139 3645 fuerit
2176 3609 2206 3642 a
2236 3593 2418 3642 Curtio
2441 3592 2703 3653 scriptum,

1647 3671 1856 3722 difficile
1911 3680 1990 3722 est
2040 3672 2316 3735 conjicere.
2405 3669 2704 3733 Suspicatur

1649 3749 2033 3799 Freinshemius
2078 3749 2302 3812 Phrygas
2339 3744 2516 3795 fuisse.
2570 3743 2703 3796 Quid

1646 3825 1689 3875 si
1732 3842 1799 3875 ex
1838 3826 2074 3876 Diodoro
2099 3825 2433 3874 restituamus
2461 3822 2703 3885 Philippus

1647 3902 1868 3965 Balacri,
1906 3902 2018 3952 scil.
2041 3891 2351 3962 filiussnam
2383 3899 2547 3963 aliqui
2569 3897 2700 3954 codi-

1646 3994 1734 4029 ces
1756 3979 1951 4029 habeut
1969 3979 2290 4037 Balcia-riwes,
2310 3985 2370 4027 ut
2391 3990 2578 4038 magna
2597 3987 2700 4021 sus·

1645 4057 1778 4121 picio
1802 4058 1870 4107 sit
1894 4056 1946 4106 in
1966 4056 2160 4106 ultimis
2175 4054 2387 4119 syllabis
2408 4042 2570 4102 latere
2582 4063 2698 4115 gen·

1644 4131 1710 4180 tis
1733 4147 1921 4182 nomen
1946 4146 2101 4196 quam
2124 4130 2210 4181 ille
2231 4128 2487 4194 Philippus
2511 4123 2695 4177 Balacri

1641 4207 1878 4273 regebat.
