2978 4933
519 371 653 437 100
1314 385 1371 433 J.
1420 383 1922 433 rasmsmmu
1956 422 1967 429 .

524 532 769 606 viribus,
788 530 849 591 in
879 530 1162 592 ditionem
1179 528 1430 591 -victoris
1453 528 1842 591 concederet.¹
1929 531 2026 591 13.
2057 530 2253 611 Atque
2283 529 2382 593 ille
2399 531 2522 612 jam
2550 535 2713 596 obie-

526 641 638 704 rat,
666 632 789 691 vita
815 630 892 691 ad
921 629 1370 709 nonagesimum
1409 628 1606 689 aetatis
1646 648 1866 689 annum
1906 628 2231 709 producta:
2271 638 2532 691 ceterum
2555 631 2714 693 filius

525 728 652 808 ejus
675 728 868 788 Clitus
899 734 916 763 ‘
939 729 1332 809 opportunum
1361 724 1782 806 recuperandae
1807 725 2096 788 libertatis
2116 736 2348 808 tempus
2377 728 2717 792 advenisse'

525 827 832 901 dictitans,
888 831 905 860 ‘
934 824 1075 884 dum
1126 824 1577 905 asperrimamm
1623 823 1885 905 gentium
1933 825 2109 886 armis
2162 824 2500 887 Alexander
2549 836 2716 887 trans

524 925 741 986 Istrum
773 922 1154 997 attineretur,’
1179 922 1497 1005 populares
1527 923 1604 983 ad
1632 942 1798 984 arma
1822 923 2115 1004 capienda
2137 924 2402 1005 impulit:
2444 923 2591 984 inita
2618 943 2717 984 so-

517 1023 738 1083 cietate
794 1041 927 1082 cum
980 1021 1234 1081 Glaucia
1285 1041 1425 1100 rege
1483 1014 1835 1100 Illyriorum,
1890 1021 1992 1100 qui
2047 1016 2340 1082 Taulantii
2384 1015 2719 1083 vocantur-¹⁵

520 1124 623 1182 -14,
665 1120 989 1180 Autariatae
1019 1119 1137 1180 alia
1163 1116 1325 1179 natio
1352 1118 1463 1180 iter
1489 1117 1776 1178 facientes
1807 1117 2173 1180 Macedonas
2216 1118 2555 1199 aggressuri
2584 1120 2715 1179 fue-

520 1227 691 1277 rant:
735 1214 841 1277 sed
870 1217 1173 1296 Laugarus
1204 1216 1597 1296 Agrianorum
1624 1210 1759 1275 rex¹
1784 1214 2125 1277 Alexandro
2165 1214 2343 1291 fidus,
2370 1215 2561 1297 petiit,
2602 1222 2621 1251 ‘
2649 1225 2718 1277 ut

521 1315 632 1375 sibi
659 1322 860 1376 c'uram
887 1335 1016 1375 eam
1045 1314 1440 1395 permitteret:
1484 1332 1618 1375 sese
1646 1312 1807 1374 domi
1837 1333 2039 1374 eorum
2063 1323 2295 1375 tantum
2319 1313 2545 1393 negotii
2570 1314 2717 1394 ipsis

521 1423 1018 1491 comparaturum,
1035 1424 1103 1472 ut
1131 1411 1388 1473 animum
1417 1431 1454 1472 a
1480 1411 1766 1474 vexandis
1788 1411 2217 1473 Macedonibus
2248 1410 2324 1472 ad
2353 1430 2465 1472 sua
2489 1411 2720 1473 tuenda

522 1508 860 1569 'conversuri
901 1508 1144 1571 essent!
1230 1510 1324 1569 15.
1368 1507 1792 1570 collaudatum
1833 1509 2123 1589 donisque
2152 1507 2463 1589 magnifice
2487 1510 2718 1570 cultum

513 1605 793 1686 juvenem
825 1605 1044 1666 dimisit
1071 1625 1207 1675 rex;
1249 1606 1425 1667 etiam
1454 1606 1671 1668 sororis
1701 1607 1891 1688 Cynae
1924 1607 2160 1688 nuptias
2187 1606 2507 1688 pollicitus,
2534 1626 2718 1687 quam

521 1724 597 1764 ex
627 1704 826 1784 Illyria
851 1704 1096 1769 muliere
1126 1714 1464 1785 susceptam
1479 1705 1770 1787 ‘Amyntae
1797 1706 1857 1766 in
1884 1704 2319 1766 matrimonium
2340 1704 2590 1766 dederat
2613 1724 2719 1786 pa-

520 1812 627 1863 ter.
718 1804 813 1864 16.
858 1803 937 1862 Et
963 1803 1259 1883 Agrianas
1302 1802 1544 1883 quidem
1589 1804 1939 1884 promissam
1988 1822 2228 1883 operam
2251 1801 2562 1883 praestitit3
2607 1801 2717 1863 sed

518 1902 725 1961 morbo
767 1911 1122 1981 correptum,
1170 1921 1245 1961 ne
1286 1911 1464 1981 pacta
1512 1900 1784 1962 mercede
1828 1902 2136 1973 frueretur,
2183 1899 2345 1962 brevi
2392 1909 2719 1960 consecuta

517 2017 676 2059 mors
705 1998 1011 2078 praevenit.
1086 2000 1180 2058 17.
1212 1997 1306 2058 Ita
1329 1997 1608 2058 cohibitis
1637 1997 1956 2059 Autariatis
1986 1998 2112 2059 sine
2140 1997 2462 2058 certamine
2481 1996 2716 2057 Pelium

517 2106 861 2175 perventum
892 2105 1044 2170 est,n
1072 2096 1432 2157 Dessaretise
1471 2095 1775 2177 oppidum,
1807 2094 2353 2156 Eordaicoflumini
2372 2094 2717 2156 -imminensz

525 2194 618 2252 18.
663 2194 934 2272 Speciem
960 2214 1223 2275 pugnam
1253 2195 1651 2274 expetentium
1680 2195 2027 2275 praebebant
2054 2193 2279 2266 hostes,
2307 2202 2370 2254 et
2396 2193 2563 2253 velut
2588 2211 2716 2252 ma·
2818 2216 2821 2221 ·

487 2284 632 2348 *nus
688 2291 1013 2350 conserturi
1070 2303 1239 2351 extra
1285 2292 1568 2372 praesidia
1623 2311 1735 2352 sua
1782 2292 2053 2354 ferociter
2099 2299 2547 2370 procurrerant:
2611 2287 2716 2350 sed

515 2385 859 2465 priusquam
896 2387 1164 2466 praelium
1208 2388 1495 2448 committi
1532 2398 1759 2468 posset,
1797 2389 2174 2469 refugerunt;
2218 2387 2357 2447 licet
2381 2398 2720 2468 opportuna

517 2483 672 2556 loca,
713 2484 1014 2564 sylvisque
1058 2496 1119 2546 et
1158 2486 1411 2547 collibus
1455 2487 1759 2568 impedita,
1793 2487 2238 2568 praecepissent.
2326 2488 2419 2546 19.
2465 2485 2718 2546 Foedum

513 2582 596 2643 ibi
624 2583 1030 2663 spectaculum
1059 2584 1460 2646 Macedonum
1499 2584 1690 2646 oculis
1718 2583 2015 2665 objectum
2044 2595 2173 2644 est:
2215 2593 2335 2644 tres
2365 2581 2529 2662 pueri
2576 2583 2714 2643 toti-

516 2680 770 2761 demque
813 2683 1047 2762 puellae,
1083 2703 1218 2743 cum
1243 2684 1430 2745 tribus
1471 2683 1655 2764 nigris
1690 2682 1992 2755 arietibus,
2023 2682 2274 2742 confusa
2317 2691 2516 2759 strage
2548 2680 2716 2760 jace·

514 2778 704 2844 bant;·
739 2797 889 2856 quos
940 2779 1171 2838 barbari
1223 2781 1512 2860 sacrilego
1552 2799 1721 2841 sacro
1761 2779 1890 2839 Diis
1921 2778 2045 2838 suis
2086 2775 2552 2850 immolaverant,
2594 2795 2714 2855 quo

513 2874 868 2954 pugnaturis
919 2873 1227 2936 audaciam
1272 2877 1649 2956 inspirarent.
1743 2874 1865 2936 Sed
1912 2874 2126 2934 vindex
2175 2892 2392 2933 numen
2441 2871 2712 2932 scelestis

514 2969 807 3030 mentibus
862 2990 969 3051 pro
997 2972 1234 3032 ¹virtute
1279 2971 1626 3033 vecordiam·
1664 2971 1884 3052 injecit.
1966 2973 2063 3032 20.
2110 2971 2241 3030 Rex
2292 2970 2446 3029 intra
2493 2969 2715 3029 moenia

411 3065 420 3068 ’
513 3069 851 3147 compulsos
887 3067 1067 3129 ducto
1112 3069 1397 3130 exteriore
1422 3089 1594 3129 muro
1616 3068 2013 3130 intercludere
2041 3077 2362 3135 statuerat;
2406 3084 2543 3126 cum
2570 3085 2712 3146 pos·
2782 3128 2793 3133 ,

514 3164 686 3225 tridie
732 3185 867 3226 cum
895 3166 1127 3245 magnis
1155 3166 1598 3227 Taulantiorum
1636 3166 1824 3246 copiis
1865 3165 2148 3227 Glaucias
2178 3164 2451 3225 advenit:
2493 3162 2583 3225 ita
2608 3184 2712 3244 spe

513 3261 823 3342 capiendae
853 3263 1013 3323 urbis
1043 3263 1294 3342 abjecta,
1313 3249 1632 3345 Tquomodo
1661 3273 1790 3324 tuto
1818 3263 2171 3336 discederet,
2200 3262 2521 3342 cogitabat.
2582 3305 2585 3308 ι
2610 3263 2710 3321 21.

517 3358 759 3419 Interim
800 3360 1037 3421 Philota
1068 3379 1204 3422 cum
1244 3361 1528 3442 jumentis
1568 3362 1990 3433 castrensibus,
2027 3371 2089 3422 et
2133 3348 2408 3440 praesidio
2443 3359 2710 3439 equitum

508 3457 931 3518 frumentatum
963 3459 1164 3531 misso,
1191 3460 1477 3541 comperit
1507 3467 1523 3494 ‘
1551 3479 1691 3520 suos
1721 3460 1779 3518 in
1812 3458 2150 3520 discrimine
2177 3458 2395 3519 versari
2412 3454 2452 3526 ;’
2492 3458 2709 3539 quippe

510 3552 793 3615 Glaucias
841 3554 1024 3615 colles
1069 3575 1280 3637 campo
1321 3557 1721 3619 circumdatos
1770 3567 2180 3638 occupaverat,
2219 3556 2279 3615 in
2334 3554 2708 3615 occasionem

510 3652 790 3733 gerendae
833 3654 915 3713 rei
955 3653 1252 3716 intentus.
1324 3655 1422 3716 22.
1466 3656 1653 3735 Igitur
1681 3656 1964 3717 adversus
1994 3652 2423 3733 oppidanorum
2442 3653 2707 3732 eruptio-

411 3749 423 3760 ⁴
512 3769 647 3810 nem
697 3760 861 3829 parte
907 3750 1198 3811 exercitus
1243 3751 1301 3811 in
1353 3752 1564 3813 castris
1595 3753 1820 3825 relicta,
1851 3771 1988 3814 cum
2015 3749 2445 3831 ceteris‘copiis·
2462 3748 2706 3830 impigre

510 3847 809 3926 profectus
838 3860 969 3916 est:
1012 3849 1347 3930 territisque
1376 3849 1615 3931 Illyriis,
1656 3870 1794 3911 suos
1835 3848 2058 3930 recepit
2094 3848 2441 3908 incolumes.
2527 3847 2704 3908 Cete-

513 3962 642 4004 rum
672 3943 782 4020 iter
803 3944 1028 4005 facturo
1054 3946 1372 4006 maximum
1399 3946 1719 4026 periculum
1751 3947 2126 4026 imminebat:
2171 3947 2268 4004 23.
2297 3943 2434 4003 hinc
2463 3944 2704 4017 flumen,

511 4040 648 4100 inde
702 4041 982 4119 praerupti
1028 4042 1315 4121 arduique
1355 4043 1539 4105 colles
1583 4045 1738 4106 viam
1779 4044 2181 4117 coarctabant,
2230 4043 2436 4105 relicto
2474 4041 2699 4115 itinere,

581 4207 769 4273 11d.p.
795 4217 906 4263 522.
1710 4213 1722 4246 ¹
1756 4212 1946 4263 1d.1.l.
1984 4171 1995 4196 ⁵

576 4285 602 4319 Β
637 4286 843 4339 Arrian.
864 4304 902 4341 1.
924 4296 973 4340 5.
1709 4299 1745 4324 ¹¹¹
1780 4289 1860 4342 Id.
1882 4291 1970 4342 l.l.
