2978 4933
839 438 958 484 οι..
1007 435 1191 484 exn.
1236 419 1300 485 3.
1380 435 1451 483 A.
1501 433 1618 482 cn.
1666 433 1741 482 N.
1785 417 1934 484 330.
2368 420 2519 503 4731

305 581 435 647 nisi
467 580 649 666 prius
677 580 1014 648 valuisset
1042 576 1456 646 auctoritaS.¹‘
1545 579 1655 645 26.
1685 578 1897 662 Igitur
1921 579 2214 663 primum
2243 581 2499 665 Dymni

307 684 595 750 cadaver
624 684 934 763 infertur,
959 684 1327 770 plerisque,
1359 683 1524 770 quid
1554 689 1913 768 patrasset,
1931 704 2154 768 quone
2186 704 2353 749 casu
2383 704 2500 750 ex-

307 787 556 854 tinctus
587 792 790 866 esset,
820 788 1097 871 ignaris.
1907 789 1913 795 ’
2244 812 2247 815 >

346 909 355 925 ‘
394 907 505 955 lx.
551 891 642 955 l.⁴
672 892 831 957 Rex
874 891 1115 957 deinde
1159 891 1231 956 in
1277 893 1663 959 concionem
1694 893 2011 978 procedit,
2040 894 2230 958 vultu
2259 892 2500 977 praefe·

302 1013 457 1058 rens
486 995 781 1061 dolorem
823 996 1051 1061 animi.
1138 992 1530 1060 Amicorum
1572 1016 1839 1081 quoque
1883 996 2208 1061 moestitia
2252 1015 2501 1078 expec-

263 1110 268 1113 *
304 1097 630 1162 tationem
681 1097 861 1163 haud
905 1117 1183 1184 parvam
1233 1100 1332 1164 rei
1361 1099 1657 1166 'secel-at.
1745 1100 1812 1165 2.
1874 1100 2016 1170 Diu
2038 1100 2176 1164 'rex
2205 1098 2531 1163 demisso

301 1199 374 1262 in
404 1206 643 1266 terram
673 1202 865 1267 vultu
907 1200 1192 1268 attonito
1218 1202 1648 1288 stupentique
1676 1202 1916 1269 similis
1955 1204 2187 1269 stetit:
2227 1200 2531 1266 tandem

295 1308 586 1388 recepto
614 1303 861 1384 animo,
906 1308 926 1341 ‘
948 1303 1199 1383 Peene:
1230 1305 1472 1389 inquit,
1517 1306 1829 1385 ‘milite'S,
1854 1328 1855 1333 ¹
1880 1306 2248 1389 paucorum
2287 1304 2500 1368 homi·
2549 1306 2552 1310 ’

304 1424 466 1469 num
487 1397 749 1472 'scelere
780 1407 974 1473 vobis
1004 1415 1280 1493 ereptus
1310 1429 1481 1474 sum.
1559 1408 1781 1475 Deum
1812 1408 2230 1493 providentia
2266 1412 2339 1471 xet
2375 1406 2501 1470 nsi-r

305 1508 672 1574 sericordia
699 1508 901 1575 vivo.
981 1510 1532 1597 Conspectusque
1580 1513 1790 1578 vestri
1834 1511 2240 1577 venerabilis
2292 1509 2500 1591 cogit,

306 1618 383 1676 ut
409 1611 868 1679 vehementius
897 1614 1250 1699 parricidis
1271 1615 1612 1694 irascerer,
1633 1616 1950 1701 quoniam
1979 1615 2274 1699 spiritus,
2297 1614 2501 1677 immo

304 1721 475 1778 unus
502 1715 659 1782 vitae
689 1735 855 1781 meae
907 1717 1165 1784 fructus
1205 1725 1340 1795 est,
1387 1725 1491 1785 tot
1535 1719 1922 1785 fortissimis
1969 1719 2154 1795 viriS,
2185 1723 2255 1781 et
2283 1716 2366 1779 de
2396 1733 2505 1776 me

305 1817 557 1903 optime
579 1818 869 1897 meritis,
904 1820 1143 1885 referre
1190 1820 1409 1887 adhuc
1437 1822 1722 1905 gratiam
1754 1818 1999 1906 posse.'
2091 1819 2156 1884 3.
2213 1818 2505 1885 Interru-

303 1917 407 1999 pit
452 1920 812 1986 orationem
855 1922 1143 1988 militum
1177 1924 1494 2006 gemitus,
1537 1925 1929 2008 obortaeque
1978 1926 2140 1987 'sunt
2187 1919 2502 1984 omnibus

304 2017 646 2105 lacrymae.
720 2023 897 2089 Tum
928 2024 1070 2104 rex,
1116 2031 1139 2061 ‘
1159 2023 1471 2106 Quanto,'
1500 2027 1742 2112 inquit,
1774 2030 1795 2062 ‘
1815 2025 2139 2109 majorem
2162 2024 2232 2088 in
2255 2021 2502 2093 animis

1231 2211 1258 2231 Ο
1265 2210 1588 2235 “NOCCOOOC

302 2319 445 2397 nisan.
512 2321 529 2350 ‘
549 2320 634 2372 Sic
666 2320 788 2387 (nisi
805 2321 940 2387 prius
958 2324 1183 2375 valuisset
1202 2326 1497 2392 auctoritas).
1516 2326 1636 2378 Ald.
1653 2333 1707 2378 et
1727 2326 1878 2397 codd.
1901 2325 2117 2376 Gruter-i
2141 2336 2342 2383 omnes,
2359 2321 2500 2370 nulla

301 2387 405 2434 aha
438 2400 565 2437 voce
603 2386 843 2450 adjecta?
876 2388 1025 2440 Snak.
1093 2389 1233 2441 Hinc
1269 2402 1489 2456 apparet
1527 2394 1678 2442 aliam
1719 2394 1840 2443 olim
1875 2392 2037 2442 fuisse
2058 2391 2503 2448 ,lectionem—26

301 2451 536 2502 Floreat.
555 2451 705 2503 Leid.
721 2453 882 2505 Voss.'
901 2458 949 2505 1.
972 2461 1027 2505 et
1047 2455 1215 2520 Bong.
1242 2458 1429 2523 Dymni
1446 2460 1685 2523 primum5
1734 2460 1888 2509 Voss.
1909 2462 1961 2509 2.
1986 2462 2044 2507 ut
2063 2470 2287 2519 semper,
2308 2452 2500 2503 Divisi.

302 2515 536 2568 Fiorent.
559 2519 705 2569 Leid.
729 2520 881 2570 Voss.
903 2525 951 2571 1.
974 2520 1093 2571 Ald.
1115 2523 1280 2572 Colin.
1302 2524 1509 2589 Gryph.
1520 2533 1576 2575 et
1591 2525 1726 2575 Mer.
1747 2525 1862 2588 quid
1877 2528 2120 2587 parassen-
2155 2523 2294 2572 Dan·
2309 2526 2363 2578 et
2383 2519 2503 2574 Pal,
2532 2559 2537 2564 -

303 2584 351 2630 3.
373 2582 488 2645 quid
504 2590 715 2647 pera-sset
727 2600 748 2644 ,·
780 2586 929 2636 Voss.
951 2588 1000 2634 2.
1022 2587 1157 2636 Pau.
1181 2591 1229 2637 1.
1249 2592 1298 2639 2.
1320 2597 1376 2639 et
1397 2590 1568 2653 Bong.
1590 2591 1839 2640 Gruter-iz
1873 2590 1987 2653 quid
2005 2601 2189 2652 passus.

371 2652 396 2696 l
435 2649 583 2699 Voss.
605 2654 654 2698 2.
688 2649 886 2700 omittit
905 2649 1072 2700 animi.
1140 2652 1371 2703 Floreat.
1404 2654 1556 2704 Leid.
1579 2655 1732 2704 Voss.
1757 2660 1806 2704 1.
1830 2658 1878 2703 2.
1909 2653 2033 2703 Ald.
2059 2653 2199 2701 Dan.
2223 2647 2360 2698 Pan.
2385 2652 2430 2696 1.
2453 2652 2504 2696 2.

303 2712 474 2776 Bong.
499 2712 734 2775 Gruteri,
756 2720 811 2764 et
831 2714 941 2764 Elz.
962 2716 1087 2765 haud
1101 2731 1302 2780 parvam
1322 2718 1601 2778 effecerat,-
1635 2719 1800 2769 Amst.
1820 2718 1868 2767 Ιι.
1884 2733 1937 2781 p.
1955 2716 2248 2777 (infecerat
2270 2730 2290 2773 ,-
2324 2712 2505 2775 vulgg.

299 2776 350 2827 1⁸.
370 2792 421 2839 p.
429 2777 621 2838 fecerat
634 2795 653 2837 ,-
708 2779 821 2830 Col.
845 2780 985 2831 Mer.
1003 2781 1125 2832 Bas.
1152 2782 1268 2832 Pal.
1291 2788 1340 2833 3.
1365 2784 1599 2833 Freinsb.
1619 2791 1675 2833 et
1709 2789 1931 2833 recentt.
1964 2784 2014 2832 h.
2043 2797 2093 2844 p.
2131 2780 2204 2829 rei
2226 2778 2507 2838 fecerat.—

301 2844 335 2891 2
367 2843 520 2893 Voss.
542 2847 591 2892 2.
616 2845 723 2894 Diu
740 2845 941 2895 demisso
960 2860 1049 2895 rex
1063 2862 1085 2904 ,·
1118 2848 1290 2911 vnlgg.
1314 2848 1565 2899 omittunt
1587 2864 1676 2898 rex
1696 2864 1714 2907 ,-
1763 2848 1850 2899 alii
1881 2846 2077 2896 habent
2104 2843 2317 2894 dimisso.
2387 2842 2503 2891 Flo·

302 2912 436 2959 rent.
459 2907 610 2958 Leid.
631 2909 786 2959 Voss.
811 2916 858 2960 1.
882 2914 931 2961 2.
956 2916 1010 2960 et
1032 2911 1202 2975 Boug.
1226 2914 1472 2964 omittunt
1489 2929 1763 2977 paucorum.
1828 2913 1958 2962 Mox
1978 2912 2133 2962 Voss·
2164 2915 2205 2960 ι.
2229 2913 2277 2958 2.
2300 2913 2355 2958 et
2378 2906 2502 2957 edd.

301 2972 568 3035 pleraeque
588 2980 744 3024 vester
758 2991 779 3034 ,·
829 2975 1057 3028 Floreat.
1080 2977 1226 3028 Leid.
1249 2978 1422 3042 Bong.
1447 2987 1505 3029 et
1521 2978 1676 3030 codd.
1712 2978 1929 3028 Gruter-i
1962 2990 2138 3026 omnes
2156 2975 2319 3027 vestri.
2343 2973 2502 3022 Voss.

303 3041 351 3085 1.
374 3044 430 3087 et
453 3039 623 3102 Bong.
645 3043 695 3089 2.
716 3045 870 3103 cog-et,
890 3040 1028 3104 quod
1051 3041 1201 3092 deest
1222 3042 1277 3091 in
1311 3045 1482 3108 Bong.
1522 3049 1570 3094 2.
1607 3040 1763 3105 οοὲςὶέ
1803 3044 1855 3093 in
1894 3044 2070 3107 vulgg.
2106 3046 2228 3091 aute
2268 3038 2504 3105 Ig'reinsh.

297 3103 430 3164 cogit
452 3104 601 3152 Leid.
620 3103 771 3153 Voss.
796 3109 845 3154 2.
868 3105 1023 3156 codd.
1046 3106 1267 3164 Gruteri
1290 3123 1488 3167 omnes,
1514 3109 1634 3159 Ald.
1659 3108 1828 3159 Colin.
1851 3108 2050 3172 Gryph.
2083 3114 2139 3156 et
2176 3107 2312 3157 Mer.
2347 3104 2507 3167 purri-

299 3169 447 3217 cidiis
464 3168 694 3219 Florent.
719 3170 870 3221 Voss.
892 3175 942 3222 2.
967 3177 1022 3220 et
1047 3173 1213 3236 vulgg.
1251 3189 1390 3237 quam
1410 3175 1613 3239 spiritus
1636 3175 1867 3225 Florem.
1899 3173 2046 3224 Leid.
2067 3173 2218 3222 Voss.
2258 3176 2306 3220 1.
2341 3170 2511 3232 Bong-

301 3232 444 3283 Dan.
464 3233 581 3285 Pal.
600 3237 651 3285 3.
674 3241 731 3284 et
752 3235 887 3285 Mer.
931 3237 947 3264 ‘
967 3238 1086 3286 Vox
1124 3239 1327 3301 spiritus
1360 3248 1622 3303 suspecta.
1686 3239 1932 3289 Bai-thius
1966 3243 2198 3301 speratus,
2235 3234 2506 3286 Rubenius

299 3313 542 3362 supremus
562 3299 704 3363 legit.
728 3299 950 3351 Theoer.
971 3316 1113 3365 unus,
1130 3318 1222 3352 uno
1241 3305 1357 3354 vitoe
1377 3320 1494 3356 meoe
1510 3321 1652 3366 unus,
1672 3303 1772 3367 85⁶!
1803 3302 2123 3354 Schmieder.
2192 3301 2312 3351 Nic.
2344 3300 2507 3349 Hein-

302 3366 410 3412 sius
430 3365 612 3415 maiit:
647 3365 867 3427 quoniam
880 3367 1163 3430 precipuus,
1195 3368 1354 3431 immo,
1372 3372 1454 3433 ἔμ’.
1523 3370 1727 3419 Bothe:
1762 3369 1978 3433 quoniam
2005 3366 2356 3431 speratissimus
2386 3379 2508 3413 unus

299 3430 442 3492 υἱέα,
465 3432 545 3491 &a
610 3430 626 3458 ⁴
645 3430 1063 3493 Insperatissime
1080 3431 1097 3455 '
1137 3433 1330 3496 legitur
1369 3435 1508 3497 apud
1534 3436 1778 3484 Plautum
1804 3434 1955 3483 Poen.
1977 3445 2027 3484 v·
2049 3436 2096 3483 3.
2118 3435 2168 3480 8.
2234 3431 2342 3479 Pro
2365 3430 2508 3477 immo

300 3509 425 3544 unus
462 3493 582 3544 Ald.
605 3494 781 3558 hebet,
814 3509 955 3558 unus,
975 3511 1122 3547 unm.-
1176 3497 1297 3548 Bas.
1322 3499 1437 3550 Col.
1458 3500 1618 3550 Frob.
1643 3498 1814 3562 Lngd.
1831 3504 1888 3548 et
1908 3497 2080 3547 Amst.
2098 3496 2238 3547 immo
2254 3495 2370 3544 vitae
2389 3508 2504 3543 meae

298 3575 427 3609 unus
449 3560 647 3620 fructus
678 3566 766 3611 est.
834 3562 986 3612 Voss.
1010 3566 1060 3612 2.
1095 3563 1294 3613 omittit
1324 3564 1459 3615 viris.
1524 3564 1646 3614 Ald.
1668 3564 1836 3615 Colin.
1858 3563 2059 3629 Gryph.
2081 3562 2218 3610 Mer.
2242 3561 2367 3609 Bas.
2391 3559 2506 3608 Col.

301 3631 360 3674 et
384 3623 542 3674 Frob.
575 3627 635 3674 de
666 3639 755 3682 me,
777 3626 969 3675 'omisso
1004 3631 1070 3678 et.
1135 3628 1286 3679 voss.
1324 3634 1376 3680 2.
1413 3630 1580 3679 adhoc.
1648 3629 1881 3678 Florem.
1914 3627 2056 3678 Leid.
2080 3627 2233 3675 Voss.
2257 3629 2306 3675 2.
2327 3635 2505 3674 omnes

302 3689 524 3739 Gruter-i
548 3696 743 3753 praeter
764 3692 929 3751 Bong.
953 3690 1075 3742 Ald.
1109 3699 1164 3742 et
1193 3695 1330 3744 Mer.
1366 3709 1547 3757 possem
1567 3712 1586 3753 ,-
1636 3694 1787 3745 Voss.
1826 3698 1872 3743 1.
1903 3700 1959 3743 et
1996 3694 2164 3756 Bong.
2204 3695 2254 3741 2.
2288 3694 2472 3753 possent
2484 3703 2505 3747 ,·

301 3754 473 3818 Bong.
500 3759 546 3804 1.
566 3759 842 3818 possen-3
878 3756 1233 3821 Interrupitque
1258 3759 1408 3808 Voss.
1433 3764 1483 3809 2.
1522 3760 1644 3809 Ald.
1676 3760 1789 3809 Col.
1816 3765 1872 3808 et
1898 3759 2021 3809 Bas.
2041 3759 2276 3806 rationem
2297 3754 2505 3804 militum

301 3820 443 3870 Dan.
469 3827 523 3870 et
544 3812 662 3872 1²3¹.
686 3824 736 3871 3.
768 3820 984 3888 omnibus
1004 3819 1157 3873 deest
1179 3824 1229 3873 in
1252 3825 1401 3875 Voss.
1426 3830 1472 3875 l.
1503 3825 1663 3891 inquit
1694 3828 1868 3890 quanto
1903 3821 2027 3874 Ald.
2053 3821 2208 3873 Frob.
2241 3821 2364 3871 Bas.
2388 3819 2505 3870 Col.

1292 3990 1343 4041 N
1350 3990 1508 4042 01·AE

364 4101 389 4135 ¹‘
423 4102 1008 4169 Potestas....mloritas]
1057 4102 1359 4156 ‘Potestas'
1444 4114 1605 4158 testas
1625 4106 1903 4158 damnandi
1933 4113 2024 4158 unt
2057 4103 2357 4157 absolvendi
2388 4119 2504 4155 reos

296 4180 366 4232 ad
390 4180 746 4244 imperandum
779 4180 1174 4248 cogendumque
1199 4183 1361 4247 perti·
1442 4185 1741 4249 capitalium
1764 4184 2055 4246 criminum,
2075 4183 2171 4232 nisi
2195 4182 2335 4246 prius
2358 4194 2504 4230 suam

298 4265 426 4320 net;
491 4260 509 4287 ‘
533 4256 840 4308 auetoritas’
896 4257 963 4308 ad
1024 4258 1360 4310 suadendum.
1443 4261 1634 4326 populo
1654 4259 1968 4312 militibusve
1988 4259 2298 4312 seutentiam
2316 4271 2504 4322 appro-

300 4336 467 4387 Nulla
501 4341 617 4387 erat
660 4333 1008 4387 Macedonum
1050 4350 1231 4402 regum
1267 4351 1360 4403 po·
1391 4363 1402 4372 ·
1442 4339 1676 4389 busseut.
1716 4341 1719 4344 “
2489 4356 2496 4366 ·
