2978 4933
760 381 1018 431 surm..
1065 380 1146 429 m
1197 381 1268 442 Q.
1313 379 1668 433 culmum
1717 380 1861 428 mn.
1907 380 1956 429 1.
2118 434 2133 441 ,
2322 365 2453 433 1OE

265 535 480 596 serunt.
566 528 625 587 8.
668 524 938 605 Cumque
985 524 1202 606 vulgus
1243 524 1495 614 militum
1551 522 1953 587 misericordia
1994 535 2455 605 permoveretur,

265 626 382 689 dux
434 640 636 685 eorum
689 623 962 705 Astylus,
1005 615 1203 685 Arcas
1261 642 1497 703 genere,
1553 641 1747 684 moras
1798 622 2113 690 nectebatr
2163 642 2284 685 non
2327 635 2453 688 tam

262 723 476 804 incepti
514 721 862 785 difficultate
890 722 1148 797 territus,
1170 742 1348 803 quam
1380 741 1483 803 per
1510 720 1837 795 avaritiam,
1866 730 1932 780 ut
1959 712 2007 781 a'
2035 721 2451 799 festinantibus

262 831 322 883 et
371 820 728 883 necessitate
781 820 972 881 anxiis
1027 819 1221 900 majus
1274 819 1643 900 stipendium
1689 818 2006 899 acciperet.
2114 821 2177 881 9.
2229 821 2453 883 Decem

261 917 481 979 talenta
504 918 939 999 poscebantur:
981 937 1056 981 ea
1082 938 1218 979 cum
1245 918 1514 980 Thebani
1550 938 1669 985 non
1695 918 2074 992 conficerent,
2102 937 2146 979 a
2164 917 2454 981 Macedo-

260 1015 405 1077 nicae
432 1015 710 1076 factionis
736 1014 1073 1076 hominibus
1099 1015 1301 1076 oblata
1329 1026 1491 1088 sunt,
1519 1024 1586 1075 ut
1612 1015 1965 1097 quiesceret.
2049 1016 2144 1076 lta
2169 1015 2245 1078 de
2271 1017 2453 1080 Arca-

260 1111 395 1175 dum
421 1114 655 1176 auxiliis
669 1113 1092 1175 Thebanorum
1120 1133 1258 1194 spes
1285 1113 1345 1173 in
1376 1112 1624 1174 nihilum
1654 1113 1882 1175 recidit.
1954 1116 2047 1175 10.
2068 1113 2233 1175 Alias
2252 1124 2451 1175 tamen

259 1230 329 1271 ex
373 1209 796 1292 Peloponneso
829 1210 1055 1291 copias,
1104 1230 1180 1272 ne
1222 1209 1510 1283 adversus
1548 1210 1785 1275 Thebas
1824 1211 2165 1284 militarent,
2195 1213 2454 1292 pecunia

260 1306 689 1373 Demosthenes
718 1310 946 1370 avertit.
1005 1307 1280 1388 Namque
1308 1319 1576 1371 trecenta
1604 1309 1830 1371 talenta
1856 1328 1894 1369 a
1919 1308 2117 1371 Persis
2143 1310 2452 1390 accepisse

259 1404 609 1481 dicebatnrffi
664 1407 797 1487 quis
838 1405 918 1467 ad
957 1404 1379 1469 facessendum
1431 1406 1776 1469 Alexandro
1817 1408 2120 1487 negotium
2172 1417 2453 1471 uteretur.

263 1503 350 1564 ll.
393 1503 502 1564 His
542 1503 631 1565 ita
669 1504 980 1579 nuntiatis,
1023 1504 1362 1566 Alexander
1411 1514 1626 1586 proeter
1669 1505 1981 1566 Eordaeam
2022 1518 2083 1566 et
2112 1505 2453 1586 Elymiotin,

255 1618 540 1682 rupesque
593 1601 969 1683 Stymphaeas
1017 1614 1081 1664 ct
1123 1602 1403 1683 Paryaeas
1458 1604 1616 1685 rapit
1676 1604 2032 1671 exercitum;
2086 1602 2454 1684 septimoque

256 1713 388 1777 post
413 1699 526 1761 ,die
577 1718 758 1781 quam
806 1719 846 1760 a
889 1699 1055 1762 Pelio
1110 1701 1418 1772 movisset,
1473 1700 1755 1763 Pellenen
1803 1699 2130 1762 Thessaliae
2171 1698 2455 1781 oppidum

256 1797 535 1875 pervenit.
622 1797 771 1858 Post
800 1805 1036 1859 sextum
1062 1796 1279 1858 deinde
1308 1796 1467 1857 diem
1496 1797 1555 1857 in
1587 1796 1879 1858 Boeotiam
1913 1797 2113 1866 venit3
2155 1815 2296 1858 mox
2325 1795 2452 1855 On·-

257 1892 541 1967 chestum,
562 1915 671 1955 sex
698 1895 931 1956 circiter
958 1913 1243 1976 passuum
1270 1893 1529 1955 millibus
1559 1912 1597 1954 a
1621 1895 1839 1955 Thebis
1868 1894 2191 1957 distantem
2219 1912 2453 1976 proces·

257 1991 348 2051 sit.
435 1994 529 2054 12.
564 1993 729 2052 Inter
754 1991 888 2053 haec
911 1991 1178 2053 Thebani
1204 1990 1424 2072 majore
1456 1992 1654 2052 animo
1683 2012 1862 2072 qnam
1891 1991 2144 2053 consilio
2173 1990 2455 2051 adminis-

255 2090 410 2151 tratis
439 2091 643 2164 rebus,
675 2090 940 2151 omnium
981 2090 1170 2169 ignari
1213 2090 1512 2169 agebant3
1557 2108 1671 2149 nec
1711 2089 1855 2151 dum
1895 2090 2053 2153 intra
2091 2087 2277 2171 Pylas
2318 2106 2453 2148 esse

255 2187 570 2249 credebant
601 2186 1002 2249 Macedonum
1029 2187 1235 2266 copias
1261 2205 1278 2247 ς
1319 2186 1514 2266 ipsum
1544 2204 1680 2247 vero
1707 2205 1906 2266 regem
1949 2184 2268 2247 adventare
2300 2183 2453 2245 adeo

255 2282 421 2346 fidem
447 2286 793 2366 superabat,
820 2295 889 2345 ut
932 2291 949 2319 ‘
979 2283 1177 2364 potius
1203 2283 1382 2344 alium
1410 2283 1821 2346 Alexandrum
1848 2283 2053 2363 AEropi
2079 2281 2262 2343 filium
2291 2302 2456 2344 exer·

255 2379 386 2442 citui
440 2382 742 2462 proeesse’
796 2370 1276 2445 contenderent.¹¹
1364 2383 1459 2444 13.
1504 2382 1637 2443 Rex
1680 2381 1758 2443 ad
1797 2382 2007 2445 fanum
2057 2379 2208 2443 Iolai
2246 2380 2454 2460 positis

205 2481 478 2555 ''mesti-is,
511 2481 678 2563 quod
707 2491 844 2543 ante
874 2471 1198 2549 Proetidem
1218 2489 1451 2561 portam
1476 2492 1592 2554 est,
1635 2480 1995 2561 poenitentioe
2023 2498 2226 2541 eorum
2254 2479 2453 2540 locum

258 2576 388 2640 dare
412 2581 843 2649 constitueratz
885 2598 1023 2642 cum
1051 2577 1139 2639 illi
1166 2577 1472 2658 eruptione
1502 2579 1685 2651 facta,
1727 2578 1788 2638 in
1831 2579 2118 2640 stationes
2162 2576 2452 2637 Macedo-

257 2695 385 2737 num
424 2679 669 2752 invecti,
711 2678 1003 2759 quosdam
1044 2677 1444 2757 interficiunt,
1471 2676 1622 2736 alios
1663 2675 1800 2737 loco
1840 2674 2105 2755 pelluntz
2148 2674 2343 2734 donec
2372 2674 2450 2734 ad

256 2773 378 2853 ipsa
406 2776 536 2856 jam
564 2785 767 2838 castra
796 2793 1154 2857 suggressos
1180 2774 1399 2834 emissa
1420 2772 1576 2853 regis
1595 2771 1772 2852 jussu
1798 2770 1945 2834 levis
1973 2780 2270 2833 armatura
2302 2771 2450 2851 reje-

255 2870 347 2932 cit.
407 2874 503 2933 14.
531 2872 786 2934 Postero
816 2872 913 2935 die
934 2873 1013 2934 ad
1039 2883 1264 2953 portas,
1279 2870 1499 2950 quibus
1528 2869 1587 2930 in
1607 2869 1870 2931 Atticam
1896 2869 2174 2931 euntibus
2200 2870 2312 2930 iter
2337 2878 2451 2943 est,

253 2979 520 3046 promoto
547 2970 830 3044 exercitu,
871 2982 940 3033 ut
979 2971 1102 3034 suis
1145 2969 1205 3030 in
1248 2989 1385 3032 arce
1425 2968 1725 3032 conclusis
1765 2980 1986 3049 praesto
2027 2979 2208 3042 esset,
2250 2968 2450 3029 adhuc

254 3068 659 3142 cunctabatur,
687 3078 749 3128 et
786 3067 837 3128 si
877 3066 1208 3147 poeniteret,
1232 3067 1442 3129 erroris
1470 3066 1709 3153 veniam
1731 3067 2100 3130 ostentabat.
2184 3069 2287 3129 15.
2326 3067 2448 3127 Sed

254 3164 456 3242 quibus
501 3181 621 3245 pax
661 3165 952 3245 placebat,
993 3165 1266 3246 potentia
1305 3164 1585 3239 exulum,¹
1617 3186 1937 3247 eorumque
1966 3185 2071 3246 per
2098 3185 2252 3246 quos
2282 3185 2449 3227 revo-

255 3261 364 3322 cati
389 3263 648 3335 fuerant,
687 3263 1199 3343 opprimebantur:
1242 3262 1364 3342 qui,
1392 3262 1561 3324 nulla
1607 3282 1712 3343 spe
1741 3264 1949 3326 salutis
1979 3261 2205 3343 reliqua
2235 3263 2287 3323 si
2316 3263 2452 3323 Ma-

254 3357 508 3422 cedones
534 3360 679 3424 urb‘e
705 3361 1052 3442 potirentur,
1084 3361 1293 3440 patriae
1320 3361 1506 3426 ruinis
1533 3362 1704 3424 obrui
1730 3361 2053 3434 malebant,
2081 3379 2260 3441 quam
2289 3360 2448 3422 illius

254 3452 705 3520 incolumitatem
747 3476 859 3520 suo
897 3459 1136 3520 interitu
1170 3478 1406 3529 emere;
1445 3471 1508 3520 et
1533 3478 1609 3521 ex
1638 3459 2005 3523 Boeotarchis
2033 3459 2355 3521 nonnullos
2383 3461 2445 3520 in

257 3555 561 3616 consilium
609 3565 932 3618 traxerant.
1021 3555 1113 3615 16.
1158 3554 1521 3635 Quantaque
1567 3556 1870 3620 hominurn
1920 3556 2199 3618 vecordia
2252 3557 2449 3630 fuerit,

256 3651 342 3712 vel
368 3645 507 3714 hinc
533 3654 818 3734 cognosci
864 3661 1084 3733 potest,
1117 3651 1285 3733 ‚quod
1328 3653 1671 3717 Alexandro
1695 3655 2075 3737 postulante,
2104 3662 2121 3690 ‘
2152 3664 2221 3714 ut
2248 3653 2448 3715 defec-

255 3748 423 3811 tionis
453 3762 726 3813 auctores
755 3751 1064 3825 dederent,
1088 3751 1326 3816 duobus
1351 3754 1651 3835 capitibus
1677 3773 1915 3818 omnem
1943 3751 2199 3814 civitatis
2229 3771 2449 3813 noxam

259 3847 535 3928 expiaturi
552 3849 590 3917 3’
627 3850 720 3912 17.
751 3848 865 3929 ipsi
890 3849 1149 3912 vicissim
1177 3849 1474 3916 Philotam
1499 3863 1561 3912 et
1582 3852 1959 3931 Antipatrum
1985 3849 2278 3932 principes
2309 3852 2448 3911 arni·

259 3963 449 4004 corum
477 3946 633 4026 regis
654 3946 976 4028 deposcere
1003 3949 1123 4009 sint
1151 3950 1303 4023 ausi,
1324 3960 1385 4012 et
1411 3970 1519 4031 per
1544 3969 1877 4031 praeconem
1902 3947 2329 4030 pronuntiare,¹‘
2356 3954 2374 3984 ‘
2396 3952 2447 4010 si

319 4105 343 4140 t
375 4098 513 4151 Plut.
551 4102 824 4174 Demosth.
855 4118 909 4169 p.
929 4107 1044 4158 856.
1065 4104 1153 4157 Id.
1175 4105 1227 4156 in
1250 4119 1306 4156 x.
1449 4106 1464 4140 ¹
1500 4107 1696 4159 ld.1.1.

264 4175 408 4229 Orat.
450 4193 529 4232 ιι.
572 4186 620 4234 2.
665 4182 915 4235 Dinarch.
971 4191 1141 4237 contr.
1196 4186 1309 4237 De·
1451 4181 1477 4217 ¹¹
1511 4184 1653 4233 Plut.
1697 4184 1850 4236 Alex.
1895 4202 1947 4251 p.
1990 4191 2104 4237 670.
2149 4184 2303 4237 Diod.
2341 4185 2447 4236 Sic.

263 4257 436 4306 mosth.
454 4258 642 4310 Justin.
663 4273 745 4309 xi.
769 4265 818 4310 2.
839 4264 887 4312 7.
1390 4274 1531 4313 xvu.
1555 4276 1607 4326 p.
1633 4266 1747 4313 564.
2204 4299 2215 4306 -

326 4330 549 4388 *Arriam
572 4349 611 4387 1.
641 4339 688 4387 7.
1051 4339 1067 4354 ’
1227 4359 1238 4368 ⁴
