2978 4933
472 342 560 413 96
1261 356 1317 411 s.
1366 357 1693 411 tamnen
1711 360 1872 411 amr

470 516 620 579 tum,
664 525 841 585 quem
897 503 1206 585 Philippus
1260 515 1724 587 comparaverat,
1769 505 2084 569 retineret;
2146 502 2354 584 raptim
2407 499 2667 561 exercitu

474 604 656 664 ducto
711 602 1075 661 Thessaliam
1142 588 1493 680 improvisus
1563 602 1784 679 irrupit.
1868 602 1930 659 2.
1992 601 2369 660 Sustulerant
2439 600 2668 659 animos
2708 626 2712 630 ·

472 698 888 760 Thessalorum
916 698 1179 778 quidam,
1207 706 1267 757 et
1295 697 1544 756 insessis
1590 697 1666 756 ad
1696 698 1916 775 Tempe
1946 699 2239 776 angustiis
2282 698 2392 757 iter
2418 717 2490 755 ex
2533 697 2669 754 Ma-

472 797 725 859 cedonia
752 795 1004 855 venienti
1044 794 1459 856 occludebant.
1546 797 1602 855 3.
1648 795 1883 873 Quippe
1926 813 2027 852 eas
2075 796 2343 873 regiones
2376 793 2668 872 Olympus

472 906 650 973 atque
700 893 859 954 Ossa
900 893 1180 953 celebrati
1222 903 1453 957 montes
1504 893 1871 955 dirimuntz²
1932 911 2036 970 per
2078 911 2324 970 qnorum
2368 889 2670 950 convalles

472 992 704 1052 Peneus
746 991 933 1050 amnis
973 990 1212 1064 labitur,
1249 990 1395 1049 mira
1436 990 1778 1049 amoenitate
1830 988 2100 1048 solennia
2145 990 2336 1067 gentis
2381 988 2683 1047 sacrificia.

470 1089 733 1149 meritus.
815 1087 993 1147 Laetis
1022 1087 1313 1167 utrimque
1344 1087 1682 1146 nemoribus
1734 1086 2114 1145 obumbratus
2145 1085 2404 1152 incedit;
2449 1085 2685 1147 multo-.

471 1205 586 1264 que
616 1205 753 1244 cum
794 1185 1029 1245 fremitu
1073 1174 1282 1257 ruenti,
1312 1204 1385 1242 ex
1411 1183 1622 1243 vicinis
1674 1183 1978 1250 arboribus
2009 1181 2369 1243 avicularum
2413 1182 2685 1260 garritus:

470 1284 776 1363 obstrepit.
857 1286 915 1342 4.
960 1283 1235 1362 Angusta
1291 1282 1504 1342 semita
1548 1301 1650 1360 per
1701 1280 1958 1359 quinque
1990 1280 2109 1338 fere
2157 1278 2339 1341 millia
2382 1297 2664 1357 passuum

467 1379 883 1460 protenditur,b
910 1379 1008 1439 vix
1051 1390 1267 1440 onusto
1310 1379 1584 1458 jumento
1635 1378 1934 1437 sufficiens
1984 1377 2417 1456 iter-proebens
2445 1395 2473 1434 ε.
2503 1377 2669 1455 quod

470 1475 752 1537 adversus
796 1496 1224 1557 quemcumque
1250 1495 1556 1536 numerum
1604 1474 2027 1541 hominumvel
2073 1473 2277 1533 decem
2321 1475 2527 1533 armati
2572 1494 2669 1534 se·

470 1574 657 1652 piant.
744 1577 801 1634 5.
846 1574 965 1634 Sed
995 1574 1093 1634 ille
1123 1594 1242 1654 qua
1269 1574 1506 1633 minime
1533 1573 1750 1653 perviae
1797 1592 1974 1652 rupes
2004 1571 2507 1642 existimabantur,
2539 1592 2672 1631 sca-

472 1671 660 1731 larum
688 1671 747 1730 in
778 1670 1016 1732 modum
1061 1670 1306 1732 exciso⁰
1331 1672 1548 1730 montis
1596 1670 1770 1730 Ossae
1812 1670 2018 1741 latere,
2047 1668 2352 1728 circumitu
2392 1679 2665 1745 penetra-

471 1768 589 1836 vit;
634 1768 900 1849 adeoque
928 1767 1228 1829 celeritate
1276 1787 1387 1827 sua
1426 1778 1676 1828 cunctos
1722 1767 2019 1838 exterruit,
2048 1775 2116 1825 ut
2141 1772 2158 1800 ‘
2181 1765 2380 1824 omnia
2405 1765 2458 1824 ei
2491 1767 2677 1826 vecti-2

473 1864 630 1944 galia
657 1866 1022 1945 reditusque,
1055 1863 1227 1925 simul
1257 1864 1550 1924 universae
1580 1864 1772 1944 gentis
1813 1862 2142 1943 imperium,
2169 1861 2386 1940 quibus
2428 1862 2489 1921 id
2518 1864 2665 1943 legi-

468 1963 582 2022 bus
632 1963 940 2043 Philippus
994 1959 1337 2034 habuisset,’
1381 1962 1547 2021 nullo
1581 1960 1706 2042 jam
1754 1971 2119 2042 repugnante
2167 1946 2678 2020 decernerentur.⁴¹.

472 2060 532 2119 6.
574 2050 1056 2138 Phthiamf'quae
1088 2059 1317 2137 generis
1346 2059 1437 2118 sui
1466 2070 1767 2119 auctorem
1796 2057 2086 2118 Achillem
2117 2064 2132 2091 ‘
2162 2055 2531 2135 protulisset,
2559 2058 2663 2116 im-

470 2175 709 2221 munem
739 2176 871 2233 esse
889 2156 1106 2235 jussit:
1150 2176 1402 2235 eumque
1430 2156 1670 2216 heroiirn
1700 2154 2090 2236 expeditionis
2135 2152 2418 2213 adversus
2450 2154 2664 2215 Persas

471 2254 696 2314 socium
746 2265 926 2335 atque
968 2254 1422 2314 commilitonem
1473 2255 1690 2333 eligere
1742 2253 2041 2314 se’dixit.
2128 2252 2184 2308 7.
2231 2251 2321 2309 Ex
2359 2251 2669 2312 Thessalia

470 2350 893 2437 Thermopylas
923 2349 1108 2429 petiit,
1132 2349 1434 2429 publicum
1465 2351 1718 2410 Graeciae
1747 2351 2081 2422 concilium,
2111 2354 2128 2382 ‘
2153 2347 2521 2428 Pylaicum’r
2564 2370 2667 2430 ap-

469 2446 733 2527 pellant:
778 2448 833 2506 8.
879 2445 956 2506 ibi
986 2466 1119 2507 cum
1148 2446 1426 2527 frequens
1470 2468 1573 2526 per
1617 2468 1719 2512 eos
1748 2447 1875 2508 dies
1919 2453 2247 2508 conventus
2277 2456 2457 2519 esset,
2487 2446 2549 2507 in
2579 2446 2667 2509 lo-

468 2544 820 2624 cum-patris
843 2543 1341 2624 Amphictyonum
1386 2546 1624 2606 decreto
1654 2565 1918 2625 summus
1962 2546 2306 2605 Graecorum
2354 2544 2670 2626 imperator

468 2651 752 2715 creatus,⁸
784 2652 798 2675 ‘
833 2641 1223 2702 Ambraciotis
1251 2652 1438 2702 ratam
1482 2663 1621 2703 esse
1652 2644 1980 2704 libertatem
2006 2644 2021 2667 '
2037 2644 2240 2724 jussit,
2270 2664 2450 2725 quam
2478 2664 2667 2724 nuper

466 2740 718 2820 expulso
776 2738 1175 2799 Macedonum
1248 2740 1527 2817 praesidio
1584 2750 1959 2819 receperant:
2033 2748 2048 2775 ‘
2095 2744 2249 2804 ultro
2302 2740 2680 2803 redditurum.

465 2837 651 2895 fuisse
674 2836 690 2861 '
717 2836 1019 2910 dictitans,
1047 2840 1065 2871 ‘
1096 2838 1387 2916 nisspaucis
1411 2838 1621 2897 diebus
1646 2837 1838 2916 ipsum
1861 2840 2355 2900 antevertissent.'
2437 2840 2497 2897 9.
2547 2838 2683 2896 Ex-.

466 2930 607 2989 inde
656 2931 914 2991 Thebis¹¹
941 2922 1183 2993 admoto
1221 2934 1504 3006 exercitu,
1544 2934 1847 3014 fractaque
1881 2936 2221 2996 Boeotorum
2249 2947 2310 2996 et
2337 2935 2666 2994 Athenien-

468 3027 618 3087 sium
668 3030 1060 3102 contumacia,
1107 3031 1207 3108 qui
1254 3030 1459 3110 populi
1504 3031 1756 3090 maxime
1811 3032 1931 3091 suis
1980 3033 2242 3093 consiliis
2292 3033 2681 3104 obstiterant,

465 3130 482 3157 ‘
516 3122 672 3203 apud
707 3123 1056 3185 Corinthum
1088 3126 1434 3186 Graecorum
1472 3126 1706 3207 legatos
1751 3148 2051 3189 occurrere
2097 3130 2236 3189 sibi'
2262 3128 2484 3210 jussit.¹
2571 3133 2681 3189 10..

468 3219 557 3280 Ibi
584 3221 930 3281 confirmato
958 3222 1459 3303 Amphictyonum
1503 3223 1763 3299 decreto,
1793 3228 2089 3286 communi
2120 3228 2381 3305 omnium
2425 3236 2679 3292 senten-i

465 3316 659 3389 tia,<in
688 3316 945 3398 Philippi
975 3321 1158 3399 patris
1189 3320 1386 3389 locum
1412 3321 1727 3402 imperator
1751 3323 2002 3383 Graeciae
2034 3323 2316 3385 suffectus
2345 3334 2473 3384 est:
2518 3334 2578 3383 et
2604 3325 2663 3382 in

462 3412 684 3474 bellum
729 3415 1033 3477 Persicum
1063 3418 1281 3478 auxilia
1319 3417 1577 3478 decreta.
1671 3420 1763 3480 11.
1807 3419 1982 3480 Forte
2012 3420 2071 3479 in
2102 3421 2312 3481 eadem
2352 3422 2495 3484 urbe
2523 3421 2664 3480 Dio-

466 3530 647 3588 genes
680 3511 957 3592 degebat,
985 3515 1083 3594 qui
1117 3514 1341 3595 Cynico
1371 3514 1641 3575 instituto
1676 3527 2062 3594 spontaneam
2091 3527 2494 3598 paupertatem
2539 3538 2660 3577 am·

462 3608 696 3685 plexus,
729 3610 972 3670 liberum
1006 3622 1067 3671 et
1110 3614 1208 3676 sui
1232 3613 1385 3692 juris
1429 3614 1688 3673 animum
1732 3614 1939 3692 opibus
1979 3614 2250 3694 curisque
2296 3613 2656 3695 praetulerat.

470 3705 564 3764 12.
607 3706 1000 3784 Apricabatur
1040 3708 1140 3768 ille
1169 3709 1230 3767 in
1259 3709 1538 3784 Craneo,'‘
1567 3709 1835 3769 Corinthi
1878 3712 2177 3779 suburbi0,
2211 3712 2309 3772 ubi
2346 3730 2675 3793 cupresso-,

529 3852 554 3878 ⁸
586 3846 803 3897 Maxim.
822 3852 944 3915 Tyr.
969 3852 1120 3903 Orat.
1144 3859 1224 3904 38.
1672 3853 1694 3885 f
1720 3855 1834 3905 Liv.
1857 3868 2016 3905 xxxr.
2037 3859 2119 3906 32.

526 3919 550 3953 b
582 3919 723 3970 Plin.
780 3925 921 3975 Hist.
979 3929 1107 3980 Nat.
1165 3945 1243 3981 ιν.
1300 3936 1347 3981 8.
1405 3931 1517 3983 Liv.
1594 3930 1606 3938 “
1670 3938 1695 3973 ⁸
1730 3930 1884 3979 Diod.
1904 3932 2008 3982 Sic.
2030 3933 2063 3982 1.
2087 3933 2120 3981 l.

459 3993 614 4045 ‘nm
633 4000 684 4045 6.
975 4039 978 4042 Α
1671 4004 1694 4039 ¹²
1726 4006 1810 4057 Id.
1834 4007 1867 4058 l.
1891 4009 1926 4057 1.

529 4076 552 4103 ⁶
585 4071 816 4137 Polyaen.
837 4077 1067 4141 stratag.
1089 4095 1169 4131 w.
1191 4087 1239 4133 3.
1260 4073 1345 4136 23.
1666 4083 1681 4118 ¹
1711 4083 1793 4133 Id.
1815 4085 1849 4133 l.
1871 4085 1907 4134 1.
1929 4084 2121 4137 Justin.
2146 4083 2223 4139 xi.
2247 4079 2294 4139 2.
2315 4093 2367 4141 4.

515 4144 552 4228 γ’
568 4135 739 4228 Diod.
766 4165 903 4202 xvir.
923 4170 976 4227 p.
995 4160 1123 4229 ⁶563.
1145 4157 1338 4211 sustin.
1365 4175 1444 4213 ιι.
1469 4167 1517 4212 3.
1665 4158 1690 4193 ¹¹
1723 4160 1952 4212 Pausan·
1974 4171 2041 4212 ¹¹·

523 4229 552 4256 Ὀ
582 4223 881 4283 Philostrat.
904 4230 957 4281 in
983 4222 1197 4284 Heroic.
