2978 4933
501 357 646 451 178,
951 352 954 361 '
995 375 1062 435 q.
1107 370 1372 423 cua'rn
1422 371 1607 422 num
1659 370 1806 422 ms.
1851 374 1966 424 111.
2009 373 2175 426 cAr.
2202 360 2266 425 6.

516 520 640 587 sed
685 519 892 585 etiam
942 525 1021 586 nt
1066 519 1429 597 alumnum,
1460 518 1712 584 eximia
1767 521 2049 586 caritate
2093 518 2444 603 diligebat.
2530 518 2598 588 2.
2640 522 2706 587 Is

513 627 540 660 ‘
561 646 698 692 non
748 643 1058 710 praeceps
1118 642 1217 702 se,
1270 621 1391 687 sed
1439 623 1823 688 strenuum⁶
1864 624 2232 688 remedium
2293 622 2547 703 afferre,
2578 629 2742 699 tan-w

512 738 787 815 tamque
816 730 950 794 vim
979 727 1195 791 morbi
1221 727 1498 809 'potione
1554 727 1895 792 medicata
1937 727 2308 793 levaturum
2341 725 2531 792 esse’
2571 747 2710 812 pro-

509 833 712 900 misit.
826 831 1025 897 Nulli
1075 831 1487 914 promissum
1545 829 1695 915 ejus
1756 832 2092 915 placebat,
2151 838 2396 916 praeter
2445 829 2711 916 ipsum,b

511 939 702 1023 cujus
760 936 1063 1020 periculo
1124 935 1594 1018 pollicebatur.
1697 934 1764 1000 3.
1820 934 2065 1000 Omnia
2120 937 2372 1019 quippe
2433 936 2711 1002 facilius»

509 1059 710 1124 quam
759 1057 1037 1116 moram,
1078 1035 1340 1122 'perpeti
1401 1042 1708 1121 poterat:
1786 1057 1967 1103 arma
2024 1045 2095 1102 et
2156 1040 2341 1104 acies
2391 1039 2462 1104 in
2504 1039 2711 1104 oculis

509 1148 696 1207 erant
729 1163 746 1223 ;
795 1145 862 1207 et
907 1141 1267 1206 victoriam
1313 1140 1382 1204 in
1433 1160 1515 1205 eo
1567 1141 1860 1225 positam
1902 1148 2108 1227 [esse]
2154 1142 2622 1231 arbitrabatur,
2657 1142 2711 1206 si

506 1244 782 1312 tantum'
811 1252 965 1311 ante
1018 1248 1233 1330 signac
1281 1251 1455 1310 stare
1499 1245 1876 1331 potuisset:
1924 1247 1992 1311 id
2024 1247 2265 1330 ipsum,
2310 1246 2539 1331 ‘quod
2564 1249 2712 1332 post

507 1351 686 1416 diem
731 1351 998 1415 tertium
1059 1350 1618 1415 medicamentum
1683 1358 2023 1416 sumturus
2078 1351 2310 1428 esset,'
2366 1349 2499 1435 (ita
2544 1351 2712 1415 enim

503 1452 809 1518 medicus
838 1450 1307 1538 praedixerat,)
1337 1473 1516 1536 aegre
1568 1454 1806 1518 ferenS.
1862 1454 1929 1518 4.
1975 1454 2163 1519 Inter
2192 1453 2341 1517 haec
2373 1472 2416 1517 a
2445 1453 2712 1517 Parme-

504 1553 755 1634 nione,d
791 1557 1121 1623 fidissimo
1181 1562 1743 1642 purpuratorum:
1771 1557 2002 1622 literas
2050 1556 2342 1640 accipit,.
2361 1556 2610 1639 quibus
2655 1555 2713 1619 ei

506 1659 964 1739 denuntiabat,
993 1667 1013 1696 ‘
1031 1681 1116 1725 ne
1145 1661 1432 1726 salutem
1460 1678 1654 1725 suam
1677 1660 2000 1746 Philippo
2019 1661 2499 1727 committeret:
2534 1658 2713 1725 mille

502 1763 772 1829 talentis
803 1783 846 1829 a
877 1765 1091 1829 Dario
1140 1771 1213 1828 et
1260 1783 1381 1848 spe
1429 1764 1814 1847 nuptiarum
1868 1764 2124 1828 sororis
2175 1758 2364 1847 ejusf
2389 1781 2543 1850 esse
2575 1782 2716 1829 cor-

501 1864 811 1948 ruptum.’
892 1868 957 1931 5.
997 1866 1340 1949 Ingentem
1369 1866 1591 1930 animo
1643 1866 2144 1931 solicitudinem
2171 1865 2382 1931 literae
2411 1867 2715 1932 incusse-

502 1974 687 2049 rant3
731 1975 819 2047 et,
851 1970 1175 2053 quicquid
1205 1969 1273 2033 in
1304 1973 1656 2052 utramque
1707 1975 1967 2051 partem
1999 1974 2122 2034 aut
2150 1973 2369 2035 metus
2401 1975 2524 2034 aut
2557 1990 2716 2054 spes

489 2070 902 2156 subjecerat,
976 2080 1233 2138 secreta
1309 2072 1759 2138 aestimatione
1813 2072 2167 2155 pensabat.
2280 2072 2345 2138 6.
2419 2072 2715 2139 {Bibere

498 2178 964 2256 perseverem?
989 2188 1012 2215 ⁰
1040 2185 1067 2223 ⁸
1116 2182 1212 2254 ut,
1242 2175 1304 2239 si
1333 2194 1656 2239 venenum
1702 2174 1933 2240 datum
1983 2173 2200 2252 fuerit,
2247 2193 2333 2239 ne
2382 2174 2714 2243 immerito

502 2278 797 2360 quidem,
858 2279 1181 2363 quicquid
1232 2278 1576 2357 acciderit,
1623 2279 1927 2343 evenisse
1973 2276 2331 2369 videatur?
2381 2277 2717 2344 Damnem

562 2443 586 2477 ⁶
622 2445 735 2496 Non
756 2445 1024 2503 violentias,
1047 2447 1132 2496 sed
1152 2445 1335 2512 efficax.

562 2518 582 2544 ⁶
617 2513 716 2570 An,
734 2511 994 2576 inquiebat,
1011 2512 1063 2561 in
1087 2512 1297 2561 bibendoe
1315 2509 1524 2573 potionis
1547 2509 1744 2561 consilio
1761 2519 2096 2576 permaneam?

1418 2658 1785 2679 mmunffi

497 2764 636 2811 dmm
655 2766 1005 2824 nonntregem
1024 2764 1177 2822 modo,
1198 2765 1278 2825 &a
1344 2761 1480 2810 Vide
1507 2761 1634 2812 Not.
1657 2762 1782 2812 Var.
1786 2765 1885 2811 -2
1920 2761 1975 2811 Is
1993 2776 2086 2811 non
2112 2760 2388 2825 proecipisne
2421 2759 2574 2813 Leid.
2608 2769 2717 2814 tan·

497 2832 599 2875 tam
630 2828 725 2875 eim
764 2827 879 2875 Pal
922 2832 968 2875 l.
1006 2833 1231 2890 tanquam
1269 2825 1365 2874 vim
1386 2828 1539 2877 Voss.
1578 2831 1628 2876 2.
1651 2831 1892 2889 totamque
1909 2826 2008 2876 vim
2043 2828 2237 2876 mavult
2272 2826 2512 2876 Freinsb.
2555 2828 2716 2877 morbo

498 2893 655 2940 Voss.
689 2896 739 2940 2.
772 2891 1003 2940 meditata
1043 2893 1184 2940 Mer.
1252 2891 1382 2940 Mox
1422 2892 1473 2939 in
1512 2893 1696 2940 eodem
1735 2892 1869 2941 libro
1902 2896 2216 2955 preterquam
2248 2890 2358 2955 ipsi.
2360 2896 2459 2941 -3
2492 2892 2719 2945 Theocr.

492 2955 697 3018 positam
739 2956 1081 3020 arbitrabatur,
1122 2955 1313 3006 omisso
1349 2956 1426 3017 τῷ·
1461 2970 1581 3007 esse.
1614 2956 1732 3006 Pal.
1771 2960 1821 3006 1.
1858 2962 2163 3020 suscepturas
2197 2963 2322 3007 esset
2324 2961 2435 3006 .-4
2469 2955 2622 3008 Leid.
2661 2964 2718 3008 et

499 3021 647 3070 Voss.
672 3026 720 3070 l.
744 3024 792 3070 2.
826 3021 1135 3070 Permenione
1158 3020 1370 3134 passim.
1436 3020 1576 3069 Mer.
1598 3017 1835 3070 ditissimo
1859 3036 1955 3085 pro
1962 3022 2216 3099 fidissimo
2287 3020 2433 3071 Leid.
2459 3022 2634 3073 literis
2641 3039 2719 3072 ac·

497 3085 646 3147 cipit:
685 3085 810 3136 Bas.
831 3086 997 3134 literas
1031 3087 1211 3149 accepit
1213 3090 1325 3135 .—5
1361 3085 1479 3135 Pal.
1507 3089 1552 3135 1.
1573 3091 1753 3135 secreta
1774 3086 2145 3163 existimatione,
2169 3087 2307 3151 qnod
2333 3101 2438 3135 non
2461 3087 2714 3137 damnan-

498 3149 621 3198 dum
661 3155 818 3213 putat
852 3148 1185 3212 Schefferus3
1216 3152 1372 3200 Voss.
1414 3155 1463 3201 2.
1503 3157 1682 3201 secreta
1720 3152 2047 3202 extimatione.
2048 3157 2147 3202 —6
2181 3153 2355 3202 Bibere
2389 3154 2454 3200 ad
2490 3154 2716 3202 altimum

500 3214 656 3265 Voss.
690 3219 740 3266 2.
763 3214 982 3279 quicquid
1016 3216 1228 3267 accidere
1250 3216 1418 3281 Bong.
1443 3220 1493 3267 1.
1518 3215 1741 3280 quicquid
1761 3217 1998 3267 acciderat
2019 3217 2165 3267 Leid.
2198 3219 2497 3268 Damnemne
2518 3218 2640 3268 Pal.
2664 3223 2712 3268 1.

1486 3346 1698 3398 NOTAE

557 3448 581 3482 ¹³
615 3448 802 3513 Ipsam]
833 3448 1209 3499 Alexandrum.
1640 3459 1819 3498 cerum
1852 3459 1913 3499 ac
1947 3449 2138 3499 ducum
2163 3443 2487 3513 nobilissimi,
2520 3448 2711 3514 quibus

556 3532 578 3557 ‘²
612 3525 741 3575 Ante
782 3526 947 3589 signa]
1002 3526 1123 3577 Non
1171 3524 1463 3590 dubitabat,
1511 3526 1556 3574 si
1637 3524 1735 3592 boc
1780 3525 2145 3590 indulgebatur
2198 3525 2445 3588 singulari
2503 3526 2711 3589 Regum

490 3599 646 3650 modo
669 3610 848 3665 posset
870 3608 993 3651 ante
1016 3601 1235 3664 primam
1252 3601 1416 3651 aciem
1434 3614 1556 3651 con·
1637 3600 1839 3664 favore,
1855 3608 1915 3652 ut
1936 3615 2165 3665 purpura
2185 3600 2547 3664 induerentur,
2567 3602 2710 3666 quod

491 3679 699 3742 sistere,
722 3676 835 3728 fore
860 3684 919 3728 nt
950 3692 1042 3728 sua
1077 3677 1373 3741 praesentia,
1405 3685 1556 3739 nutu,
1638 3678 1767 3729 alias
1790 3678 1908 3728 solis
1933 3677 2197 3743 proprium
2222 3685 2338 3728 erat
2358 3678 2608 3743 Regibus.

492 3769 621 3805 voce
640 3755 851 3806 animati
871 3757 1210 3819 Macedones,
1233 3756 1523 3806 vincerent.
1701 3753 1724 3785 f
1751 3755 1944 3805 Soror-is
1964 3754 2089 3819 ejus]
2123 3756 2438 3805 Plutarchus
2463 3754 2709 3807 interfec-

554 3830 577 3863 ἀ
607 3834 653 3881 Α
676 3834 1010 3899 Parmenione]
1065 3834 1247 3884 Curtio
1291 3832 1553 3883 consenti·
1636 3832 1739 3882 tori
1774 3833 2079 3897 promissam
2114 3846 2145 3881 a
2184 3833 2345 3882 Dario
2377 3831 2537 3883 filiam
2575 3834 2707 3884 scri-

491 3915 587 3957 unt
609 3911 772 3958 ceteri
809 3911 897 3972 qui
930 3913 1060 3960 banc
1092 3911 1316 3975 attigere
1348 3910 1552 3959 histori-
1635 3909 1731 3960 bit.

490 4000 602 4045 arn;
625 3992 683 4034 ut
717 3987 803 4034 vix
826 3987 1111 4036 audiendus
1134 3988 1202 4036 sit
1225 3988 1442 4048 Seneca,
1465 3986 1552 4051 qui
1698 3985 1724 4029 ’Β
1759 3985 2088 4048 perseverem]
2146 3986 2162 4013 ‘
2187 3985 2562 4036 Perseverare’
2600 3986 2702 4037 hoc

487 4064 580 4128 has
604 4061 669 4111 ab
688 4062 1001 4128 Olympiade
1016 4071 1182 4114 matre
1202 4064 1377 4113 literas
1396 4061 1553 4113 Alex·
1632 4065 1765 4126 loco,
1785 4078 1886 4114 non
1913 4053 2042 4114 facti
2066 4063 2158 4114 sed
2181 4064 2435 4129 propositi
2459 4072 2704 4132 perseve-

490 4139 652 4189 andro
678 4140 898 4204 scriptas
924 4141 1166 4204 prodidit.
1233 4143 1319 4191 De
1354 4142 1549 4191 ‘talem
1630 4141 1853 4192 tantiam
1891 4140 2183 4205 significat:
2222 4155 2391 4206 neque
2432 4141 2566 4190 enim
2605 4138 2698 4190 ad-

490 4217 587 4267 tis'
607 4216 740 4267 infra
761 4232 879 4283 cap.
903 4222 984 4269 13.
1629 4220 1730 4269 huc
1753 4211 1931 4268 bibere
1965 4215 2213 4282 coeperat,
2248 4218 2341 4267 sed
2379 4224 2575 4267 tantum
2606 4217 2700 4267 de·

552 4301 574 4327 ⁸
607 4295 1014 4360 Purpurotoram]
1046 4296 1062 4323 ‘
1088 4296 1397 4361 Purpurati'
1433 4310 1551 4361 pro·
1632 4302 1890 4352 creverat.
