2978 4933
796 419 1051 470 suren.
1099 419 1181 467 m
1230 420 1300 479 Q.
1348 416 1701 468 suarium
1752 419 1897 468 ms.
1947 421 2026 469 ιι.
2371 404 2500 470 117

294 565 574 647 est,‘qnae
605 564 900 628 Abderam
941 575 1005 627 et
1051 566 1400 626 Maroneam
1446 564 1627 626 ducit.
1719 568 1812 625 15.
1858 566 2012 626 Nam
2056 566 2115 625 in
2159 565 2357 628 littore
2384 567 2496 628 iter

292 667 487 727 facere
515 666 873 738 instituerat,
901 674 970 725 ut
1000 664 1247 724 navibus
1277 663 1423 736 suis,
1451 683 1586 745 quae
1599 664 1773 743 juxta
1796 662 2191 737 ducebantur,
2212 665 2498 745 praesidio

291 773 480 837 esset,
501 763 551 823 si
580 764 780 824 Persae
805 764 959 823 forte
988 761 1411 831 occurrissentz
1456 762 1677 843 quippe
1707 761 1805 822 isti
1832 770 1959 822 tum
1989 762 2166 823 etiam
2193 764 2370 823 maris
2387 764 2498 824 im-

292 861 523 941 perium
572 861 942 923 obtinebant.
1024 860 1146 941 Ipsi
1193 859 1351 920 enim
1399 859 1637 921 modica
1683 860 1932 930 classis}
1977 870 2041 921 at
2089 861 2246 944 apud
2295 852 2499 924 hostes

290 959 535 1040 Cypriae
564 958 1003 1040 Phoeniciaeque
1030 974 1234 1032 naves,
1271 959 1612 1039 assuetique
1648 960 1953 1023 maritimis
1979 962 2153 1025 rebus
2195 961 2502 1035 classiarii,

289 1067 358 1117 et
411 1056 887 1120 exercitatissimi
941 1056 1193 1137 remiges
1242 1054 1434 1117 erant.
1524 1058 1620 1120 16.
1665 1057 1823 1118 Nam
1878 1057 2258 1132 Macedonia,
2312 1078 2501 1141 nuper
2572 1140 2577 1145 ι

287 1164 527 1217 tentato
576 1157 752 1216 maris
793 1154 1059 1235 imperio,
1104 1154 1373 1216 nondum
1420 1154 1767 1217 abundabat
1814 1157 2103 1225 navibus:
2147 1168 2209 1218 et
2248 1176 2287 1218 a
2323 1157 2500 1218 sociis

278 1252 555 1334 maligne
580 1255 1018 1335 proebebantur.
1103 1252 1297 1313 Etiam
1326 1252 1748 1328 AthenienseS,
1777 1273 1913 1315 cum
1941 1255 2016 1315 ab
2044 1254 2190 1335 ipsis
2233 1254 2499 1316 triremes

286 1360 657 1430 peterentur,
684 1361 918 1413 tantum
961 1367 1083 1411 xx.
1127 1350 1453 1412 miserunt:
1501 1352 1958 1431 suggerentibus
2004 1370 2210 1412 eorum
2251 1352 2503 1415 oratori·

289 1448 462 1521 bus,¹'
509 1457 529 1484 ‘
551 1448 875 1530 periculum
927 1465 1083 1521 esse,
1112 1467 1189 1508 ne
1230 1447 1424 1509 classe
1474 1459 1746 1530 accepta,
1775 1459 1985 1512 contra
2036 1468 2138 1511 eos
2168 1450 2269 1532 qui
2306 1453 2500 1514 misis-

288 1555 450 1619 sent,
479 1547 781 1615 uteretur.'
870 1550 965 1608 17.
1010 1547 1101 1605 Ex
1130 1547 1203 1607 iis
1230 1546 1380 1608 locis
1410 1548 1487 1608 ad
1531 1547 1796 1608 Hebrum
1824 1548 2066 1609 fluvium
2096 1546 2447 1613 contendit:
2474 1563 2499 1599 ⁴¹

247 1700 250 1703 Α
288 1664 414 1724 quo
457 1644 620 1705 haud
666 1644 979 1706 difficulter
1035 1645 1406 1721 transmisso,
1449 1647 1510 1706 in
1555 1645 1841 1708 Paeticam
1882 1647 2154 1707 Thraciae
2199 1649 2501 1728 regionem

263 1743 600 1820 -pervenitt
642 1743 782 1804 inde
810 1756 1087 1824 superato
1132 1763 1325 1818 amne,
1354 1765 1530 1825 quem
1561 1750 1579 1778 ‘
1612 1744 1948 1806 Melanem’
1976 1744 2302 1824 appellant,
2329 1746 2497 1826 vige-

287 1840 443 1901 simo
472 1851 785 1925 postquam
818 1861 855 1902 a
893 1841 1072 1901 domo
1099 1842 1399 1921 profectus
1428 1842 1622 1903 fuerat
1649 1841 1768 1915 die,
1813 1842 2030 1903 Seston
2072 1841 2269 1921 attigit
2294 1843 2356 1901 in
2398 1862 2501 1904 ex·
2550 1828 2551 1831 Ἴ

286 1938 495 1998 tremis
523 1940 882 2000 continentis
925 1940 1138 2000 finibus
1187 1939 1584 2020 Hellesponto
1626 1940 2048 2014 imminentem,
2078 1960 2200 2020 qua
2228 1941 2501 2019 angustis

283 2035 571 2096 fluctibus
598 2038 961 2097 insinuatum
985 2056 1148 2097 mare
1176 2036 1380 2097 Asiam
1410 2037 1484 2096 ab
1513 2037 1753 2116 Europa
1793 2036 2036 2098 dirimit.
2126 2039 2221 2098 18.
2267 2037 2504 2118 Quippe

288 2133 657 2194 Macedonia
677 2134 987 2195 Thraciam
1014 2134 1392 2214 conjunctam
1407 2134 1628 2203 haben
1673 2155 1809 2215 quoe
1837 2152 2191 2215 procurrens
2219 2134 2276 2193 in
2309 2143 2501 2194 ortum

287 2230 529 2293 duobus
576 2232 871 2313 capitibus
917 2233 1121 2292 Asiam
1164 2241 1458 2312 tangeret,
1486 2231 1601 2292 nisi
1647 2230 2054 2292 intercedente
2100 2231 2316 2312 pelago
2345 2251 2505 2291 sum·-

285 2338 661 2389 moveretur:
706 2328 917 2390 dextra
942 2326 1372 2409 Hellespontus
1402 2338 1598 2398 arcet3
1644 2328 1892 2390 ulterius
1924 2328 2295 2408 Bosphorus,
2323 2342 2503 2409 quem

284 2425 608 2488 Thracium
634 2426 958 2508 appellant,
984 2426 1332 2509 Byzantium
1362 2448 1400 2490 a
1427 2427 1814 2490 Chalcedone
1843 2436 2100 2509 separat.
2190 2426 2287 2488 19.
2336 2426 2503 2487 Inter

283 2526 399 2585 has
428 2525 739 2605 angustias
766 2526 1094 2604 intercepta
1122 2520 1436 2607 Pro'pontis
1458 2525 1585 2606 jam
1610 2510 1836 2587 laniore
1864 2526 2062 2607 spatio
2083 2525 2261 2606 juxta.
2293 2524 2502 2604 Bithy-

287 2624 451 2682 niam
502 2635 563 2683 et
607 2622 887 2684 Ponticas
935 2623 1211 2704 regiones
1256 2622 1630 2685 diffunditur.
1714 2624 1880 2683 Infra
1927 2622 2269 2703 Bithyniam
2305 2620 2504 2701 Mysia

287 2729 422 2788 est3
468 2719 687 2781 deinde
713 2713 1015 2802 Phrygia,
1043 2721 1479 2803 Phrygiamque
1527 2720 1886 2800 contingens
1931 2717 2144 2799 Lydia,
2185 2717 2422 2796 longius
2466 2735 2504 2776 a

287 2818 439 2878 mari
466 2828 730 2880 remotae.
816 2818 1071 2881 Interius
1101 2818 1396 2900 spatiosas
1424 2817 1698 2899 regiones
1733 2816 2051 2878 celebratoe
2095 2813 2500 2876 foecunditatis

285 2925 349 2976 et
379 2915 703 2994 opulentiae
733 2926 943 2997 gentes
982 2916 1274 2977 habitant.
1359 2917 1459 2978 20.
1509 2915 1731 2976 Littora
1767 2933 1912 2995 quae
1961 2913 2231 2973 Thraciae
2275 2912 2504 2980 Graeci-

288 3020 478 3094 aequg³
514 3015 763 3074 obversa
806 3024 966 3087 sunt,
997 3013 1414 3094 Hellespontii,
1455 3012 1679 3075 deinde
1715 3014 1901 3073 Troes
1947 3011 2174 3083 colunt,
2203 3010 2508 3071 calamita-

285 3110 451 3171 tibus
479 3110 705 3192 inclyti.
779 3113 945 3171 Infra
970 3112 1080 3173 hos
1124 3111 1309 3172 AEolis
1340 3123 1401 3172 et
1431 3112 1601 3172 Ionia
1646 3117 1750 3192 per
1776 3111 1960 3190 longa
2012 3109 2281 3169 littorum
2312 3109 2506 3189 spatia.

283 3205 498 3289 ‘Lydiae
524 3208 992 3289 praetenduntur.
1078 3209 1256 3270 Caria
1284 3209 1503 3271 deinde
1543 3230 1680 3270 cum
1727 3228 1961 3270 annexa
2010 3205 2255 3278 Doride,
2282 3224 2505 3285 magna

283 3323 362 3365 ex
387 3313 559 3384 parte
588 3307 733 3367 mari
761 3307 1138 3381 circumfusa,
1167 3327 1288 3367 non
1332 3308 1527 3368 minus
1574 3307 1772 3389 amplo
1823 3314 2017 3366 tractu
2064 3305 2380 3363 introrsum
2409 3319 2504 3363 re·

286 3401 471 3463 cedit.
556 3406 659 3465 21.
724 3401 837 3465 His
887 3405 1055 3465 terris
1130 3404 1522 3466 nobilissimae
1599 3404 1812 3465 insulae
1887 3401 2231 3483 adjacentz*
2273 3399 2501 3460 Lesbus

290 3497 545 3573 AEolica,
575 3500 761 3561 Chius
791 3511 852 3561 et
879 3502 1092 3561 Sarnus
1124 3501 1329 3576 Ioniae,
1352 3512 1413 3563 et
1436 3501 1659 3563 Dorica
1688 3500 1967 3570 Rhodus,
1996 3498 2248 3577 aliaeque
2275 3496 2505 3572 multae,

287 3614 539 3676 quarum
567 3598 812 3659 nomina
834 3597 1177 3659 Graecorum
1206 3600 1605 3660 monumentis
1652 3598 2074 3660 inclaruerunt.
2159 3594 2313 3653 Nam
2347 3595 2502 3653 anti-

285 3694 421 3773 quis
457 3695 818 3776 temporibus
861 3713 1095 3766 omnem
1141 3696 1298 3757 hanc
1325 3717 1491 3757 oram
1541 3697 1779 3756 Graecia
1816 3691 2226 3774 frequentibus
2250 3689 2503 3751 coloniis

289 3788 625 3851 insederat:
671 3812 806 3872 quae
835 3804 960 3852 tum
991 3812 1229 3873 quoque
1258 3795 1618 3862 manebant;
1663 3792 1770 3853 sed
1813 3790 2131 3850 Persarum
2159 3786 2287 3867 regi
2312 3796 2504 3848 satra-

289 3886 502 3965 pisque
552 3888 860 3968 subjectae,
918 3890 1176 3971 priscam
1235 3892 1429 3971 gentis
1485 3892 1819 3951 libertatem
1867 3885 2176 3948 barbarica
2225 3886 2505 3946 servitute

290 3992 683 4045 mutaverant.
767 3988 866 4045 22.
910 3985 1250 4048 Alexander
1291 3988 1394 4048 ubi
1438 3988 1656 4048 Seston
1693 3984 2004 4067 pervenit,r
2044 3983 2358 4045 maximam
2400 4002 2503 4044 co-

362 4241 389 4275 Ρ
439 4233 585 4288 Plut.
636 4236 688 4287 in
737 4251 791 4288 x.
838 4236 991 4288 Orat.
1040 4248 1168 4290 vur.
1211 4241 1261 4289 9.
1306 4244 1365 4288 et
1510 4246 1533 4279 ‘1
1568 4236 1776 4287 Arrian.
1801 4238 1895 4289 1.1.

296 4326 377 4364 ιι.
404 4317 446 4364 1.
1509 4322 1530 4348 ¹·
1561 4313 1643 4366 Id.
1666 4315 1701 4366 1.
1728 4316 1765 4366 l.
