2978 4933
503 351 632 419 530

503 511 833 578 siderum‘
859 509 1146 593 caligine
1174 507 1629 574 absconditur.
1718 507 2027 573 Ceterum
2074 508 2135 572 si
2177 524 2355 590 quos
2399 506 2522 572 ille
2558 527 2712 573 ven-

503 625 631 686 tus,
662 614 780 698 qui
811 633 854 679 a
877 615 1042 678 mari
1067 614 1389 688 exoritur,
1413 609 1871 695 deprehendit,
1894 631 2095 676 arena
2129 611 2374 674 obruit.
2437 610 2552 676 30.
2583 611 2716 676 Sed

504 737 637 802 qua
665 717 892 781 mitior
919 723 1095 783 terra
1140 723 1271 794 est,
1322 717 1554 797 ingens
1601 715 1943 779 hominum
1993 733 2461 799 equorumque
2490 715 2715 780 multi-

503 821 670 888 tudo
699 821 999 904 gignitur.
1084 819 1352 905 [ltaque
1399 818 1744 883 Bactriani
1787 818 2049 902 equites
2092 833 2295 881 xxx.
2338 817 2556 882 millia
2602 838 2716 883 ex-

501 925 893 1010 pleverant]
977 923 1083 989 31.
1118 923 1286 1007 Ipsa
1307 923 1608 1000 Bactra?
1636 921 1922 1003 regionis
1950 921 2097 1007 ejus
2126 925 2356 1003 caput,
2387 920 2530 986 sita
2559 929 2717 985 sunt

504 1029 634 1093 sub
667 1034 885 1093 monte
915 1027 1409 1111 Parapamiso!
1498 1026 1788 1090 Bactrus
1837 1025 2054 1089 amnis
2099 1023 2399 1107 praeterit
2424 1024 2711 1088 moenia:

504 1132 565 1195 is
592 1132 742 1195 urbi
770 1137 834 1196 et
859 1130 1113 1213 regioni
1158 1128 1348 1194 dedit
1384 1147 1649 1193 nornen.
1735 1127 1845 1193 32.
1894 1128 2036 1192 Hic
2082 1127 2272 1210 regi*
2315 1126 2573 1192 stativa
2602 1125 2715 1189 ha-

501 1235 688 1299 benti
714 1235 1052 1299 nuntiatur
1082 1252 1171 1297 ex
1220 1231 1499 1298 Graecia
1537 1236 1559 1265 ‘
1579 1231 2184 1316 Peloponnensium
2226 1229 2715 1311 Laconumque

505 1335 799 1402 defectio
819 1335 857 1402 ε’
890 1336 1187 1401 nondum
1232 1335 1407 1398 enim
1455 1335 1623 1400 victi
1666 1343 1880 1412 erant,
1935 1353 2090 1399 eum
2136 1330 2715 1416 proficiscerentur

505 1440 830 1504 tumultus
862 1439 1009 1523 ejus
1039 1438 1372 1523 principia
1408 1438 1812 1503 nuntiaturi:
1857 1447 1926 1503 et
1967 1437 2144 1502 alius
2175 1454 2483 1519 praesens
2516 1441 2714 1499 terror

506 1541 796 1619 affertur,
832 1547 853 1576 ‘
888 1541 1201 1626 Scythas,
1233 1540 1352 1623 qui
1379 1540 1551 1605 ultra
1578 1541 1839 1605 Tanain
1885 1560 2146 1605 amnem
2188 1538 2438 1615 colunt,
2470 1537 2714 1603 adven-

506 1651 653 1710 tare
706 1645 924 1709 Besso
979 1644 1272 1709 ferentes
1352 1642 1595 1727 opem.’
1708 1643 1959 1708 Eodem
2011 1650 2330 1725 tempore,
2390 1646 2590 1724 ‘quae
2649 1640 2713 1702 in

506 1755 700 1828 gente
728 1744 1085 1811 Ariorum¹
1132 1744 1439 1810 Caranus
1488 1751 1559 1811 et
1595 1745 1909 1830 Erigyius
1938 1741 2333 1828 gesserant,'
2376 1743 2710 1827 perferun-

955 368 1022 427 Q.
1070 362 1330 412 eUR‘ru
1385 362 1561 410 Rnrl
1618 360 1757 409 mn.
1809 362 1943 411 vu.
1992 363 2156 410 cAP.
2198 347 2262 410 4.

1433 1926 1775 1946 “OM“

506 2043 678 2091 harene
700 2042 889 2100 abrutin
938 2043 1075 2093 Mer.
1110 2044 1232 2093 Bas.
1263 2051 1316 2093 et
1347 2044 1519 2095 Amat.
1540 2046 1718 2096 harena
1740 2047 2045 2096 obruit.——30
2081 2046 2197 2094 Pal.
2220 2049 2267 2093 1.
2291 2042 2388 2092 Sed
2408 2043 2524 2104 quia
2547 2043 2711 2090 minor.

501 2111 518 2138 ⁸
542 2107 622 2155 Ex
657 2107 826 2168 glossa
859 2109 970 2157 haec
1005 2123 1145 2170 esse,
1166 2110 1340 2172 Itaque
1373 2111 1437 2160 Β.
1471 2127 1513 2159 e.
1550 2112 1734 2161 XXX.
1773 2127 1836 2160 m.
1871 2127 1913 2160 e.
1942 2118 2087 2160 recte
2125 2117 2375 2160 notamnt
2408 2108 2623 2157 Modius
2661 2115 2715 2155 et

503 2172 921 2222 Freinshemius?
953 2172 1372 2225 &Amicam—81
1410 2176 1558 2224 Pith.
1597 2177 1695 2227 sita
1728 2182 1835 2234 e⁸t‚·
1881 2178 1931 2225 in
1976 2176 2167 2227 Fauch.
2211 2175 2544 2236 exsculptum
2586 2177 2715 2220 m&

503 2237 744 2287 Floreat.
788 2238 932 2287 Leid.
967 2248 1023 2287 et
1054 2240 1202 2288 Voss.
1244 2244 1289 2289 1.
1320 2245 1368 2289 2.
1405 2241 1705 2304 Parapaniso
1736 2242 1966 2298 boctnts5
1999 2241 2122 2291 Ald.
2168 2238 2444 2303 Pampanis
2468 2239 2715 2292 Bactrus,-

502 2302 677 2365 Bong.
710 2303 825 2351 Pal.
862 2306 909 2353 1.
943 2304 1087 2353 Dan.
1109 2315 1163 2355 et
1186 2305 1324 2353 Mer.
1364 2307 1641 2370 Par-apanis
1664 2307 1897 2356 Oboctms
1919 2308 2160 2363 Bactm5
2193 2304 2363 2354 Amat.
2403 2303 2717 2366 Parapamiso
2758 2359 2769 2362 ⁷

506 2366 720 2416 Bactrus
735 2384 756 2424 ,·
789 2370 910 2417 Bas.
935 2377 990 2417 et
1024 2370 1137 2419 Col.
1175 2371 1484 2433 Parapamiso
1510 2372 1867 2421 Bactrum—32
1902 2374 2130 2421 Florem.
2155 2370 2301 2420 Leid.
2326 2370 2481 2417 Voss.
2509 2373 2558 2415 l.
2584 2368 2716 2416 Dan.

507 2435 564 2480 et
607 2433 774 2495 Bong.
820 2433 1329 2497 Pelogmnensiornm
1362 2437 1522 2487 Frob.
1553 2437 1677 2487 Bas.
1715 2445 1771 2487 et
1804 2437 1976 2503 Lngd.
2011 2435 2416 2502 Peloponnensium.
2481 2434 2712 2483 Florent.

506 2498 660 2548 Voss.
685 2500 731 2547 1.
757 2506 812 2547 et
836 2498 970 2549 Dan.
980 2500 1193 2559 serentis
1212 2515 1361 2564 opem.
1427 2502 1543 2551 Pal.
1569 2508 1615 2553 l.
1636 2518 1742 2567 qua·
1775 2504 1966 2566 vigente
1979 2520 1998 2561 ‚·
2033 2501 2154 2552 Ald.
2177 2517 2281 2566 ‹1²⁶ae
2315 2503 2532 2561 ingente.
2598 2499 2715 2547 Flo-

504 2572 642 2612 rent.
662 2572 716 2612 et
735 2563 883 2613 Leid.
906 2564 1138 2614 Arionm
1163 2567 1406 2615 Gaurana
1425 2573 1474 2616 et
1498 2567 1713 2631 Erigrms
1726 2583 1745 2624 ,·
1767 2569 1916 2618 Voss.
1941 2574 1987 2618 1.
2008 2569 2234 2619 Alienum
2261 2567 2517 2615 Cannar-us
2533 2568 2585 2612 et
2606 2564 2714 2612 Eri-

498 2642 656 2689 guas‚·
680 2628 831 2677 Voss.
854 2633 904 2678 2.
920 2630 1151 2679 Arionem
1172 2632 1378 2680 (Σαΐων-υ
1397 2638 1444 2681 et
1463 2633 1709 2693 Erigonum,-
1738 2632 1856 2683 ΑΜ.
1875 2634 2105 2683 Ariorum
2123 2634 2352 2682 comm
2370 2636 2422 2680 et
2447 2629 2713 2693 Erigyium·

502 2693 642 2742 Dan.
663 2701 722 2745 et
745 2695 861 2744 Pal.
888 2699 934 2745 1.
973 2695 1207 2745 Arionem
1230 2698 1451 2746 Caurum
1479 2703 1528 2747 et
1551 2698 1803 2760 Erigat&
1836 2700 2003 2762 Bong.
2038 2703 2089 2748 2.
2120 2698 2345 2748 Alienum
2382 2696 2634 2745 Caura-us
2670 2700 2715 2741 et

505 2759 765 2823 lemgum,-
798 2761 965 2824 Βοῦς.
993 2766 1040 2810 1.
1063 2761 1209 2811 Pith.
1230 2770 1283 2812 et
1307 2762 1503 2813 Faucb.
1536 2763 1773 2814 Arionum
1797 2766 2039 2815 Caietam
2059 2770 2107 2814 et
2142 2762 2390 2824 Erigm;
2426 2761 2569 2810 Mer.
2593 2760 2712 2809 Bas·

1485 2926 1701 2979 NOTA-3

1645 3058 1759 3094 esse
1781 3059 1897 3094 cnm
1916 3042 2054 3093 venti
2074 3041 2399 3107 quieveruut.

1709 3130 1735 3156 ¹²
1767 3123 1971 3185 Bactra]
1997 3120 2138 3170 Huic
2159 3118 2274 3167 urbi
2296 3129 2485 3166 nomen
2511 3127 2716 3180 quoque

503 3040 706 3097 regant,
727 3034 954 3084 interdiu
976 3050 1082 3085 non
1105 3045 1337 3100 possunt.

566 3115 583 3146 ¹
613 3113 854 3177 &dev-ntur]
907 3116 1256 3167 Quorumnam
1290 3123 1462 3167 autem
1498 3118 1565 3166 si·

503 3188 723 3239 derum?
756 3203 822 3237 an
846 3203 1022 3239 eorum
1045 3191 1232 3256 quibus
1266 3199 1429 3243 noctu
1462 3194 1566 3243 iter

502 3267 737 3332 regitur?
770 3274 826 3317 at
851 3269 966 3317 haec
990 3267 1056 3317 de
1079 3267 1162 3317 die
1197 3284 1298 3319 non
1325 3270 1562 3335 caligine,

498 3344 588 3393 sed
629 3344 750 3393 solis
790 3345 1028 3393 nimirum
1068 3346 1181 3395 luce
1213 3348 1562 3399 occultantur.

501 3419 724 3472 Sidet-mn
758 3435 885 3485 ergo
913 3436 1007 3484 per
1040 3422 1300 3486 syllepsim
1335 3424 1562 3487 positum

500 3503 709 3559 oportet
730 3511 825 3562 pro
845 3498 862 3526 ‘
883 3498 1103 3557 sideris?
1123 3499 1244 3549 solis
1279 3499 1562 3561 videlicet3

496 3574 596 3623 nisi
620 3577 853 3625 Curtium
879 3579 1111 3626 volumus
1146 3592 1323 3641 parum
1348 3592 1562 3628 consen-

498 3658 654 3701 tanea
677 3659 785 3701 tum
806 3653 1010 3715 rationi,
1032 3661 1141 3701 tum
1176 3669 1298 3704 vero
1330 3655 1429 3704 sibi
1461 3656 1563 3719 ipsi

500 3728 720 3793 dixisse,
743 3732 830 3796 qui
853 3731 985 3782 infra
1004 3733 1068 3780 de
1086 3746 1141 3783 re
1163 3734 1316 3783 simili
1334 3734 1561 3785 scribat:

501 3805 517 3832 ‘
540 3806 719 3870 Caligo
744 3808 1018 3860 immodico
1052 3809 1210 3860 'terrae
1242 3810 1450 3861 fervore
1473 3826 1562 3861 ex-

500 3880 665 3931 citata
686 3883 852 3934 lucem
887 3887 1170 3951 (diurnam)
1195 3888 1360 3951 tegit?
1425 3889 1563 3939 Nam

501 3958 639 4022 quod
664 3958 894 4011 Gallicus
929 3964 1200 4029 Interpres
1235 3965 1309 4015 sic
1334 3964 1564 4030 explicat

501 4034 647 4099 quasi
669 4035 756 4083 has
788 4037 999 4088 nebulas
1023 4041 1163 4090 venti
1186 4043 1442 4104 excitent,
1463 4043 1560 4094 hoc

499 4112 677 4161 nescio
718 4126 869 4176 quam
901 4128 1072 4166 verum
1115 4118 1218 4178 sit3
1267 4118 1386 4168 huic
1419 4126 1561 4169 certe

1645 3196 1748 3248 fuit
1779 3200 1795 3227 ‘
1817 3196 2104 3261 Zariaspa,’
2120 3198 2164 3245 sl
2188 3193 2434 3245 Straboni
2458 3192 2716 3241 credimus

1644 3275 1738 3326 lib.
1752 3289 1830 3325 ιι.
1853 3276 1907 3324 in
1924 3277 2104 3324 Bactr.
2138 3274 2315 3325 Quare
2332 3268 2713 3318 emendandum

1643 3351 1767 3403 illud
1790 3351 1947 3400 Plinii
1970 3350 2057 3399 lib.
2073 3362 2152 3397 vr.
2174 3362 2294 3411 cap.
2310 3349 2394 3396 23.
2417 3346 2434 3374 ‘
2454 3344 2715 3408 Prophta·

1644 3428 1723 3477 sia
1744 3427 1994 3491 oppidum
2018 3425 2364 3487 Zarasparum
2384 3420 2422 3482 ς’
2453 3434 2517 3470 ac
2540 3421 2713 3482 legen-

1644 3504 1763 3554 dum
1788 3506 1805 3534 ‘
1822 3501 2199 3567 Ariaspai-um?
2220 3507 2280 3550 ut
2303 3500 2414 3548 vult
2437 3498 2711 3547 Freinshe-

1645 3583 1795 3643 mius,
1828 3582 1910 3630 vel
1947 3581 1964 3609 ‘
1983 3569 2391 3643 Akriasparum:
2424 3573 2496 3623 de
2529 3575 2713 3637 quibus

1645 3673 1822 3723 supra,
1859 3673 1975 3722 cap.
2010 3663 2059 3707 8.
2126 3652 2361 3715 Bactrus]
2404 3651 2511 3700 Hic
2534 3651 2711 3700 Ptole-

1642 3737 1765 3785 maei
1784 3735 1993 3785 videtur
2012 3748 2128 3783 esse
2142 3733 2160 3760 ⁴
2185 3727 2483 3795 Dargidus.'

1710 3818 1733 3842 v
1766 3807 2103 3874 Parapamiso]
2175 3808 2261 3856 Sic
2309 3818 2429 3854 vere
2477 3802 2708 3867 appellat

1644 3902 1799 3953 quem
1830 3902 1987 3952 supra
2023 3884 2278 3936 communi
2311 3895 2492 3932 errore
2520 3879 2707 3942 decep-

1642 3971 1726 4015 tus
1751 3966 2037 4014 Caucasum
2057 3961 2285 4023 dixerat,
2303 3973 2422 4022 cap.
2447 3961 2498 4006 3.

1706 4048 1740 4073 ¹¹
1774 4040 1878 4089 Hic
1913 4037 2041 4101 regi]
2082 4037 2220 4087 Vide
2257 4050 2375 4100 quae
2417 4032 2703 4082 notavimus

1644 4116 1708 4166 ad
1732 4115 1824 4166 lib.
1847 4129 1926 4165 vr.
1949 4129 2064 4179 cap.
2087 4118 2136 4164 3.
2209 4113 2288 4161 De
2320 4112 2437 4175 ipsa
2476 4124 2595 4159 vero
2615 4108 2702 4157 de-

501 4188 616 4240 loco
640 4189 805 4253 aptari
843 4205 941 4239 non
976 4206 1124 4254 posse
1150 4193 1321 4259 viden,
1342 4194 1428 4244 ubi
1452 4195 1561 4258 pla·
1637 4192 1868 4244 sectione
1894 4198 2066 4240 actum
2093 4188 2241 4239 initio
2263 4188 2380 4237 libri
2401 4186 2654 4249 ejusdem.

503 4279 622 4314 num
654 4276 737 4315 est
772 4266 838 4315 de
879 4267 968 4317 illo
1005 4275 1240 4333 tempore
1275 4284 1561 4321 sermonem

1706 4277 1734 4303 ¹
1768 4270 1829 4319 In
1856 4273 2001 4330 gente
2032 4264 2284 4327 Ariorum]
2326 4262 2400 4313 Hi
2422 4262 2561 4323 enim
2584 4274 2697 4311 auc·
