2978 4933
538 389 670 455 124
1333 405 1389 454 J.
1439 402 1941 455 rnnrnsnnun

539 574 645 634 per
664 554 823 614 latus
851 550 1064 611 admeto
1091 548 1434 611 confossum
1464 551 1778 614 amiserim
1832 554 1934 613 21.
1967 553 2199 622 Quibus
2221 555 2397 615 rebus
2416 554 2727 616 vehemen-

542 664 631 713 ter
678 651 961 720 irritatu8‚
1005 647 1273 727 equitatu
1318 648 1493 708 simul
1541 658 1603 708 et
1638 649 1936 730 phalange
1982 650 2378 712 circumdatos
2424 651 2727 712 occidione

540 748 796 815 occidit:
840 745 1102 825 exceptis
1156 745 1391 806 duobus
1434 745 1557 806 fere
1599 745 1879 821 millibus,
1928 749 2032 827 qui
2075 748 2136 807 in
2165 748 2531 809 deditionem
2558 769 2730 810 vene-

541 857 699 907 runt.
779 847 880 904 22.
924 844 993 903 In
1041 843 1380 904 universum
1428 863 1593 905 caesa
1643 855 1785 906 sunt
1833 865 1907 906 ex
1933 845 2204 907 hostibus
2231 848 2438 928 viginti
2466 845 2729 928 peditum

538 943 745 1016 millia,
773 943 895 1003 duo
924 942 1228 1022 equitum:
1267 952 1579 1023 captorum
1606 963 1712 1023 par
1745 944 1923 1005 ferme
1964 964 2245 1005 numerus
2286 945 2420 1006 fuit.
2507 945 2602 1003 Ex
2628 943 2733 1004 dn·

537 1041 709 1102 cibus
740 1042 1023 1102 Memnon
1060 1038 1289 1121 effugit,
1326 1060 1465 1101 cum
1494 1042 1743 1116 Arsace,
1770 1040 2155 1102 Rheomithre
2178 1052 2243 1102 et
2266 1042 2472 1123 Atizye
2496 1062 2514 1110 ;
2559 1036 2733 1102 ceteri

537 1139 805 1200 honestis
833 1139 1173 1199 vulneribus
1217 1140 1644 1201 occubuerunt.
1723 1139 1975 1214 Arsites‚
2016 1160 2155 1200 cum
2202 1138 2263 1199 in
2307 1139 2631 1220 Phrygiam
2672 1158 2733 1199 se

534 1237 880 1315 recepisset,
917 1235 1144 1315 pudore
1192 1247 1254 1297 et
1294 1235 1657 1317 poenitentia,
1713 1236 1876 1317 quod
1918 1236 2094 1317 hujus
2140 1237 2335 1298 cladis
2374 1256 2573 1298 causa
2618 1256 2734 1296 non

535 1333 826 1393 immerito
869 1332 1203 1407 haberetur,
1247 1334 1364 1393 sibi
1410 1348 1621 1394 manus
1664 1334 1909 1395 intulit.¹⁸
1994 1332 2093 1396 23.
2137 1335 2477 1397 Alexander
2512 1350 2735 1416 paucos

537 1429 796 1509 quidem,
826 1429 932 1490 sed
958 1430 1384 1510 promtissimos
1421 1450 1495 1492 eo
1530 1430 1736 1513 praelio
1780 1422 2079 1512 perdidit:
2122 1433 2368 1514 triginta
2410 1431 2737 1493 admodum

421 1527 426 1533 ’
534 1526 789 1606 pedites,
817 1528 1198 1608 septuaginta
1217 1531 1481 1610 quinque
1510 1530 1742 1611 equites
1770 1530 2153 1591 ceciderant!
2230 1532 2422 1610 Igitur
2447 1541 2516 1590 ut
2536 1518 2735 1591 osten-

535 1626 724 1699 deret,
748 1627 1021 1688 omnibus
1065 1629 1128 1688 in
1173 1641 1423 1710 utraque
1464 1630 1705 1699 fortuna
1742 1628 1900 1710 apud
1932 1651 2000 1691 se
2031 1629 2228 1690 virtuti
2256 1630 2566 1711 praemium
2594 1629 2740 1700 fore,

537 1725 885 1806 superstites
935 1726 1246 1788 Persarum
1300 1727 1502 1807 spoliis
1532 1726 1723 1788 ditat:
1764 1728 2091 1789 occisorum
2120 1747 2368 1808 corpora
2395 1747 2535 1787 cnm
2564 1727 2737 1786 armis

535 1832 849 1903 ceteroque
903 1824 1066 1884 cultu
1114 1825 1430 1905 magnifice
1476 1826 1724 1905 sepelit:
1772 1827 2120 1906 parentibus
2161 1844 2366 1886 eorum
2416 1823 2737 1903 'liberisque

533 1921 906 1981 vacationem
924 1941 1231 1981 munerum
1247 1922 1528 1984 concedit
1548 1929 1601 1983 :⁸
1622 1927 1722 1984 24.
1744 1923 2178 1983 vulneratorum
2195 1923 2372 1982 etiam
2393 1941 2541 1982 cura
2557 1921 2737 1981 ambi·

533 2017 685 2078 tiose
713 2027 850 2080 acta
876 2028 970 2079 est
985 2038 1008 2088 3
1048 2038 1188 2079 cum
1233 2020 1361 2099 ipse
1404 2040 1508 2080 rex
1534 2021 1813 2082 obeundo
1844 2020 2095 2082 tentoria
2122 2031 2183 2081 et
2211 2018 2589 2100 inspiciendo
2619 2019 2737 2078 sin-

533 2116 709 2194 gulos
733 2117 749 2148 *
790 2115 1220 2177 solicitudinem
1250 2137 1419 2178 suam
1446 2136 1556 2199 pro
1578 2117 1869 2198 gregariis
1886 2119 2065 2179 etiam
2084 2117 2366 2178 militibus
2389 2124 2737 2189 ostentaret,

534 2232 606 2273 ac
635 2232 870 2293 gravem
897 2213 1187 2293 cujusque
1210 2234 1419 2276 casum
1447 2214 1853 2275 munificentia
1879 2214 2275 2295 laudibusque
2299 2224 2404 2274 aut
2427 2212 2737 2292 promissis

534 2309 844 2371 solaretur.
904 2313 1006 2374 25,
1037 2311 1189 2380 Quas
1232 2312 1482 2373 comitas
1511 2312 1574 2370 in
1600 2310 1802 2371 omnia
1826 2311 2108 2392 deinceps
2135 2310 2399 2392 pericula
2419 2308 2740 2370 fidissimos

534 2407 588 2465 ei
611 2408 925 2487 praestitit:
968 2429 1079 2471 nec
1097 2410 1414 2491 quisquam
1445 2408 1740 2470 recusavit
1778 2409 2044 2489 spiritum
2084 2429 2192 2490 pro
2227 2426 2299 2471 eo
2328 2427 2468 2488 rege
2492 2406 2741 2487 profun-

533 2502 696 2577 dere,
725 2506 826 2585 qui
848 2526 1041 2587 neque
1067 2508 1248 2568 vitam
1275 2527 1518 2568 suorum
1544 2506 1802 2586 inopem,
1829 2525 2022 2586 neque
2048 2516 2296 2567 mortem
2323 2503 2740 2588 inhonoratam

532 2611 850 2682 pateretur.
938 2606 1037 2665 26.
1101 2597 1361 2685 lnsi‘gnis
1404 2624 1529 2687 prae
1572 2604 1789 2665 ceteris
1836 2603 2028 2664 honor
2075 2603 2188 2665 suit
2228 2602 2434 2685 viginti
2474 2602 2740 2683 quinque

532 2700 797 2781 equitum
842 2722 921 2762 ex
970 2711 1162 2762 turma
1203 2701 1524 2764 amicorum
1549 2721 1566 2771 3
1610 2722 1762 2781 quos
1812 2700 1998 2781 primo
2047 2703 2249 2761 statim
2294 2701 2623 2780 congressu
2669 2720 2742 2759 ex

530 2797 733 2876 iniquo
763 2797 897 2857 loco
919 2808 1256 2877 pugnantes
1277 2799 1594 2859 multitudo
1617 2798 1930 2859 Persarum
1952 2808 2348 2880 oppresserat.
2430 2800 2534 2857 27.
2579 2798 2741 2858 Nam

533 2893 815 2974 LysippO,
836 2913 1009 2973 aquo
1030 2914 1170 2968 uno,
1189 2904 1428 2975 propter
1450 2894 1706 2954 hominis
1734 2896 2025 2975 peritiam,
2048 2896 2109 2955 in
2127 2916 2245 2957 oere
2272 2895 2415 2976 fingi
2439 2893 2739 2967 voluerat,

533 2990 864 3068 imperavit,
892 3000 960 3050 ut
1004 3002 1313 3070 equestres
1362 2992 1508 3073 ipsis
1560 3002 1803 3064 statuas,
1839 2993 2139 3054 faceretzu
2179 3014 2331 3074 quas
2373 2991 2532 3073 apud
2580 2992 2739 3052 Dion

533 3085 914 3147 Macedoniae
939 3086 1227 3167 oppidum
1256 3089 1580 3151 collocatas
1606 3101 1745 3170 post
1771 3093 2013 3171 longam
2042 3100 2280 3153 aetatem
2330 3090 2552 3151 abolito
2599 3091 2736 3150 Ma-

532 3182 824 3244 cedonum
875 3203 1087 3264 regno,
1132 3184 1208 3253 Q.
1259 3185 1543 3247 Metellus
1601 3187 1853 3248 Romam
1901 3189 2249 3249 transtulit.v
2330 3190 2433 3248 28.
2472 3187 2738 3247 Primum

529 3280 705 3361 hujus
751 3282 1012 3342 victorine
1050 3282 1452 3365 decuspenes
1484 3285 1680 3366 ipsum
1709 3305 1907 3365 regem
1937 3285 2084 3347 fuit:
2108 3295 2137 3321 ¹
2176 3286 2366 3347 aciem
2397 3284 2618 3365 optime
2649 3284 2738 3342 in-

534 3388 853 3453 struxerat,
891 3379 1326 3460 observataque
1355 3382 1471 3443 loci
1498 3394 1731 3453 natura,
1767 3383 2039 3461 obliquos
2058 3389 2082 3424 5
2119 3403 2226 3464 per
2244 3383 2463 3443 flumen
2495 3380 2735 3441 ordines

542 3475 812 3549 duxerat,
837 3496 912 3536 ne
935 3476 1140 3536 statim
1165 3498 1302 3538 cum
1332 3499 1406 3539 ex
1432 3498 1593 3559 aqua
1614 3480 1969 3551 evasissent,
2000 3498 2036 3538 a
2065 3479 2266 3539 Persis
2295 3478 2732 3539 invaderentur.

535 3573 827 3634 Tui-batos
854 3572 1092 3647 deinde,
1121 3574 1476 3656 territosque
1503 3576 1799 3648 excitavit,
1825 3576 2142 3648 hortatus,²
2184 3583 2202 3611 ‘
2231 3585 2301 3635 ut
2327 3576 2539 3636 saltem
2554 3573 2734 3636 semel

531 3670 729 3733 adhue
755 3681 1001 3733 strenuo
1021 3672 1391 3733 adorirentur
1419 3672 1670 3734 hostes!
1750 3676 1850 3756 29.
1896 3672 2104 3752 Neque
2133 3671 2327 3732 minus
2357 3691 2540 3731 manu
2566 3670 2733 3731 sorti·

595 3841 621 3875 Ρ
654 3834 1091 3887 Plut.Alex.l.l.
1745 3844 1767 3868 v
1801 3834 1986 3885 Vellei.
2028 3835 2241 3885 Paterc-
2287 3849 2328 3886 1.
2375 3837 2457 3886 11.
2497 3836 2549 3884 4.
2593 3834 2732 3884 Plin.

595 3915 629 3952 ‹1-
654 3910 861 3960 Arrian.
880 3913 918 3962 l.
943 3913 980 3961 l.
1675 3913 1817 3964 Hist.
1837 3911 1961 3963 Nat.
1987 3923 2128 3963 xxx.
2151 3917 2200 3964 8.
2630 3953 2631 3956 ¹

596 3988 618 4018 ¹
650 3983 849 4036 1<1.1.1.
880 3986 1026 4037 Plut.
1064 3987 1218 4040 Alex.
1255 4004 1305 4054 p.
1324 3992 1441 4041 Gn.
1474 3989 1597 4041 Jus·
1738 3995 1765 4023 ²¹
1798 3989 1953 4041 Diod.
1972 3987 2078 4041 Sic.
2113 4001 2256 4041 xvn.
2277 4003 2330 4055 p.
2352 3991 2469 4040 6⁷³.
2500 3988 2734 4053 Polyaen.

532 4064 628 4115 tin.
648 4075 727 4114 11.
749 4067 798 4112 6.
822 4066 905 4113 12.
1675 4081 1754 4116 ιν.
1782 4070 1830 4116 8.
2521 4103 2524 4107 Α

597 4147 618 4173 ·
651 4140 856 4190 Arriau.
876 4140 913 4191 1.
936 4140 972 4189 l.
1738 4154 1759 4187 r
1795 4142 2002 4193 Arrinn.
2024 4157 2066 4193 ι.
2091 4148 2173 4194 15.

598 4218 615 4249 ῑ
646 4216 729 4266 Id.
752 4217 785 4265 1.
810 4217 845 4265 l.
1734 4229 1754 4254 ²
1787 4220 2134 4285 Polyaen.l.l.

598 4299 621 4325 ¹¹
654 4291 737 4342 Id.
759 4293 849 4341 1.1.
883 4291 1145 4342 Plut.1.1.
