2978 4933
1279 364 1408 429 421

615 675 1285 738 SUPPLEMENTUM
1330 673 1452 737 JO.
1497 674 2062 736 FREINSHEMII.

261 909 311 969 1.
359 906 518 968 Dim
544 927 620 969 ea
644 929 749 989 per
775 907 981 969 Asiam
1009 917 1320 988 geruntur,
1358 926 1435 968 ne
1471 908 1533 966 in
1561 906 1797 968 Graecia
1817 906 2058 987 quidem
2094 902 2445 964 Macedoni-

255 1023 397 1083 aque
437 1005 772 1086 tranquillae
816 1026 912 1067 res
954 1005 1164 1066 fuere.²
1243 1005 1562 1085 Regnabat
1589 1004 1749 1085 apud
1778 1002 2264 1064 Lacedaemonios
2293 1001 2445 1081 Agis

253 1101 589 1162 Archidami
611 1102 789 1176 filius,
816 1103 920 1184 qui
949 1102 1283 1162 Tarentinis
1312 1122 1488 1183 opem
1517 1102 1713 1167 ferens
1740 1101 2062 1174 ceciderat,
2095 1100 2306 1161 eodem
2348 1098 2449 1158 die

149 1206 152 1211 ’
252 1218 364 1277 quo
391 1199 697 1280 Philippus
726 1199 1122 1262 Athenienses
1143 1198 1221 1259 ad
1242 1199 1634 1260 Chaeroneam
1662 1197 1850 1279 vicit?
1929 1200 1996 1259 2.
2038 1199 2101 1257 ls
2121 1195 2453 1257 Alexandri

250 1314 348 1373 per
372 1295 650 1358 virtutem>
688 1299 944 1358 aemulus
984 1297 1150 1358 cives
1192 1317 1336 1358 suos
1364 1297 1730 1370 stimulabat,
1785 1302 1900 1357 ‘ne
1929 1293 2228 1357 Graeciam
2267 1294 2449 1356 servi-

250 1402 367 1452 tute
396 1394 797 1459 Macedonum
826 1396 1047 1459 diutius
1088 1396 1275 1476 premi
1315 1405 1693 1475 paterentur:
1735 1394 1853 1454 nisi,
1875 1393 1937 1452 in
1961 1403 2231 1473 tempere
2253 1391 2452 1472 provi-

250 1489 467 1567 derent,
520 1493 680 1554 idem
732 1495 947 1575 jugum
1004 1493 1098 1553 ad·
1140 1493 1308 1572 ipsos
1360 1493 1748 1553 transiturum
1796 1509 1959 1551 esse„
2038 1489 2451 1557 Annitendum

246 1586 435 1666 igitur,
464 1587 615 1650 dum
639 1592 856 1670 aliquae
876 1590 1071 1652 adhuc
1104 1590 1304 1652 Persis
1326 1589 1403 1650 ad
1433 1588 1832 1650 resistendum
1858 1588 2014 1649 vires
2039 1597 2278 1648 essent:
2328 1587 2451 1647 illis

250 1687 560 1764 oppressi&
614 1688 901 1751 adversus
941 1688 1257 1763 immanem
1298 1688 1628 1769 potentiam
1674 1688 1893 1747 frustra
1939 1687 2119 1746 avitae
2160 1685 2451 1747 libertatis

247 1800 530 1850 memores
572 1786 841 1846 futuros!
926 1789 988 1847 3.
1029 1787 1132 1846 Sic
1171 1787 1467 1847 instinctis
1510 1784 1720 1849 animis
1764 1782 2139 1844 occasionem
2181 1781 2327 1842 belli
2375 1801 2452 1844 ex

247 1883 550 1943 commodo
578 1884 879 1964 eoeptandi
902 1884 1503 1965 circumspiciebant-⁰
1587 1882 1775 1964 Igitur
1802 1882 2086 1943 felicitate
2109 1879 2453 1941 Memnonis

244 1976 484 2052 invitati,
522 1980 776 2043 consilia
814 2002 949 2042 eum
978 1982 1112 2061 ipso
1138 1982 1386 2042 miscere
1408 1982 1681 2062 aggressi
1707 1989 1886 2048 sunt;
1919 1994 1985 2039 et
2007 1991 2326 2058 postquam
2349 1977 2451 2038 ille

246 2092 428 2134 rerum
456 2076 731 2139 laetarum
759 2078 928 2138 initia
953 2078 1370 2158 intempestiva
1397 2090 1600 2156 morte
1617 2077 1910 2151 destituit,
1933 2076 2118 2136 nihilo
2145 2074 2453 2136 remissius

246 2174 513 2249 agebant.
601 2179 663 2237 4.
710 2176 831 2238 Sed
880 2174 959 2235 ad
1006 2175 1459 2236 Pharnabazum
1503 2185 1566 2236 et
1608 2173 2104 2255 Autophradaten
2145 2172 2452 2252 profectus

243 2268 409 2348 Agis,
430 2272 679 2352 triginta
712 2273 940 2353 argenti
965 2273 1215 2346 talenta,
1256 2273 1584 2354 decemque
1624 2273 1888 2332 triremes
1910 2268 2275 2350 impetravit,
2299 2289 2455 2348 quas

244 2365 518 2445 Agesilao
548 2370 713 2430 fratri
752 2370 938 2444 misit,
961 2381 1027 2431 ut
1056 2371 1120 2429 in
1159 2370 1402 2430 Cretam
1435 2367 1766 2450 navigaret,
1793 2367 1967 2448 cujus
2005 2367 2223 2428 insula
2257 2366 2455 2428 culto-

241 2480 336 2533 res
368 2462 520 2527 inter
572 2466 1058 2528 Lacedaemonios
1104 2478 1167 2528 et
1207 2468 1581 2529 Macedonas
1626 2466 1873 2528 diversis
1917 2463 2132 2526 studiis
2161 2463 2455 2526 distrahe-

239 2560 467 2623 bantur.
554 2568 616 2625 5.
662 2566 870 2645 Legati
917 2584 1157 2645 quoque
1206 2564 1284 2624 ad
1322 2565 1574 2624 Darium
1615 2562 1783 2624 missi
1833 2573 1994 2633 sunt,
2032 2561 2135 2641 qui
2174 2562 2236 2622 iu
2277 2580 2453 2622 usum

240 2656 371 2723 belli
400 2660 746 2742 ampliorem
799 2662 920 2722 vim
959 2662 1252 2741 pecuniae,
1290 2660 1616 2742 pluresque
1653 2679 1838 2721 naves
1880 2668 2197 2738 pateream
2253 2658 2453 2737 Atque

240 2754 364 2816 haec
392 2778 603 2819 eorum
621 2770 823 2841 caepta
850 2759 1062 2821 clades
1088 2760 1167 2821 ad
1198 2761 1393 2820 Issum
1412 2762 1574 2835 (nam
1607 2778 1680 2819 ea
1700 2758 2122 2834 intervenerat)
2149 2755 2301 2817 adeo
2330 2775 2454 2816 non

240 2851 656 2935 interpellavit,
703 2867 772 2917 ut
814 2858 994 2918 etiam
1043 2856 1375 2935 adjuverit:
1419 2857 1499 2917 6.
1523 2856 1743 2937 quippe
1782 2856 2110 2935 fugientem
2144 2854 2453 2915 insecutus

240 2949 574 3014 Alexander
621 2954 681 3013 in
727 2954 1058 3035 longinqua
1099 2954 1234 3015 loca
1282 2955 1474 3034 magis
1525 2954 1836 3034 magisque
1876 2952 2248 3032 rapiebatur;
2293 2962 2355 3012 et
2378 2970 2455 3012 ex

240 3046 363 3125 ipso
388 3051 597 3130 praelio
624 3054 1120 3116 mercenariorum
1148 3053 1363 3131 ingens
1404 3052 1726 3114 multitudo
1754 3053 1817 3112 in
1842 3051 2138 3112 Graeciam
2166 3050 2312 3130 fuga
2347 3070 2455 3130 pe-

240 3156 604 3210 netraverat:
647 3169 906 3229 quorum
951 3160 1089 3211 octo
1133 3151 1320 3211 millia
1367 3152 1617 3213 Persica
1654 3151 1908 3231 pecunia
1949 3150 2242 3211 conduxit
2281 3148 2454 3228 Agis,

238 3241 552 3328 eorumque
603 3268 784 3327 opera
825 3249 1141 3329 plerasque
1193 3250 1576 3310 Cretensium
1622 3251 1801 3311 urbes
1845 3248 2091 3327 recepit.
2176 3248 2237 3306 7.
2297 3246 2455 3332 Cum

239 3340 518 3424 deinceps
563 3345 788 3406 Menon
837 3346 899 3405 in
945 3347 1264 3407 Thraciam
1306 3349 1381 3408 ab
1419 3347 1765 3408 Alexandro
1791 3347 2035 3416 missua,
2061 3344 2346 3402 barbaros
2373 3342 2452 3402 ad

239 3437 629 3503 defectionem
665 3444 1022 3523 impulisset,
1053 3444 1252 3524 adque
1294 3465 1434 3505 eain
1472 3441 1979 3524 comprimendam
2009 3439 2325 3518 Antipater
2350 3458 2453 3499 ex-

236 3542 478 3600 ercitum
506 3561 583 3614 ex
615 3540 976 3601 Macedonia
1003 3542 1070 3602 in
1088 3541 1402 3602 Thraciam
1428 3541 1723 3613 duxisset,
1752 3536 2197 3619 opportunitate
2220 3548 2452 3616 tempo-

236 3635 310 3695 ris
339 3648 580 3699 strenue
608 3640 701 3699 usi
733 3638 1172 3700 Lacedaemonii
1199 3649 1385 3699 totam
1422 3639 1930 3719 Peloponnesum,
1971 3637 2179 3717 paucis
2208 3635 2451 3696 urbibus

237 3737 518 3814 exceptis,
562 3736 622 3795 in
650 3747 850 3817 partes
881 3747 1210 3810 traxerunt,
1245 3738 1640 3815 confectoque
1671 3735 1934 3795 exercitu
1964 3733 2173 3812 viginti
2200 3732 2453 3791 millium

235 3830 518 3910 peditum,
560 3854 698 3895 cum
748 3819 1048 3915 equitibus
1075 3836 1169 3895 bis
1211 3835 1395 3909 mille,
1424 3835 1606 3915 Agidi
1632 3853 1924 3894 summam
1963 3830 2190 3910 imperii
2220 3829 2452 3891 detule-

292 4094 316 4119 ²
348 4087 505 4138 Diod.
531 4104 652 4141 xvi.
674 4096 757 4142 89.
1447 4091 1472 4127 ἆ
1505 4091 1791 4143 Arriamn.
1809 4096 1861 4143 3.
1882 4094 1963 4139 10.
1990 4096 2047 4139 et
2067 4092 2148 4142 18.
2199 4087 2347 4136 Curt.
2369 4096 2456 4134 nr.

294 4160 316 4195 ¹³
345 4164 487 4216 Just.
512 4179 617 4217 111.
643 4172 690 4220 1.
709 4175 760 4218 5.
811 4169 967 4221 Diod.
994 4183 1145 4221 xvn.
1162 4174 1245 4221 62.
1382 4175 1430 4224 1.
1452 4175 1535 4222 39.
1586 4170 1798 4240 Arriam
1819 4184 1882 4220 ιι.
1903 4172 2051 4219 3.21.
2086 4180 2176 4217 ιιι.
2194 4171 2244 4215 5.
2270 4168 2350 4213 10.

292 4246 313 4275 ⁸
348 4241 509 4296 DIod.
533 4257 679 4297 xvn.
701 4250 783 4298 29.
