2978 4933
436 378 523 446 '12
1305 388 1751 440 rnooemuu.
2629 421 2672 451 χ

437 546 507 604 et
537 535 786 623 optime
818 535 904 601 ad
927 533 1287 599 lectionem
1315 531 1525 600 Curtii
1555 531 1984 618 praeparavit,
2006 537 2072 599 et
2096 530 2477 601 molestiam
2513 535 2621 600 la-

438 658 754 705 cunarum
782 639 1106 703 minorum
1136 635 1410 702 amovit.

448 782 453 789 -
522 739 1022 826 Exemplarium
1051 738 1377 804 editorum
1405 755 1643 820 magna
1672 735 2027 803 multitudo
2056 742 2179 816 est,
2229 739 2517 806 maxime
2546 740 2625 805 in

436 862 631 908 usum
662 842 1077 920 Scholarum,
1108 860 1390 926 quorum
1417 841 1720 906 recensio
1753 838 1955 924 hujus
1983 838 2249 924 quidem
2300 841 2440 908 loci
2484 861 2625 908 non

439 950 562 1010 est.
649 944 962 1011 Omnium
988 945 1186 1023 enim,
1230 944 1344 1028 qui
1374 943 1559 1009 hisce
1584 944 1794 1009 literis
1842 941 2129 1021 student,
2172 944 2483 1010 manibus
2522 951 2627 1011 te-

437 1047 647 1114 renda
675 1054 776 1113 est
803 1047 1102 1113 Harlesii
1121 1044 1211 1113 V.
1236 1046 1380 1113 Cel.
1410 1052 1432 1085 ‘
1455 1048 1732 1113 Brevior
1760 1045 2031 1112 Notitia
2061 1045 2451 1113 Literaturae
2483 1047 2628 1113 Ro-

436 1150 694 1217 manaess
782 1149 923 1229 Qui
952 1150 1147 1235 plura
1175 1151 1476 1235 cupiunt,
1512 1149 1947 1215 Freinshemii
1979 1147 2400 1234 Fabriciique
2422 1148 2629 1216 Cata-

439 1252 659 1336 }ogum
692 1271 733 1318 a
763 1253 1147 1336 Bipontinis
1191 1259 1460 1320 auctum
1486 1252 1903 1340 (quanquam
1934 1260 2005 1317 et
2032 1252 2085 1316 ii
2114 1252 2421 1336 quaedam
2453 1253 2631 1318 omi-

441 1359 698 1434 serunt)
727 1353 1061 1421 evolvant.
1144 1355 1471 1421 Tironum
1494 1363 1718 1421 tamen
1748 1372 1953 1420 causa
1975 1352 2188 1419 Curtii
2210 1360 2366 1438 post
2392 1353 2632 1419 literas

437 1462 706 1522 renatas
750 1456 891 1523 fata
934 1456 1366 1524 adumbrabo.
1468 1457 1704 1524 Editio
1753 1456 2072 1543 princeps
2115 1454 2329 1524 Curtii
2375 1455 2633 1541 prodiit

441 1556 753 1634 Venetiis
789 1559 983 1625 1470.
1035 1558 1176 1625 sive
1222 1560 1416 1626 1471.
1463 1560 1897 1645 plurimarum
1948 1578 2038 1624 ex
2080 1558 2355 1641 reliquis
2400 1559 2631 1642 basis3

441 1664 639 1726 aetate
666 1662 805 1726 sere
844 1680 971 1746 par
1013 1667 1119 1727 est
1166 1660 1479 1729 Romana
1528 1661 1790 1740 Laveri,
1831 1667 1903 1725 et
1945 1661 2258 1745 proxima
2297 1659 2635 1728 Mediola-

439 1763 665 1828 nensis
694 1764 884 1829 1475.
974 1761 1275 1829 Posteris
1305 1764 1715 1848 temporibus
1744 1763 1969 1847 plures
2007 1762 2133 1828 viri
2163 1762 2346 1829 docti
2374 1769 2634 1830 textum

439 1864 548 1928 vel
577 1884 616 1929 e
644 1864 1013 1931 Codicibus
1043 1872 1117 1930 et
1143 1865 1528 1952 conjectura
1564 1865 2011 1944 emendarunt,
2056 1865 2162 1930 vel
2208 1863 2410 1931 Notis
2437 1865 2635 1930 illus-

441 1971 715 2047 trarunt,
738 1987 1021 2051 quorum
1050 1967 1445 2034 celebriores
1475 1975 1629 2035 sunt
1652 1969 1815 2035 Des.
1839 1966 2180 2046 ErasmuS,
2204 1965 2442 2045 Aldus,
2460 1967 2635 2033 Adr.

440 2067 706 2149 Iunius,
755 2070 992 2137 Franc.
1036 2069 1336 2150 ModiuS,
1363 2069 1549 2148 (Val.
1579 2066 1994 2154 Acidalius‚)
2025 2067 2263 2135 Matth.
2292 2067 2636 2150 Raderus,

440 2171 645 2237 Titus
673 2173 958 2269 Popma,
1004 2171 1107 2238 Io.
1134 2174 1181 2238 J
1185 2191 1287 2239 os
1319 2172 1685 2238 Fontanus.
1775 2171 1996 2237 Nemo
2024 2190 2185 2237 vero
2223 2170 2455 2237 Curtio
2493 2191 2639 2239 ma-

432 2271 652 2354 jorem
671 2292 944 2382 operam
973 2273 1301 2356 impendit
1322 2293 1522 2356 quam
1544 2273 1842 2338 Joannes
1868 2272 2388 2351 FreinshemiuS,
2413 2270 2640 2343 Curtii

442 2373 830 2455 sospitator,
875 2373 1001 2456 q'ui
1040 2392 1169 2438 non
1199 2373 1414 2439 solum
1442 2380 1700 2439 textum
1728 2374 1925 2440 docte
1950 2374 2308 2452 recensuit,
2353 2374 2471 2439 sed
2517 2392 2639 2442 co·
2669 2416 2672 2419 ὴ

443 2474 658 2559 piosis
703 2493 975 2560 quoque
1024 2475 1536 2543 Commentariis
1577 2478 1958 2545 illustravit.
2069 2472 2434 2562 Exemplar
2480 2476 2638 2563 ejus

443 2576 655 2659 primo
685 2575 934 2663 prodiit
959 2578 1382 2660 Argentorati
1410 2580 1604 2647 1648.
1625 2580 1690 2647 8.
1723 2597 1808 2647 11.
1830 2579 1991 2647 Vol.
2013 2584 2152 2646 tum
2179 2598 2338 2645 vero
2363 2581 2640 2666 abipso

444 2678 907 2768 Freinshemio
954 2683 1159 2768 paulo
1210 2691 1362 2749 ante
1415 2685 1675 2751 obitum
1723 2683 2126 2762 adornatum
2173 2682 2373 2766 longe
2422 2682 2640 2767 priori

439 2784 710 2848 auctius
737 2791 805 2850 et
833 2785 1283 2863 emendatius,
1315 2793 1591 2851 curante
1621 2785 1897 2871 Rappio
1923 2784 2086 2850 ibid.
2116 2784 2312 2850 1670.
2334 2787 2404 2850 4.
2461 2785 2641 2852 Post

444 2884 972 2967 Freinshemium
1002 2886 1196 2951 multi
1239 2885 1546 2967 Curtium
1585 2888 1694 2953 vel
1737 2906 1892 2953 cum
1937 2885 2149 2951 Notis
2194 2905 2285 2951 ex
2327 2885 2443 2951 illo
2492 2886 2638 2952 Ex·-

444 2981 717 3070 cerptis,
763 2988 1014 3071 quibus
1062 3006 1221 3078 suas
1266 2989 1744 3073 insperserunt,
1787 2987 1908 3053 vel‘
1948 3007 2101 3053 cum
2148 2986 2354 3053 Notis
2393 2987 2641 3055 Vario·

445 3107 589 3152 rum
619 3088 999 3171 ediderunt3
1043 3090 1216 3155 inter
1240 3110 1412 3175 quos
1440 3090 1796 3156 laudantur
1817 3088 2170 3168 CellariuS,
2199 3087 2395 3173 cujus
2426 3090 2640 3156 editio

444 3189 665 3274 prima
697 3191 946 3275 prodiit
992 3191 1189 3260 1688.
1240 3199 1307 3259 et
1355 3194 1681 3272 PitiscuS,
1725 3192 1923 3278 cujus
1950 3190 2292 3276 posterior
2334 3191 2529 3257 1693.
2574 3196 2643 3257 et

444 3290 640 3356 1708.
669 3292 1035 3376 praefertur,
1063 3293 1290 3379 pueris
1322 3295 1756 3379 potissimum
1786 3291 2342 3359 commendanda.
2416 3293 2642 3360 Locu-

445 3394 823 3476 pletissima
844 3395 1137 3460 omnium
1161 3402 1263 3462 est
1289 3396 1567 3463 Henrici
1596 3394 2080 3478 snakenburgii
2102 3413 2255 3460 cum
2277 3393 2480 3460 Notis
2500 3393 2642 3460 Va-

447 3495 691 3561 riorum
726 3495 973 3579 partim
1015 3496 1311 3580 integris,
1353 3498 1597 3582 partim
1647 3498 1933 3575 selectiS,
1977 3496 2271 3581 Delphis
2316 3500 2386 3562 et
2428 3496 2648 3581 Lugd.

432 3597 692 3670 Batav.
740 3596 934 3664 172&
975 3598 1042 3662 4.
1084 3598 1155 3662 in
1200 3617 1340 3684 qua
1386 3598 1615 3665 omnia
1661 3599 2161 3683 Supplementa,
2201 3597 2645 3682 plurimorum

450 3696 667 3764 Godd.
717 3697 948 3766 Variae
991 3698 1352 3765 Lectiones
1398 3706 1466 3766 et
1514 3700 1809 3765 omnium
1839 3699 1974 3765 fere
2002 3699 2435 3783 interpretum
2462 3700 2644 3786 prio·

452 3819 595 3865 rum
647 3799 718 3866 N
717 3806 852 3866 otae
892 3802 1333 3867 continentur.
1421 3801 1630 3867 Basis
1668 3807 1773 3866 est
1822 3798 2385 3866 Freinshemiana.
2472 3801 2645 3869 Post

456 3901 910 3985 Snakenburg.
938 3904 1166 3987 plures
1195 3903 1418 3970 adhuc
1438 3903 1590 3969 edd.
1620 3904 1690 3969 in
1716 3903 2103 3981 Germania,
2145 3902 2376 3969 Gallia
2398 3908 2468 3968 et
2493 3904 2644 3971 Bri-

451 4005 685 4070 tannia
715 4003 1126 4089 prodierunt,
1150 4026 1432 4090 quarum
1451 4006 1638 4071 nulla
1660 4023 2067 4088 magnopere
2094 4003 2424 4069 laudatur.
2476 4006 2643 4072 Pro-

454 4107 702 4174 babilis
752 4111 856 4172 est
901 4105 1280 4191 Bipontina.
1370 4107 1769 4175 Novissima
1818 4125 2001 4186 vero,
2044 4125 2243 4191 quam
2292 4102 2520 4171 Cunze
2552 4107 2642 4173 V.

459 4203 564 4277 cl.
615 4208 1018 4277 Helmstadii
1064 4207 1256 4279 1795.
1302 4210 1495 4278 edere
1541 4210 1779 4298 coepit,
1820 4207 2115 4278 nondum
2161 4208 2472 4277 absoluta
2518 4218 2643 4276 est.
