2978 4933
881 448 999 499 οι..
1043 447 1202 500 oxi.
1241 433 1308 499 4.
1382 450 1455 502 A.
1505 455 1631 502 cn.
1676 455 1748 504 n.
1789 439 1940 509 333.
2372 446 2502 515 195
2546 532 2547 535 Ἴ

271 606 438 670 quo
465 588 740 673 long-ius,
759 594 1027 659 abesset
1052 595 1412 676 montibus»,
1445 583 1620 682 quo‘s
1651 611 2149 687 occupaverant
2183 606 2498 673 barbari.'

271 691 405 754 ll.
494 689 596 755 At
647 693 744 757 illi
774 690 795 739 1'
870 705 1092 780 neq'ue
1149 698 1423 764 obstare
1479 704 1919 782 venientibus»,
1963 725 2088 770 nec
2141 708 2508 775 circumire*

267 796 814 881 praetergressos
827 799 1003 877 ausi3
1025 797 1443 864 funditorum
1462 805 1754 870 maxime
1776 813 2051 890 aspectu
2067 810 2496 898 profugerant

268 893 543 960 territi:
563 915 777 979 eaque
800 918 905 963 res
924 905 1134 965 tutum
1153 900 1545 985 Alexandro
1565 909 1847 991 agminis
1863 910 2069 989 latus,
2089 913 2263 996 quod
2284 933 2365 977 ne
2384 934 2496 978 su-

265 1015 507 1078 perne
536 998 975 1067 incesseretur
1001 1003 1334 1083 timuerat,
1361 1010 1720 1091 praestitit!
1765 1012 1872 1076 12.
1897 1012 2198 1101 Triginta
2223 1022 2292 1078 ct
2320 1013 2453 1079 duo
2470 1009 2497 1051 ¹³

266 1107 699 1187 armatorum
728 1104 999 1170 ordines
1024 1107 1256 1188 ibant3
1301 1129 1517 1195 neque
1544 1113 1721 1177 enim
1750 1113 1955 1180 latius
1976 1115 2248 1180 extendi
2278 1117 2494 1187 aciem

264 1192 723 1281 patiebantur
751 1208 1102 1289 angustiae:
1134 1211 1457 1292 paulatim
1477 1211 1718 1280 deinde
1741 1235 1816 1279 se
1836 1215 2069 1282 laxare
2094 1219 2283 1282 sinus
2307 1239 2494 1283 mon-

263 1301 483 1384 tium,
517 1311 585 1369 et
610 1307 833 1391 majus
863 1311 1160 1394 spatium
1191 1317 1449 1396 aperire
1477 1326 1854 1398 coeperant3
1902 1319 1996 1383 ita
2018 1326 2092 1383 ut
2121 1339 2254 1382 non
2285 1320 2494 1404 pedes

260 1401 515 1466 s'olum
537 1405 842 1489 pluribus
859 1412 1085 1477 ordine
1116 1414 1449 1495 incedere,
1480 1418 1601 1482 sed
1633 1420 1831 1485 etiam
1865 1420 2187 1486 lateribus
2216 1422 2494 1489 circum-

261 1501 482 1572 fundi
511 1518 745 1590 posset
774 1514 1141 1596 equitatus.
1453 1534 1458 1537 ·
1654 1534 1662 1539 ·

287 1610 302 1627 ’·
369 1621 465 1669 x.
511 1611 572 1674 1.
616 1610 775 1679 Jam
803 1615 874 1687 in
905 1601 1452 1701 conspectu,‘sed
1482 1632 1680 1690 extra
1724 1625 1844 1690 teli
1887 1625 2168 1709 jactum,
2209 1630 2491 1711 utraque

336 1789 364 1822 ὁ
403 1792 577 1870 anue
595 1811 674 1845 res
692 1797 967 1849 Alexandro
989 1801 1200 1853 reddidit
1220 1802 1431 1856 securum
1450 1809 1575 1857 latus
1604 1811 1824 1860 dextrum
1858 1812 1996 1876 aciei,
2026 1812 2147 1875 quod
2178 1816 2408 1862 »uetuerat
2434 1824 2492 1862 m

258 1854 329 1904 ab
354 1857 585 1908 hostibus
603 1876 665 1910 ex
682 1864 919 1927 superiore
938 1867 1039 1915 loco
1055 1868 1229 1920 nwntis
1247 1871 1572 1936 impeteretur.

1213 1999 1246 2019 O

1481 2001 1572 2022 00ae

257 2069 436 2120 Leid.
469 2069 649 2123 abesset
670 2074 794 2124 acies
813 2077 1046 2128 montibus
1084 2079 1252 2143 Bong.
1287 2087 1341 2130 et
1364 2082 1513 2133 Voss.
1537 2088 1585 2134 1.
1610 2088 1783 2135 2.-11
1823 2086 1959 2138 Dan.
1984 2087 2107 2138 Put.
2144 2086 2288 2135 Pith.
2318 2086 2490 2149 Bong.

261 2138 317 2184 1.
344 2139 406 2184 2.
448 2135 596 2186 Leid.
624 2145 679 2188 et
707 2140 857 2189 Voss.
881 2144 931 2190 1.
965 2143 1237 2202 venientem
1274 2146 1465 2196 Fauch.
1491 2157 1544 2196 et
1569 2148 1686 2200 Pal.
1710 2155 1758 2202 1.
1790 2151 2014 2201 venienti.
2084 2150 2230 2201 Leid.
2255 2158 2311 2200 et
2336 2152 2486 2203 Voss.

259 2203 315 2259 l.
343 2204 407 2250 2.
443 2201 607 2250 territi
634 2202 944 2265 profugerent
958 2223 979 2264 ,·
1015 2209 1150 2257 Dan.
1184 2210 1312 2259 Put.
1342 2210 1533 2262 Fauch.
1556 2220 1611 2262 et
1636 2214 1804 2276 Bong.
1832 2220 1880 2265 1.
1902 2221 1951 2266 2.
1985 2216 2150 2265 territi
2176 2214 2490 2278 profuerant,-

255 2263 427 2314 Pith.
451 2266 622 2315 'territi
647 2267 974 2330 profugerent.
1042 2272 1190 2322 Leid.
1223 2273 1501 2337 Alexandro
1525 2281 1681 2327 tutum
1695 2295 1714 2336 ,-
1748 2281 1899 2330 Voss.
1926 2285 1970 2330 1.
2003 2280 2282 2330 Alexandro
2313 2285 2484 2329 totum.

256 2332 414 2379 -12
449 2328 566 2379 Pal.
581 2334 635 2380 1.
667 2333 846 2383 ordinis
866 2335 1014 2384 ibam.
1081 2338 1251 2401 Bong.
1274 2347 1328 2389 et
1358 2340 1509 2390 Voss.
1535 2346 1582 2392 1.
1616 2346 1782 2392 laxare
1802 2359 1853 2393 se
1884 2351 1929 2395 et
1950 2346 2112 2403 sinus3
2145 2346 2293 2394 Voss.
2316 2349 2365 2394 2.
2396 2346 2491 2393 las-

254 2405 382 2442 me
406 2406 495 2452 se,-
529 2394 663 2446 Mer.
695 2412 745 2446 se
781 2398 948 2449 laxare
984 2406 1032 2449 et
1067 2402 1216 2452 sinus.
1285 2405 1411 2453 Mox
1455 2407 1593 2457 Dan.
1631 2408 1746 2458 Pal.
1773 2412 1820 2459 1.
1861 2410 2012 2459 Voss.
2050 2414 2098 2458 1.
2139 2408 2263 2459 Ald.
2296 2416 2349 2458 ct
2373 2409 2487 2458 Col.

255 2458 464 2514 oraine,
499 2459 636 2522 quod
660 2470 860 2513 rectum
883 2471 1069 2528 putant
1095 2464 1291 2519 Scheff.
1312 2476 1369 2519 et
1390 2470 1714 2536 Schmieder,
1749 2474 1841 2523 sed
1876 2476 2107 2539 elliptice
2143 2475 2367 2537 positum
2391 2483 2488 2536 pro

256 2525 276 2551 ⁴
304 2524 363 2573 in
393 2522 617 2575 ordine:
683 2527 834 2578 Leid.
852 2530 1028 2579 ordini.
1059 2531 1077 2559 ‘
1096 2532 1225 2581 Cum
1250 2534 1482 2597 pluribus
1509 2538 1666 2587 codds
1689 2546 1743 2588 et
1763 2538 1881 2588 edd.
1908 2556 2002 2601 pro
2023 2557 2052 2589 a
2075 2539 2303 2588 lateribus
2325 2539 2492 2600 scrip-

261 2589 307 2637 si
354 2588 599 2639 lateribus
634 2591 824 2641 omisso
860 2592 926 2641 a.'
955 2594 1277 2646 Schmieder.
1342 2599 1487 2649 Leid.
1523 2601 1673 2650 Voss.
1697 2594 1744 2651 1'.
1767 2608 1819 2652 2.
1855 2603 1976 2654 Am.
2013 2603 2181 2664 Lugd.
2219 2610 2275 2651 et
2316 2600 2489 2653 Amst.

259 2653 534 2702 omittunt
550 2661 614 2715 n,-
637 2654 689 2704 id
706 2657 953 2708 exhibent
971 2662 1135 2708 ceteri
1161 2660 1314 2710 codd.
1338 2678 1455 2712 cnm
1479 2664 1601 2713 edd.
1623 2667 1842 2716 Venett.
1859 2668 2052 2717 Veron.
2071 2666 2291 2716 Mediol.
2309 2666 2488 2717 Maitt.

259 2717 518 2768 Freinsb.
539 2719 727 2770 Cenat.
752 2722 935 2772 Pitisc.
955 2724 1086 2773 Ten.
1108 2725 1270 2775 Barb.
1294 2726 1416 2791 Bip.
1443 2727 1606 2778 Cnnz.
1632 2737 1686 2777 et
1705 2729 1892 2779 Bothe.
2455 2737 2461 2743 '

333 2786 366 2831 1
412 2782 522 2833 Pro
542 2784 729 2844 ‚iactum
761 2786 906 2837 Pith.
928 2785 1035 2848 jam
1067 2794 1166 2838 tum
1180 2806 1199 2849 ,-
1234 2790 1381 2841 Leid.
1414 2794 1634 2857 ultraque
1655 2794 1894 2845 aciem—2
1929 2793 2168 2846 Redditus
2187 2795 2339 2846 Voss.
2358 2797 2408 2845 2.
2438 2799 2494 2844 et-

1176 2877 1204 2956 ]
1263 2867 1477 2939 No'rAE

324 2980 360 3044 ³.
391 2978 464 3030 Ac
501 2978 602 3044 illi]
651 2979 873 3032 Barbari
909 2982 998 3046 qui
1039 2984 1233 3035 montis
1256 2985 1343 3049 ju·

262 3073 400 3122 gum
441 3058 631 3110 dextro
673 3060 1019 3111 Macedonum
1072 3063 1243 3127 lateri,
1283 3069 1345 3113 nt

260 3135 525 3193 diximus,
594 3134 866 3186 imminens
941 3139 1341 3203 occupaverant,

258 3207 597 3261 funditorum
644 3213 936 3275 proesertim
978 3221 1193 3277 aspectu
1238 3223 1341 3265 ter-

262 3285 383 3347 riti,
407 3282 773 3349 profugerunt.

333 3359 362 3395 ¹¹
404 3359 632 3423 Triginta
657 3368 706 3411 et
742 3365 859 3429 duo]
891 3364 1127 3414 Phalanx
1159 3365 1339 3417 Mace-

264 3436 466 3487 donica
486 3437 749 3488 sexdecim
783 3439 1008 3491 millibus
1042 3440 1263 3492 militum
1286 3449 1341 3492 et

264 3513 527 3564 trecentis
570 3517 839 3578 octoginta
875 3524 1097 3582 quatuor
1139 3525 1340 3570 consta-

263 3590 386 3641 bat.
457 3589 557 3639 His
597 3606 738 3644 arma
775 3601 926 3646 erant
964 3593 1142 3657 gladii,
1173 3595 1336 3652 hastae

264 3665 485 3726 breves,
500 3673 557 3716 et
579 3667 776 3720 missae
794 3669 1047 3735 oblongae,
1065 3671 1213 3724 initio
1230 3672 1338 3737 qui·

262 3742 389 3793 dem
405 3742 699 3793 cubitorum
716 3744 999 3810 sexdecim,
1014 3754 1200 3811 postea
1216 3763 1337 3813 qua·

1421 2986 1696 3038 duodecim
1718 3003 1878 3053 supra
1897 2989 2232 3055 quingentos3
2258 3003 2289 3038 a
2310 2986 2486 3039 fronte

1423 3062 1488 3111 ad
1512 3060 1716 3128 tergum
1736 3065 1840 3116 duo
1857 3074 1912 3116 et
1936 3064 2170 3129 triginta.
2208 3064 2314 3115 Hic
2332 3079 2489 3129 prop·

1421 3150 1505 3189 ter
1535 3141 1786 3191 montium
1819 3142 2082 3207 angustias
2115 3141 2321 3191 inversa
2352 3140 2486 3192 ratio

1421 3220 1505 3265 est
1545 3217 1819 3282 tantisper,
1858 3218 2027 3269 donec
2083 3219 2261 3269 laxato
2313 3216 2484 3281 spatio

1419 3292 1587 3342 laxari
1618 3292 1853 3344 ‘ordines
1912 3301 2151 3358 potuere.
2238 3294 2483 3344 Ceterum

1422 3375 1437 3397 ‘
1459 3369 1678 3433 triginta
1710 3378 1767 3421 et
1791 3370 1912 3421 duo’
1958 3371 2144 3422 Latine
2180 3368 2286 3419 dici
2323 3375 2484 3432 negat

1421 3444 1595 3508 Valla,
1613 3447 1870 3511 docetque
1901 3460 1933 3494 a
1954 3444 2186 3509 ‘viginti'
2222 3444 2286 3494 ad
2329 3447 2482 3493 ‘cen-

1426 3519 1568 3584 tum}
1587 3519 1630 3570 si
1668 3521 1771 3571 duo
1803 3522 2005 3574 numeri
2035 3520 2224 3585 copula
2253 3520 2482 3584 jungan-

1418 3602 1522 3658 tur,
1561 3595 1810 3648 minorem
1848 3596 2032 3660 majori
2065 3597 2321 3661 praeponi.
2356 3597 2481 3645 alias

1416 3673 1876 3737 majorem‘minori
1893 3673 2102 3738 praeire.
2169 3674 2329 3724 Forte
2353 3672 2481 3723 Cur·

1418 3748 1524 3797 tius
1568 3748 1666 3805 hoc
1711 3747 2066 3812 similibusque
2110 3747 2242 3796 locis
2286 3747 2480 3811 absque

264 3818 581 3873 tuordecim.
645 3820 726 3870 De
748 3821 893 3870 varia
916 3823 1183 3886 phalangis
1205 3823 1334 3873 divi·
1413 3823 1610 3887 copnla
1658 3824 1955 3887 scripserit,
1986 3838 2139 3887 quam
2184 3823 2376 3878 deinde
2407 3822 2480 3877 ,lt-

264 3894 418 3944 sione
452 3895 507 3944 in
544 3894 696 3957 duas,
740 3897 791 3946 in
837 3907 1080 3963 quatuor,
1119 3902 1171 3950 ln
1213 3910 1332 3952 octo

1416 3898 1703 3950 brariorum
1724 3899 2021 3963 ignorantia
2031 3915 2094 3949 ex
2113 3902 2250 3954 male
2268 3915 2480 3965 expres-

266 3978 470 4033 partes,
506 3985 568 4020 ac
600 3970 870 4037 deinceps,
912 3975 1081 4024 videri
1116 3979 1333 4038 possunt
1415 3974 1486 4023 sis
1511 3988 1838 4030 numerorum
1875 3977 2015 4030 notis
2055 3976 2358 4038 inculcarit3
2394 3976 2484 4027 vel

265 4045 459 4110 Polyb.
501 4046 591 4108 lib.
637 4061 783 4097 xvn.
849 4050 1079 4100 AElianus
1130 4053 1329 4107 Tactic.
1413 4059 1560 4102 certe
1592 4050 1726 4108 citra
1756 4065 1969 4102 aureum
1994 4052 2293 4104 Latinitatis
2317 4066 2482 4102 saecn-

268 4135 388 4185 cap.
409 4125 490 4171 14.
521 4120 791 4186 Appianus
832 4124 885 4173 in
920 4126 1117 4189 Syriac.
1140 4128 1227 4176 ubi
1251 4135 1328 4178 ta·
1410 4126 1518 4175 lum
1540 4127 1808 4191 scripsisse
1844 4123 2067 4192 dicatur,
2099 4128 2354 4194 quomodo
2387 4129 2478 4183 Se.-

268 4209 390 4247 men
411 4198 624 4262 irrepsit
646 4213 807 4250 error.
874 4199 931 4250 Si
962 4201 1105 4251 locus
1129 4210 1331 4266 patere·
1412 4216 1545 4253 neca
1581 4203 1635 4252 in
1675 4202 2057 4267 Apocolocynt·
2097 4205 2296 4259 ‘annus
2332 4216 2477 4261 sexa·-

270 4282 378 4340 tur‚
405 4275 610 4326 ordines
633 4277 684 4325 in
703 4276 875 4328 fronte
898 4279 1164 4345 phalangis
1185 4290 1334 4333 erant
1415 4283 1640 4347 gesimus
1664 4291 1720 4334 et
1742 4292 1956 4351 quartus
1980 4283 2096 4339 est?
