2978 4933
731 389 986 441 surm..
1033 390 1130 440 m·
1166 394 1233 453 Q·
1283 390 1631 440 oum-mm
1683 391 1827 438 ms.
1872 391 1962 440 11.
2305 379 2439 445 143

234 533 421 614 vulgo
472 552 578 614 per
627 543 825 595 castra
878 535 1305 615 impudicorum
1362 533 1801 595 multitudinem
1855 535 2077 609 haberi,
2121 541 2435 619 probrosos

232 650 443 691 omnes
499 631 767 710 conquiri
808 631 1007 711 jussit,
1062 642 1123 692 et
1180 633 1239 690 in
1295 649 1537 710 parvam
1582 632 1878 709 quandam
1933 633 2218 696 Ceramici
2270 637 2435 699 sinus
2527 682 2535 688 -

230 727 493 789 insulam
519 727 816 808 seposuit:
860 729 1150 809 haesitque
1177 729 1418 789 infamia
1443 728 1599 802 loco,
1629 739 1690 789 et
1717 732 1792 790 ob
1828 731 1958 811 ejus
1984 732 2064 793 rei
2098 735 2433 796 memoriam

233 824 644 904 Cinaedopolis
673 825 1050 906 appellatur.¹¹
2270 904 2273 907 .

312 923 430 985 XI.
480 924 532 982 l.
576 922 687 982 His
713 922 798 982 ita
826 923 1033 1001 gestis,
1071 922 1353 984 insistens
1402 924 1651 986 consilio
1680 944 1811 997 suo,
1837 940 1904 985 ut
1944 927 2105 985 omni
2144 928 2435 990 maritima

230 1040 339 1081 ora
367 1020 460 1107 sui
478 1020 628 1101 juris
673 1020 885 1081 effecta
909 1021 1164 1082 classem
1190 1022 1448 1082 hostium
1493 1023 1756 1083 inutilem
1786 1025 2105 1101 redderet,a
2133 1025 2434 1107 Hyparni's

229 1119 507 1197 receptiS,
543 1138 679 1197 quae
733 1138 925 1178 arcem
975 1129 1245 1184 tenentes
1292 1121 1634 1181 mercenarii
1684 1122 2054 1197 dediderant,
2083 1124 2142 1183 in
2195 1123 2435 1205 Lyciam

229 1214 564 1276 contendit.
653 1217 711 1304 2⁵.
758 1216 843 1275 Ibi
871 1227 1048 1296 pacta
1075 1237 1208 1278 cum
1236 1218 1726 1281 Telmissensibus
1771 1222 2042 1296 amicitia,
2074 1221 2432 1303 Xanthoque

227 1311 484 1374 flumine
499 1313 870 1387 transmisso,
892 1315 1305 1394 cognominem
1328 1316 1484 1375 amni
1509 1318 1732 1389 urbem,
1754 1319 2088 1399 Pinax-aque
2111 1319 2433 1401 et-Patara‚

227 1412 458 1474 nobilia
481 1412 554 1472 iis
582 1411 918 1493 regionibus
949 1410 1189 1491 oppida,
1220 1432 1354 1472 cum
1384 1413 1514 1474 aliis
1553 1415 1878 1476 minoribus
1907 1417 2138 1476 circiter
2165 1416 2429 1496 triginta,

225 1510 286 1569 in
315 1509 499 1571 fidem
527 1509 773 1589 accipit:
814 1510 1107 1587 rebusque
1138 1510 1284 1569 satis
1314 1510 1372 1569 in
1403 1531 1668 1591 praesens
1689 1515 2048 1595 compositiS,
2074 1513 2134 1574 in
2166 1513 2436 1594 Myliada

225 1605 522 1688 procedit.
608 1610 667 1668 3.
709 1605 987 1687 Phrygiae
1031 1607 1274 1687 Majoris
1303 1610 1513 1689 ,portio
1543 1610 1764 1693 Mylias
1794 1624 1919 1682 est;
1964 1612 2071 1673 sed
2118 1612 2432 1672 Persarum

224 1703 473 1780 regibus
499 1703 804 1785 placuerat
829 1704 1025 1784 Lyciae
1053 1724 1183 1767 eam
1212 1708 1549 1770 contribuit>
1630 1710 1776 1771 Eam
1798 1711 1938 1771 dum
1967 1712 2189 1791 recipit,
2215 1708 2434 1772 affuere

226 1801 666 1862 Phaselitarum
694 1801 896 1880 legati,
941 1802 1253 1864 amicitiam
1294 1815 1552 1881 orantes,
1582 1827 1935 1888 aureamque
1986 1828 2261 1869 coronam
2291 1809 2434 1870 bos-

224 1899 410 1978 pitale
430 1898 654 1959 donum
682 1897 1040 1959 afferebant:
1082 1899 1239 1961 idem
1267 1904 1550 1982 petebant
1576 1905 1891 1965 multarum
1913 1906 2145 1967 urbium
2166 1916 2430 1966 oratores

225 2017 297 2057 ex
326 1997 605 2058 inferiore
651 1998 848 2078 Lycia.
929 2001 991 2057 4.
1035 1999 1244 2077 Itaque
1273 2019 1397 2074 rex,
1444 2001 1767 2082 praemissis
1794 2002 2009 2081 quibus
2055 2001 2279 2081 oppida·
2321 2020 2431 2061 sua

224 2094 551 2154 Phaselitoe
581 2093 857 2175 Lyciique
906 2094 1225 2169 traderent,
1267 2097 1473 2177 paucis
1529 2109 1671 2179 post
1709 2099 1920 2159 diebus
1960 2098 2242 2160 Phaselin
2291 2118 2430 2178 pro-

223 2193 421 2253 fectus
478 2202 610 2252 est:
652 2194 1082 2272 oppugnabant
1136 2193 1218 2252 illi
1275 2204 1401 2254 tum
1458 2196 1710 2256 maxime
1757 2197 2018 2257 validum
2066 2195 2432 2276 praesidium,

223 2289 390 2370 quod
438 2289 500 2348 in
547 2289 808 2369 ipsorum
853 2288 1076 2350 ditione
1120 2290 1341 2352 Pisidae
1389 2303 1863 2367 construxerant,
1905 2293 2242 2373 multasque
2288 2292 2429 2351 inde

222 2386 473 2466 injurias
528 2385 847 2446 intulerant
895 2386 1153 2446 accolis:
1195 2387 1258 2447 id
1307 2388 1565 2450 adventu
1607 2389 1928 2451 Alexandri
1982 2390 2145 2451 brevi
2184 2400 2424 2470 captum

221 2484 359 2546 fuit.
446 2487 503 2545 5.
546 2484 725 2566 Apud
767 2484 1100 2546 Phaselitas
1150 2486 1454 2566 plusculos
1500 2487 1648 2561 dies,
1678 2500 1745 2549 ut
1790 2508 1969 2569 seque
2009 2500 2069 2549 et
2108 2488 2426 2549 exercitum

223 2584 515 2656 reficeret,
542 2582 724 2662 quieti
752 2582 955 2642 dedit:
999 2582 1286 2642 invitabat
1307 2584 1481 2644 etiam
1512 2595 1742 2663 tempus
1761 2587 1939 2652 anni;
1983 2586 2199 2664 quippe
2230 2585 2426 2644 media

213 2682 343 2760 jam
376 2680 585 2761 hyems
615 2677 883 2739 difficiles
932 2679 1332 2760 progredienti
1363 2680 1488 2740 vias
1518 2679 1813 2740 effecerat.
1897 2682 1955 2740 6.
2004 2681 2090 2739 Ibi
2133 2699 2235 2759 per
2278 2678 2427 2740 hila·
2477 2722 2482 2727 -

222 2778 464 2838 ritatem
491 2787 551 2838 et
585 2777 790 2857 epulas
821 2776 1021 2838 laxato
1072 2778 1287 2850 animo,
1316 2797 1453 2837 cum
1498 2787 1753 2838 statuam
1783 2776 2107 2838 Theodecti
2137 2794 2172 2836 a
2199 2776 2426 2837 civibus

225 2874 349 2934 suis
397 2875 460 2933 in
504 2874 630 2933 foro
672 2873 925 2953 positam
961 2872 1228 2946 vidisset,
1269 2887 1337 2934 ut
1379 2893 1415 2934 a
1451 2893 1623 2935 coena
1670 2875 2029 2935 temulentus
2074 2890 2427 2946 surrexerat,

225 2970 626 3031 saltabundus
654 2990 726 3031 eo
751 2970 1061 3053 processit,
1090 2971 1547 3051 frequentesque
1575 2971 1629 3030 ei
1655 2990 1906 3032 coronas
1941 2970 2188 3051 injecits
2270 2972 2424 3032 Nam

219 3068 632 3141 Theodecten,
661 3088 797 3130 cum
824 3068 1202 3130 Aristotelem
1241 3089 1361 3130 uua
1409 3068 1660 3144 audiret,
1690 3069 2031 3139 familiarem
2074 3080 2425 3149 gratumque

220 3166 540 3227 habuerat.
623 3168 681 3227 7.
725 3165 845 3226 Sed
888 3166 1109 3226 otiosos
1142 3166 1423 3245 juvenilis
1471 3167 1652 3227 animi
1697 3167 1863 3227 lusus
1893 3176 2060 3226 atrox
2109 3182 2145 3225 a
2185 3165 2426 3225 Parme-

222 3263 410 3324 nione
448 3262 692 3323 nuntius
718 3264 834 3323 cito
862 3260 1162 3323 discussit.
1246 3263 1789 3344 comprehenderat
1815 3263 1916 3323 ille
1964 3263 2209 3323 Persam
2238 3282 2426 3342 quen-

224 3360 393 3436 dam,
420 3360 718 3421 Asisinem
761 3360 1017 3430 nomine,
1061 3379 1097 3420 a
1125 3380 1262 3440 rege
1292 3361 1475 3421 Dario
1522 3362 1718 3442 palam
1765 3360 2000 3441 quidem
2048 3358 2124 3418 ad
2157 3359 2419 3439 Atyziem

224 3457 507 3539 Phrygiae
564 3467 863 3537 satrapam
907 3457 1239 3526 missum;‹¹
1280 3458 1386 3518 sed
1441 3479 1578 3519 cum
1630 3457 1878 3519 occultis
1932 3455 2248 3528 mandam,
2308 3463 2324 3489 ‘
2358 3465 2425 3515 ut

223 3556 635 3622 Alexandrum
658 3556 985 3636 Lyncesten
1007 3565 1246 3636 captata
1264 3557 1578 3617 occasione
1597 3565 1825 3616 secreto
1847 3551 2204 3626 conveniret,
2227 3552 2419 3631 eique,

226 3654 278 3713 si
328 3652 631 3713 destinata
661 3650 976 3725 effecisset,
1014 3651 1384 3712 Macedoniae
1433 3672 1680 3733 regnum
1706 3662 1768 3712 et
1812 3650 1971 3710 mille
2014 3650 2253 3729 insuper
2297 3649 2423 3707 auri

224 3749 457 3809 talenta
494 3747 905 3830 polliceretur!
989 3751 1048 3808 8.
1091 3749 1245 3808 Nam
1273 3750 1346 3822 is,
1374 3769 1508 3809 cum
1537 3749 1796 3828 Amynta
1833 3746 2141 3825 transfuga
2169 3746 2422 3810 scelesto

225 3846 480 3907 consilio
526 3846 696 3919 inito,
724 3844 1033 3916 occidendi
1074 3845 1228 3926 regis
1257 3857 1455 3924 partes
1488 3844 1598 3904 sibi
1637 3852 1951 3904 sumserat.
2036 3840 2261 3902 Oderat
2287 3862 2420 3902 eum

226 3952 359 4004 tum
388 3942 515 4004 aliis
546 3941 623 4002 de
649 3942 887 4040 causis&
907 3950 1032 4002 tum
1068 3941 1230 4021 quod
1277 3941 1670 4002 Heromenem
1718 3950 1780 3999 et
1821 3940 2184 4015 Arrabaeum,
2212 3940 2420 4000 fratres

290 4147 319 4173 ¹
357 4138 497 4190 Plin.
523 4135 663 4189 Hist.
688 4107 811 4190 Nat.
834 4152 885 4187 v.
908 4141 987 4189 31.
1014 4140 1093 4187 11.
1432 4144 1454 4170 ⁰
1486 4136 1630 4187 Plut.
1658 4134 1814 4185 Alex.
1852 4150 1905 4200 p.
1940 4139 2054 4186 6⁷4.
2091 4133 2272 4185 Suidas
2311 4146 2420 4183 voc.

293 4222 320 4248 ²
361 4215 561 4266 Art-ian.
585 4230 626 4265 1.
647 4220 729 4266 25.
1366 4212 1636 4273 Θεοδέκτης.

293 4294 321 4332 b
357 4293 437 4344 Id.
456 4294 493 4343 1.
518 4295 554 4345 Ι.
1427 4291 1452 4325 ‘¹
1486 4290 1690 4342 Arrian.
1710 4302 1749 4339 1.
1773 4293 1855 4341 26.
