<?xml version="1.0" encoding="UTF-8"?>
<!DOCTYPE html PUBLIC "-//W3C//DTD XHTML 1.0 Transitional//EN"
    "http://www.w3.org/TR/xhtml1/DTD/xhtml1-transitional.dtd">
<html xmlns="http://www.w3.org/1999/xhtml" xml:lang="en" lang="en">
 <head>
  <title>
</title>
<meta http-equiv="Content-Type" content="text/html;charset=utf-8" />
  <meta name='ocr-system' content='tesseract 3.04.00' />
  <meta name='ocr-capabilities' content='ocr_page ocr_carea ocr_par ocr_line ocrx_word'/>
</head>
<body>
  <div class='ocr_page' id='page_1' title='image "./quinticurtiiruf03rufugoog_0499.png"; bbox 0 0 2978 4933; ppageno 0'>
   <div class='ocr_carea' id='block_1_1' title="bbox 2357 360 2487 431">
    <p class='ocr_par' dir='ltr' id='par_1_1' title="bbox 2357 360 2487 431">
     <span class='ocr_line' id='line_1_1' title="bbox 2357 360 2487 431; baseline 0.015 -2"><span class='ocrx_word' id='word_1_1' title='bbox 2357 360 2487 431; x_wconf 76' lang='lat'><strong>453</strong></span> 
     </span>
    </p>
   </div>
   <div class='ocr_carea' id='block_1_2' title="bbox 234 515 2495 1539">
    <p class='ocr_par' dir='ltr' id='par_1_2' title="bbox 234 515 2495 1539">
     <span class='ocr_line' id='line_1_2' title="bbox 234 515 2485 604; baseline 0.004 -22"><span class='ocrx_word' id='word_1_2' title='bbox 234 591 250 604; x_wconf 53' lang='grc'>,</span> <span class='ocrx_word' id='word_1_3' title='bbox 283 515 694 596; x_wconf 63' lang='lat' dir='ltr'><strong>Thalestrin,</strong></span> <span class='ocrx_word' id='word_1_4' title='bbox 723 516 1037 583; x_wconf 87' lang='lat' dir='ltr'><strong>omnihus</strong></span> <span class='ocrx_word' id='word_1_5' title='bbox 1083 519 1254 585; x_wconf 87' lang='lat' dir='ltr'><strong>inter</strong></span> <span class='ocrx_word' id='word_1_6' title='bbox 1300 517 1685 587; x_wconf 79' lang='lat' dir='ltr'><strong>Caucasum</strong></span> <span class='ocrx_word' id='word_1_7' title='bbox 1731 530 2019 589; x_wconf 85' lang='lat' dir='ltr'><strong>montem</strong></span> <span class='ocrx_word' id='word_1_8' title='bbox 2061 532 2135 590; x_wconf 88' lang='lat' dir='ltr'><strong>et</strong></span> <span class='ocrx_word' id='word_1_9' title='bbox 2166 522 2422 592; x_wconf 84' lang='lat' dir='ltr'><strong>Phasin</strong></span> <span class='ocrx_word' id='word_1_10' title='bbox 2443 536 2485 565; x_wconf 77' lang='lat'><strong>¹¹¹</strong></span> 
     </span>
     <span class='ocr_line' id='line_1_3' title="bbox 284 620 2491 711; baseline 0.005 -27"><span class='ocrx_word' id='word_1_11' title='bbox 284 638 548 685; x_wconf 81' lang='lat' dir='ltr'><strong>amnem</strong></span> <span class='ocrx_word' id='word_1_12' title='bbox 577 620 1089 704; x_wconf 85' lang='lat' dir='ltr'><strong>imperitantem.</strong></span> <span class='ocrx_word' id='word_1_13' title='bbox 1166 621 1344 689; x_wconf 85' lang='lat' dir='ltr'><strong>Haec</strong></span> <span class='ocrx_word' id='word_1_14' title='bbox 1368 624 1689 709; x_wconf 88' lang='lat' dir='ltr'><strong>cupidine</strong></span> <span class='ocrx_word' id='word_1_15' title='bbox 1718 626 1978 691; x_wconf 83' lang='lat' dir='ltr'><strong>visendi</strong></span> <span class='ocrx_word' id='word_1_16' title='bbox 2002 629 2172 711; x_wconf 85' lang='lat' dir='ltr'><strong>regis</strong></span> <span class='ocrx_word' id='word_1_17' title='bbox 2196 648 2491 695; x_wconf 83' lang='lat' dir='ltr'><strong>accensa</strong></span> 
     </span>
     <span class='ocr_line' id='line_1_4' title="bbox 283 722 2487 815; baseline 0.005 -29"><span class='ocrx_word' id='word_1_18' title='bbox 283 722 534 788; x_wconf 86' lang='lat' dir='ltr'><strong>finibus</strong></span> <span class='ocrx_word' id='word_1_19' title='bbox 551 726 731 807; x_wconf 84' lang='lat' dir='ltr'><strong>regni</strong></span> <span class='ocrx_word' id='word_1_20' title='bbox 749 724 856 789; x_wconf 86' lang='lat' dir='ltr'><strong>sui</strong></span> <span class='ocrx_word' id='word_1_21' title='bbox 874 725 1176 791; x_wconf 79' lang='lat' dir='ltr'><strong>excessit</strong></span> <span class='ocrx_word' id='word_1_22' title='bbox 1194 747 1213 808; x_wconf 87' lang='lat'>3</span> <span class='ocrx_word' id='word_1_23' title='bbox 1246 732 1314 792; x_wconf 88' lang='lat' dir='ltr'><strong>et</strong></span> <span class='ocrx_word' id='word_1_24' title='bbox 1336 746 1492 792; x_wconf 90' lang='lat' dir='ltr'><strong>cnm</strong></span> <span class='ocrx_word' id='word_1_25' title='bbox 1508 728 1690 794; x_wconf 85' lang='lat' dir='ltr'><strong>haud</strong></span> <span class='ocrx_word' id='word_1_26' title='bbox 1710 730 1948 815; x_wconf 86' lang='lat' dir='ltr'><strong>procul</strong></span> <span class='ocrx_word' id='word_1_27' title='bbox 1966 738 1991 765; x_wconf 81' lang='lat'><strong>¹¹</strong></span> <span class='ocrx_word' id='word_1_28' title='bbox 2010 731 2300 810; x_wconf 83' lang='lat' dir='ltr'><strong>abesset,</strong></span> <span class='ocrx_word' id='word_1_29' title='bbox 2313 748 2487 815; x_wconf 81' lang='lat' dir='ltr'><strong>prae-</strong></span> 
     </span>
     <span class='ocr_line' id='line_1_5' title="bbox 282 826 2490 917; baseline 0.001 -24"><span class='ocrx_word' id='word_1_30' title='bbox 282 826 867 907; x_wconf 75' lang='lat' dir='ltr'><strong>misitindicanteS,</strong></span> <span class='ocrx_word' id='word_1_31' title='bbox 898 833 921 874; x_wconf 68' lang='lat'><strong>¹³</strong></span> <span class='ocrx_word' id='word_1_32' title='bbox 937 829 1209 894; x_wconf 85' lang='lat' dir='ltr'><strong>venisse</strong></span> <span class='ocrx_word' id='word_1_33' title='bbox 1239 829 1533 913; x_wconf 82' lang='lat' dir='ltr'>reginam</span> <span class='ocrx_word' id='word_1_34' title='bbox 1561 830 1853 897; x_wconf 81' lang='lat' dir='ltr'><strong>adeundi</strong></span> <span class='ocrx_word' id='word_1_35' title='bbox 1884 832 2037 917; x_wconf 83' lang='lat' dir='ltr'><strong>ejus</strong></span> <span class='ocrx_word' id='word_1_36' title='bbox 2079 850 2490 916; x_wconf 81' lang='lat' dir='ltr'><strong>cognoscen-</strong></span> 
     </span>
     <span class='ocr_line' id='line_1_6' title="bbox 285 929 2490 1019; baseline 0.005 -26"><span class='ocrx_word' id='word_1_37' title='bbox 285 929 492 1014; x_wconf 88' lang='lat' dir='ltr'><strong>dique</strong></span> <span class='ocrx_word' id='word_1_38' title='bbox 520 930 834 997; x_wconf 86' lang='lat' dir='ltr'><strong>avidam.’</strong></span> <span class='ocrx_word' id='word_1_39' title='bbox 882 931 991 997; x_wconf 79' lang='lat'><strong>26.</strong></span> <span class='ocrx_word' id='word_1_40' title='bbox 1022 931 1357 999; x_wconf 87' lang='lat' dir='ltr'><strong>Protenns</strong></span> <span class='ocrx_word' id='word_1_41' title='bbox 1387 933 1575 1001; x_wconf 83' lang='lat' dir='ltr'><strong>facta</strong></span> <span class='ocrx_word' id='word_1_42' title='bbox 1593 941 1934 1019; x_wconf 77' lang='lat' dir='ltr'><strong>potestate</strong></span> <span class='ocrx_word' id='word_1_43' title='bbox 1953 938 2281 1016; x_wconf 85' lang='lat' dir='ltr'><strong>veniendi,</strong></span> <span class='ocrx_word' id='word_1_44' title='bbox 2311 944 2490 1002; x_wconf 88' lang='lat' dir='ltr'><strong>cete·</strong></span> 
     </span>
     <span class='ocr_line' id='line_1_7' title="bbox 279 1033 2494 1126; baseline 0.003 -29"><span class='ocrx_word' id='word_1_45' title='bbox 279 1033 378 1097; x_wconf 88' lang='lat' dir='ltr'><strong>ris</strong></span> <span class='ocrx_word' id='word_1_46' title='bbox 394 1033 616 1118; x_wconf 90' lang='lat' dir='ltr'><strong>jussis</strong></span> <span class='ocrx_word' id='word_1_47' title='bbox 646 1034 1037 1114; x_wconf 78' lang='lat' dir='ltr'>subsistere,</span> <span class='ocrx_word' id='word_1_48' title='bbox 1081 1054 1239 1103; x_wconf 84' lang='lat' dir='ltr'><strong>cco.</strong></span> <span class='ocrx_word' id='word_1_49' title='bbox 1266 1039 1689 1105; x_wconf 84' lang='lat' dir='ltr'><strong>foeminarum</strong></span> <span class='ocrx_word' id='word_1_50' title='bbox 1711 1047 1738 1076; x_wconf 90' lang='lat'>⁰</span> <span class='ocrx_word' id='word_1_51' title='bbox 1783 1041 2106 1108; x_wconf 76' lang='lat' dir='ltr'><strong>comitatu</strong></span> <span class='ocrx_word' id='word_1_52' title='bbox 2136 1043 2494 1126; x_wconf 75' lang='lat' dir='ltr'><strong>processit.</strong></span> 
     </span>
     <span class='ocr_line' id='line_1_8' title="bbox 281 1135 2493 1230; baseline 0.005 -30"><span class='ocrx_word' id='word_1_53' title='bbox 281 1135 519 1222; x_wconf 85' lang='lat' dir='ltr'><strong>Atque</strong></span> <span class='ocrx_word' id='word_1_54' title='bbox 548 1144 625 1204; x_wconf 89' lang='lat' dir='ltr'><strong>ut</strong></span> <span class='ocrx_word' id='word_1_55' title='bbox 649 1138 939 1223; x_wconf 90' lang='lat' dir='ltr'><strong>primum</strong></span> <span class='ocrx_word' id='word_1_56' title='bbox 968 1162 1089 1207; x_wconf 80' lang='lat' dir='ltr'><strong>rex</strong></span> <span class='ocrx_word' id='word_1_57' title='bbox 1135 1142 1207 1207; x_wconf 90' lang='lat' dir='ltr'><strong>in</strong></span> <span class='ocrx_word' id='word_1_58' title='bbox 1239 1147 1611 1227; x_wconf 82' lang='lat' dir='ltr'><strong>conspectu</strong></span> <span class='ocrx_word' id='word_1_59' title='bbox 1657 1142 1805 1224; x_wconf 88' lang='lat' dir='ltr'><strong>fuit,</strong></span> <span class='ocrx_word' id='word_1_60' title='bbox 1835 1159 2015 1229; x_wconf 86' lang='lat' dir='ltr'><strong>equo</strong></span> <span class='ocrx_word' id='word_1_61' title='bbox 2044 1145 2204 1230; x_wconf 83' lang='lat' dir='ltr'><strong>ipsa</strong></span> <span class='ocrx_word' id='word_1_62' title='bbox 2237 1145 2493 1210; x_wconf 87' lang='lat' dir='ltr'><strong>desiliit</strong></span> 
     </span>
     <span class='ocr_line' id='line_1_9' title="bbox 282 1240 2494 1330; baseline 0.003 -25"><span class='ocrx_word' id='word_1_63' title='bbox 282 1240 451 1306; x_wconf 88' lang='lat' dir='ltr'><strong>duas</strong></span> <span class='ocrx_word' id='word_1_64' title='bbox 475 1242 746 1308; x_wconf 83' lang='lat' dir='ltr'><strong>lanceas</strong></span> <span class='ocrx_word' id='word_1_65' title='bbox 778 1242 1023 1310; x_wconf 83' lang='lat' dir='ltr'><strong>dextra</strong></span> <span class='ocrx_word' id='word_1_66' title='bbox 1048 1245 1436 1330; x_wconf 83' lang='lat' dir='ltr'><strong>praeferens.</strong></span> <span class='ocrx_word' id='word_1_67' title='bbox 1525 1248 1635 1315; x_wconf 82' lang='grc'><strong>27.</strong></span> <span class='ocrx_word' id='word_1_68' title='bbox 1678 1246 1922 1313; x_wconf 86' lang='lat' dir='ltr'><strong>Vestis</strong></span> <span class='ocrx_word' id='word_1_69' title='bbox 1943 1266 2079 1313; x_wconf 90' lang='lat' dir='ltr'><strong>non</strong></span> <span class='ocrx_word' id='word_1_70' title='bbox 2110 1254 2253 1316; x_wconf 90' lang='lat' dir='ltr'><strong>toto</strong></span> <span class='ocrx_word' id='word_1_71' title='bbox 2283 1246 2494 1312; x_wconf 79' lang='lat' dir='ltr'><strong>Ama-</strong></span> 
     </span>
     <span class='ocr_line' id='line_1_10' title="bbox 283 1347 2495 1437; baseline 0.003 -28"><span class='ocrx_word' id='word_1_72' title='bbox 283 1364 532 1409; x_wconf 77' lang='lat' dir='ltr'><strong>zonum</strong></span> <span class='ocrx_word' id='word_1_73' title='bbox 562 1365 848 1430; x_wconf 87' lang='lat' dir='ltr'><strong>corpore</strong></span> <span class='ocrx_word' id='word_1_74' title='bbox 880 1347 1279 1431; x_wconf 85' lang='lat' dir='ltr'><strong>obducitur3</strong></span> <span class='ocrx_word' id='word_1_75' title='bbox 1324 1368 1478 1415; x_wconf 88' lang='lat' dir='ltr'><strong>nam</strong></span> <span class='ocrx_word' id='word_1_76' title='bbox 1524 1350 1707 1417; x_wconf 82' lang='lat' dir='ltr'><strong>laeva</strong></span> <span class='ocrx_word' id='word_1_77' title='bbox 1757 1368 1919 1436; x_wconf 86' lang='lat' dir='ltr'><strong>pars</strong></span> <span class='ocrx_word' id='word_1_78' title='bbox 1970 1350 2055 1418; x_wconf 89' lang='lat' dir='ltr'><strong>ad</strong></span> <span class='ocrx_word' id='word_1_79' title='bbox 2076 1414 2079 1417; x_wconf 77' lang='grc'><strong><em>,</em></strong></span> <span class='ocrx_word' id='word_1_80' title='bbox 2099 1356 2333 1437; x_wconf 87' lang='lat' dir='ltr'><strong>pectus</strong></span> <span class='ocrx_word' id='word_1_81' title='bbox 2380 1358 2495 1416; x_wconf 84' lang='lat' dir='ltr'><strong>est</strong></span> 
     </span>
     <span class='ocr_line' id='line_1_11' title="bbox 281 1445 2488 1539; baseline 0.005 -30"><span class='ocrx_word' id='word_1_82' title='bbox 281 1445 484 1526; x_wconf 74' lang='lat' dir='ltr'><strong>nuda,</strong></span> <span class='ocrx_word' id='word_1_83' title='bbox 514 1453 734 1516; x_wconf 84' lang='lat' dir='ltr'><strong>cetera</strong></span> <span class='ocrx_word' id='word_1_84' title='bbox 764 1449 1007 1517; x_wconf 87' lang='lat' dir='ltr'><strong>deinde</strong></span> <span class='ocrx_word' id='word_1_85' title='bbox 1027 1452 1375 1519; x_wconf 82' lang='lat' dir='ltr'><strong>velantur:</strong></span> <span class='ocrx_word' id='word_1_86' title='bbox 1405 1470 1533 1520; x_wconf 88' lang='lat' dir='ltr'><strong>nec</strong></span> <span class='ocrx_word' id='word_1_87' title='bbox 1557 1463 1780 1520; x_wconf 83' lang='lat' dir='ltr'><strong>tamen</strong></span> <span class='ocrx_word' id='word_1_88' title='bbox 1803 1456 1990 1521; x_wconf 83' lang='lat' dir='ltr'><strong>sinus</strong></span> <span class='ocrx_word' id='word_1_89' title='bbox 2021 1454 2261 1534; x_wconf 84' lang='lat' dir='ltr'><strong>vestis,</strong></span> <span class='ocrx_word' id='word_1_90' title='bbox 2285 1473 2488 1539; x_wconf 87' lang='lat' dir='ltr'><strong>quem</strong></span> 
     </span>
    </p>
   </div>
   <div class='ocr_carea' id='block_1_3' title="bbox 828 358 1925 425">
    <p class='ocr_par' dir='ltr' id='par_1_3' title="bbox 828 358 1925 425">
     <span class='ocr_line' id='line_1_12' title="bbox 828 358 1925 425; baseline 0.004 -6"><span class='ocrx_word' id='word_1_91' title='bbox 828 373 947 422; x_wconf 82' lang='grc' dir='ltr'><strong>οι..</strong></span> <span class='ocrx_word' id='word_1_92' title='bbox 992 372 1181 423; x_wconf 80' lang='lat' dir='ltr'><strong>oxu.</strong></span> <span class='ocrx_word' id='word_1_93' title='bbox 1225 358 1290 423; x_wconf 85' lang='lat'><strong>3.</strong></span> <span class='ocrx_word' id='word_1_94' title='bbox 1362 375 1432 423; x_wconf 72' lang='lat' dir='ltr'><strong>A·</strong></span> <span class='ocrx_word' id='word_1_95' title='bbox 1482 375 1605 423; x_wconf 77' lang='lat' dir='ltr'><strong>on.</strong></span> <span class='ocrx_word' id='word_1_96' title='bbox 1652 375 1727 424; x_wconf 77' lang='lat' dir='ltr'><strong>N.</strong></span> <span class='ocrx_word' id='word_1_97' title='bbox 1772 359 1925 425; x_wconf 77' lang='grc'><strong>330.</strong></span> 
     </span>
    </p>
   </div>
   <div class='ocr_carea' id='block_1_4' title="bbox 1200 1621 1572 1642">
    <p class='ocr_par' dir='ltr' id='par_1_4' title="bbox 1200 1621 1572 1642">
     <span class='ocr_line' id='line_1_13' title="bbox 1200 1621 1572 1642; baseline 0.005 -2"><span class='ocrx_word' id='word_1_98' title='bbox 1200 1621 1572 1642; x_wconf 51' lang='grc' dir='ltr'><strong>ὈΜΝ</strong></span> 
     </span>
    </p>
   </div>
   <div class='ocr_carea' id='block_1_5' title="bbox 273 1698 2497 2424">
    <p class='ocr_par' dir='ltr' id='par_1_5' title="bbox 273 1698 2497 2424">
     <span class='ocr_line' id='line_1_14' title="bbox 281 1698 2492 1768; baseline 0.002 -20"><span class='ocrx_word' id='word_1_99' title='bbox 281 1713 462 1748; x_wconf 81' lang='lat' dir='ltr'><strong>omnes</strong></span> <span class='ocrx_word' id='word_1_100' title='bbox 484 1698 636 1750; x_wconf 84' lang='lat' dir='ltr'>codd.</span> <span class='ocrx_word' id='word_1_101' title='bbox 661 1716 777 1751; x_wconf 87' lang='lat' dir='ltr'><strong>cum</strong></span> <span class='ocrx_word' id='word_1_102' title='bbox 805 1702 924 1757; x_wconf 78' lang='lat' dir='ltr'><strong>Bas.</strong></span> <span class='ocrx_word' id='word_1_103' title='bbox 954 1700 1118 1768; x_wconf 80' lang='lat' dir='ltr'><strong>Lugd.</strong></span> <span class='ocrx_word' id='word_1_104' title='bbox 1144 1712 1198 1755; x_wconf 91' lang='lat' dir='ltr'><strong>et</strong></span> <span class='ocrx_word' id='word_1_105' title='bbox 1223 1705 1394 1757; x_wconf 83' lang='lat' dir='ltr'><strong>Amst.</strong></span> <span class='ocrx_word' id='word_1_106' title='bbox 1414 1705 1557 1766; x_wconf 63' lang='lat' dir='ltr'><strong>facin</strong></span> <span class='ocrx_word' id='word_1_107' title='bbox 1577 1719 1762 1755; x_wconf 75' lang='lat' dir='ltr'><strong>amnem</strong></span> <span class='ocrx_word' id='word_1_108' title='bbox 1782 1706 1934 1755; x_wconf 72' lang='lat' dir='ltr'><strong>Voss.</strong></span> <span class='ocrx_word' id='word_1_109' title='bbox 1954 1708 2003 1755; x_wconf 92' lang='grc'><strong>2.</strong></span> <span class='ocrx_word' id='word_1_110' title='bbox 2072 1703 2270 1754; x_wconf 66' lang='lat' dir='ltr'><strong>Phasim</strong></span> <span class='ocrx_word' id='word_1_111' title='bbox 2305 1717 2492 1752; x_wconf 73' lang='lat' dir='ltr'><strong>amnem</strong></span> 
     </span>
     <span class='ocr_line' id='line_1_15' title="bbox 277 1763 2492 1844; baseline 0.002 -32"><span class='ocrx_word' id='word_1_112' title='bbox 277 1763 404 1814; x_wconf 87' lang='lat' dir='ltr'><strong>edd.</strong></span> <span class='ocrx_word' id='word_1_113' title='bbox 424 1772 553 1814; x_wconf 84' lang='lat' dir='ltr'><strong>vett.</strong></span> <span class='ocrx_word' id='word_1_114' title='bbox 588 1766 777 1817; x_wconf 67' lang='lat' dir='ltr'><strong>Phasin</strong></span> <span class='ocrx_word' id='word_1_115' title='bbox 798 1784 984 1818; x_wconf 76' lang='lat' dir='ltr'><strong>amnem</strong></span> <span class='ocrx_word' id='word_1_116' title='bbox 1005 1784 1182 1820; x_wconf 80' lang='lat' dir='ltr'><strong>omnes</strong></span> <span class='ocrx_word' id='word_1_117' title='bbox 1203 1771 1355 1822; x_wconf 79' lang='lat' dir='ltr'><strong>codd.</strong></span> <span class='ocrx_word' id='word_1_118' title='bbox 1388 1772 1543 1821; x_wconf 73' lang='lat' dir='ltr'><strong>Voss.</strong></span> <span class='ocrx_word' id='word_1_119' title='bbox 1560 1768 1951 1834; x_wconf 69' lang='lat' dir='ltr'><strong>Limpen&#39;tntem.</strong></span> <span class='ocrx_word' id='word_1_120' title='bbox 1989 1769 2129 1819; x_wconf 90' lang='lat' dir='ltr'><strong>Dan.</strong></span> <span class='ocrx_word' id='word_1_121' title='bbox 2162 1769 2327 1833; x_wconf 75' lang='lat' dir='ltr'><strong>procul</strong></span> <span class='ocrx_word' id='word_1_122' title='bbox 2341 1767 2401 1817; x_wconf 79' lang='lat' dir='ltr'><strong>ab</strong></span> <span class='ocrx_word' id='word_1_123' title='bbox 2414 1782 2492 1844; x_wconf 59' lang='lat' dir='ltr'><strong>eq·</strong></span> 
     </span>
     <span class='ocr_line' id='line_1_16' title="bbox 275 1831 2495 1898; baseline 0.002 -20"><span class='ocrx_word' id='word_1_124' title='bbox 275 1833 369 1879; x_wconf 71' lang='lat' dir='ltr'><strong>oet.</strong></span> <span class='ocrx_word' id='word_1_125' title='bbox 444 1831 766 1882; x_wconf 80' lang='lat' dir='ltr'><strong>Membranae</strong></span> <span class='ocrx_word' id='word_1_126' title='bbox 790 1833 990 1885; x_wconf 84' lang='lat' dir='ltr'><strong>Modii:</strong></span> <span class='ocrx_word' id='word_1_127' title='bbox 1022 1837 1228 1886; x_wconf 78' lang='lat' dir='ltr'><strong>adeundi</strong></span> <span class='ocrx_word' id='word_1_128' title='bbox 1266 1840 1494 1886; x_wconf 60' lang='lat' dir='ltr'><strong>eom—26</strong></span> <span class='ocrx_word' id='word_1_129' title='bbox 1527 1837 1679 1886; x_wconf 81' lang='lat' dir='ltr'><strong>Voss.</strong></span> <span class='ocrx_word' id='word_1_130' title='bbox 1705 1841 1754 1886; x_wconf 90' lang='lat'><strong>1.</strong></span> <span class='ocrx_word' id='word_1_131' title='bbox 1775 1840 1825 1886; x_wconf 90' lang='grc'><strong>2.</strong></span> <span class='ocrx_word' id='word_1_132' title='bbox 1848 1843 1904 1885; x_wconf 90' lang='lat' dir='ltr'><strong>et</strong></span> <span class='ocrx_word' id='word_1_133' title='bbox 1936 1836 2104 1898; x_wconf 84' lang='lat' dir='ltr'><strong>Bong.</strong></span> <span class='ocrx_word' id='word_1_134' title='bbox 2127 1840 2174 1883; x_wconf 85' lang='lat' dir='ltr'><strong>l.</strong></span> <span class='ocrx_word' id='word_1_135' title='bbox 2195 1838 2247 1884; x_wconf 90' lang='grc'><strong>2.</strong></span> <span class='ocrx_word' id='word_1_136' title='bbox 2270 1839 2495 1884; x_wconf 66' lang='lat' dir='ltr'><strong>tercentus</strong></span> 
     </span>
     <span class='ocr_line' id='line_1_17' title="bbox 273 1894 2496 1961; baseline 0.002 -17"><span class='ocrx_word' id='word_1_137' title='bbox 273 1894 594 1954; x_wconf 69' lang='lat' dir='ltr'><strong>feminarum:</strong></span> <span class='ocrx_word' id='word_1_138' title='bbox 628 1897 762 1949; x_wconf 85' lang='lat' dir='ltr'><strong>Dan.</strong></span> <span class='ocrx_word' id='word_1_139' title='bbox 783 1900 1011 1950; x_wconf 73' lang='lat' dir='ltr'><strong>trecentis</strong></span> <span class='ocrx_word' id='word_1_140' title='bbox 1030 1900 1358 1961; x_wconf 77' lang='lat' dir='ltr'><strong>seminarum,-</strong></span> <span class='ocrx_word' id='word_1_141' title='bbox 1390 1901 1534 1951; x_wconf 88' lang='lat' dir='ltr'><strong>Pith.</strong></span> <span class='ocrx_word' id='word_1_142' title='bbox 1557 1908 1612 1951; x_wconf 80' lang='lat' dir='ltr'><strong>et</strong></span> <span class='ocrx_word' id='word_1_143' title='bbox 1631 1902 1828 1961; x_wconf 72' lang='lat' dir='ltr'><strong>Fauen.</strong></span> <span class='ocrx_word' id='word_1_144' title='bbox 1843 1901 1994 1951; x_wconf 68' lang='lat' dir='ltr'><strong>centis</strong></span> <span class='ocrx_word' id='word_1_145' title='bbox 2012 1899 2325 1961; x_wconf 73' lang='lat' dir='ltr'><strong>seminarum.</strong></span> <span class='ocrx_word' id='word_1_146' title='bbox 2371 1896 2496 1949; x_wconf 81' lang='lat' dir='ltr'><strong>Ald.</strong></span> 
     </span>
     <span class='ocr_line' id='line_1_18' title="bbox 277 1959 2495 2039; baseline 0.001 -31"><span class='ocrx_word' id='word_1_147' title='bbox 277 1959 450 2010; x_wconf 85' lang='lat' dir='ltr'><strong>Colin.</strong></span> <span class='ocrx_word' id='word_1_148' title='bbox 467 1960 673 2026; x_wconf 76' lang='lat' dir='ltr'><strong>Gryph.</strong></span> <span class='ocrx_word' id='word_1_149' title='bbox 697 1965 851 2015; x_wconf 82' lang='lat' dir='ltr'><strong>Froh.</strong></span> <span class='ocrx_word' id='word_1_150' title='bbox 869 1972 925 2015; x_wconf 91' lang='lat' dir='ltr'><strong>et</strong></span> <span class='ocrx_word' id='word_1_151' title='bbox 945 1964 1110 2017; x_wconf 71' lang='lat' dir='ltr'><strong>Amat.</strong></span> <span class='ocrx_word' id='word_1_152' title='bbox 1131 1967 1380 2028; x_wconf 70' lang='grc' dir='ltr'><strong>σοπιίεαειι,</strong></span> <span class='ocrx_word' id='word_1_153' title='bbox 1401 1965 1539 2031; x_wconf 84' lang='lat' dir='ltr'><strong>quod</strong></span> <span class='ocrx_word' id='word_1_154' title='bbox 1562 1965 1857 2032; x_wconf 78' lang='lat' dir='ltr'><strong>praeferunt</strong></span> <span class='ocrx_word' id='word_1_155' title='bbox 1877 1963 2175 2017; x_wconf 73' lang='lat' dir='ltr'><strong>Schefferus</strong></span> <span class='ocrx_word' id='word_1_156' title='bbox 2192 1972 2249 2015; x_wconf 85' lang='lat' dir='ltr'><strong>et</strong></span> <span class='ocrx_word' id='word_1_157' title='bbox 2262 1962 2495 2039; x_wconf 69' lang='lat' dir='ltr'><strong>Schmie-</strong></span> 
     </span>
     <span class='ocr_line' id='line_1_19' title="bbox 277 2023 2495 2096; baseline 0.002 -24"><span class='ocrx_word' id='word_1_158' title='bbox 277 2023 392 2073; x_wconf 87' lang='lat' dir='ltr'><strong>der.</strong></span> <span class='ocrx_word' id='word_1_159' title='bbox 458 2027 667 2077; x_wconf 83' lang='lat' dir='ltr'><strong>Moxius</strong></span> <span class='ocrx_word' id='word_1_160' title='bbox 701 2044 767 2079; x_wconf 80' lang='lat' dir='ltr'><strong>ex</strong></span> <span class='ocrx_word' id='word_1_161' title='bbox 801 2029 957 2080; x_wconf 82' lang='lat' dir='ltr'><strong>codd.</strong></span> <span class='ocrx_word' id='word_1_162' title='bbox 985 2032 1143 2096; x_wconf 79' lang='lat' dir='ltr'><strong>legit:</strong></span> <span class='ocrx_word' id='word_1_163' title='bbox 1180 2031 1234 2081; x_wconf 75' lang='lat' dir='ltr'><strong>in</strong></span> <span class='ocrx_word' id='word_1_164' title='bbox 1262 2037 1576 2095; x_wconf 69' lang='lat' dir='ltr'><strong>conspectum.</strong></span> <span class='ocrx_word' id='word_1_165' title='bbox 1641 2032 1784 2081; x_wconf 83' lang='lat' dir='ltr'><strong>Pith.</strong></span> <span class='ocrx_word' id='word_1_166' title='bbox 1815 2032 2064 2089; x_wconf 68' lang='grc' dir='ltr'><strong>ἀίεείὶιιὶὲς</strong></span> <span class='ocrx_word' id='word_1_167' title='bbox 2093 2030 2265 2094; x_wconf 84' lang='lat' dir='ltr'><strong>Bong.</strong></span> <span class='ocrx_word' id='word_1_168' title='bbox 2289 2032 2336 2079; x_wconf 95' lang='grc'><strong>2.</strong></span> <span class='ocrx_word' id='word_1_169' title='bbox 2367 2030 2495 2078; x_wconf 71' lang='grc' dir='ltr'><strong><em>ἀεσι-</em></strong></span> 
     </span>
     <span class='ocr_line' id='line_1_20' title="bbox 273 2089 2495 2159; baseline 0.002 -21"><span class='ocrx_word' id='word_1_170' title='bbox 273 2089 423 2149; x_wconf 63' lang='lat' dir='ltr'><strong>uva,-</strong></span> <span class='ocrx_word' id='word_1_171' title='bbox 455 2092 607 2144; x_wconf 77' lang='lat' dir='ltr'><strong>Voss.</strong></span> <span class='ocrx_word' id='word_1_172' title='bbox 636 2097 685 2144; x_wconf 83' lang='grc'><strong>2.</strong></span> <span class='ocrx_word' id='word_1_173' title='bbox 717 2092 941 2158; x_wconf 70' lang='lat' dir='ltr'><strong>prosiluit</strong></span> <span class='ocrx_word' id='word_1_174' title='bbox 959 2111 979 2154; x_wconf 90' lang='lat'><strong>,·</strong></span> <span class='ocrx_word' id='word_1_175' title='bbox 1014 2096 1134 2146; x_wconf 86' lang='lat' dir='ltr'><strong>edd.</strong></span> <span class='ocrx_word' id='word_1_176' title='bbox 1174 2103 1305 2148; x_wconf 78' lang='lat' dir='ltr'><strong>vett.</strong></span> <span class='ocrx_word' id='word_1_177' title='bbox 1339 2096 1557 2156; x_wconf 58' lang='lat' dir='ltr'><strong>dasium</strong></span> <span class='ocrx_word' id='word_1_178' title='bbox 1590 2092 1744 2146; x_wconf 86' lang='lat' dir='ltr'><strong>codd.</strong></span> <span class='ocrx_word' id='word_1_179' title='bbox 1780 2094 2164 2159; x_wconf 77' lang='lat' dir='ltr'><strong>Snakenburgil</strong></span> <span class='ocrx_word' id='word_1_180' title='bbox 2206 2109 2324 2145; x_wconf 86' lang='lat' dir='ltr'><strong>cum</strong></span> <span class='ocrx_word' id='word_1_181' title='bbox 2368 2092 2495 2143; x_wconf 86' lang='lat' dir='ltr'><strong>Ald.</strong></span> 
     </span>
     <span class='ocr_line' id='line_1_21' title="bbox 277 2154 2493 2236; baseline 0.001 -31"><span class='ocrx_word' id='word_1_182' title='bbox 277 2154 451 2207; x_wconf 83' lang='lat' dir='ltr'><strong>Colin.</strong></span> <span class='ocrx_word' id='word_1_183' title='bbox 477 2156 680 2223; x_wconf 77' lang='lat' dir='ltr'><strong>Gryph.</strong></span> <span class='ocrx_word' id='word_1_184' title='bbox 701 2160 854 2210; x_wconf 83' lang='lat' dir='ltr'><strong>Frob.</strong></span> <span class='ocrx_word' id='word_1_185' title='bbox 877 2161 999 2212; x_wconf 76' lang='lat' dir='ltr'><strong>Bas.</strong></span> <span class='ocrx_word' id='word_1_186' title='bbox 1025 2163 1140 2212; x_wconf 83' lang='lat' dir='ltr'><strong>Col.</strong></span> <span class='ocrx_word' id='word_1_187' title='bbox 1166 2162 1299 2214; x_wconf 84' lang='lat' dir='ltr'><strong>Mer.</strong></span> <span class='ocrx_word' id='word_1_188' title='bbox 1325 2161 1494 2226; x_wconf 80' lang='lat' dir='ltr'><strong>Lugd.</strong></span> <span class='ocrx_word' id='word_1_189' title='bbox 1512 2169 1570 2213; x_wconf 87' lang='lat' dir='ltr'><strong>et</strong></span> <span class='ocrx_word' id='word_1_190' title='bbox 1582 2161 1758 2213; x_wconf 73' lang='lat' dir='ltr'><strong>Amat.</strong></span> <span class='ocrx_word' id='word_1_191' title='bbox 1779 2162 2120 2214; x_wconf 58' lang='lat' dir='ltr'><strong>deontia-27</strong></span> <span class='ocrx_word' id='word_1_192' title='bbox 2144 2162 2285 2224; x_wconf 79' lang='lat' dir='ltr'><strong>Vulg</strong></span> <span class='ocrx_word' id='word_1_193' title='bbox 2326 2167 2493 2236; x_wconf 37' lang='lat' dir='ltr'><strong>..ante-</strong></span> 
     </span>
     <span class='ocr_line' id='line_1_22' title="bbox 280 2220 2497 2292; baseline 0.001 -23"><span class='ocrx_word' id='word_1_194' title='bbox 280 2220 544 2271; x_wconf 85' lang='lat' dir='ltr'><strong>Raderum</strong></span> <span class='ocrx_word' id='word_1_195' title='bbox 565 2242 577 2270; x_wconf 71' lang='grc' dir='ltr'><strong>ε</strong></span> <span class='ocrx_word' id='word_1_196' title='bbox 612 2239 703 2274; x_wconf 77' lang='lat' dir='ltr'><strong>non</strong></span> <span class='ocrx_word' id='word_1_197' title='bbox 727 2230 765 2275; x_wconf 85' lang='lat' dir='ltr'><strong>t.</strong></span> <span class='ocrx_word' id='word_1_198' title='bbox 790 2227 855 2276; x_wconf 77' lang='lat' dir='ltr'><strong>A.</strong></span> <span class='ocrx_word' id='word_1_199' title='bbox 877 2228 1094 2290; x_wconf 65' lang='grc' dir='ltr'><strong>σον-ροντ’,-</strong></span> <span class='ocrx_word' id='word_1_200' title='bbox 1128 2227 1391 2291; x_wconf 81' lang='lat' dir='ltr'><strong>Goropius</strong></span> <span class='ocrx_word' id='word_1_201' title='bbox 1413 2241 1538 2279; x_wconf 77' lang='lat' dir='ltr'><strong>vero</strong></span> <span class='ocrx_word' id='word_1_202' title='bbox 1560 2227 1723 2292; x_wconf 73' lang='lat' dir='ltr'><strong>legite</strong></span> <span class='ocrx_word' id='word_1_203' title='bbox 1756 2243 1849 2277; x_wconf 73' lang='lat' dir='ltr'><strong>non</strong></span> <span class='ocrx_word' id='word_1_204' title='bbox 1871 2232 1970 2277; x_wconf 76' lang='lat' dir='ltr'><strong>toto</strong></span> <span class='ocrx_word' id='word_1_205' title='bbox 1989 2241 2195 2291; x_wconf 76' lang='lat' dir='ltr'><strong>corpore.</strong></span> <span class='ocrx_word' id='word_1_206' title='bbox 2306 2234 2382 2274; x_wconf 74' lang='lat' dir='ltr'><strong>ult</strong></span> <span class='ocrx_word' id='word_1_207' title='bbox 2405 2239 2497 2287; x_wconf 78' lang='lat' dir='ltr'><strong>qur</strong></span> 
     </span>
     <span class='ocr_line' id='line_1_23' title="bbox 280 2287 2495 2357; baseline 0.003 -24"><span class='ocrx_word' id='word_1_208' title='bbox 280 2287 671 2340; x_wconf 74' lang='lat' dir='ltr'><strong>rescribendum</strong></span> <span class='ocrx_word' id='word_1_209' title='bbox 696 2296 940 2354; x_wconf 80' lang='lat' dir='ltr'><strong>putaret:</strong></span> <span class='ocrx_word' id='word_1_210' title='bbox 976 2307 1071 2342; x_wconf 75' lang='lat' dir='ltr'><strong>non</strong></span> <span class='ocrx_word' id='word_1_211' title='bbox 1091 2307 1153 2343; x_wconf 76' lang='lat' dir='ltr'><strong>ex</strong></span> <span class='ocrx_word' id='word_1_212' title='bbox 1176 2298 1293 2351; x_wconf 79' lang='lat' dir='ltr'><strong>toto,</strong></span> <span class='ocrx_word' id='word_1_213' title='bbox 1314 2291 1384 2344; x_wconf 74' lang='lat' dir='ltr'><strong>A.</strong></span> <span class='ocrx_word' id='word_1_214' title='bbox 1413 2307 1609 2357; x_wconf 79' lang='lat' dir='ltr'><strong>corpore</strong></span> <span class='ocrx_word' id='word_1_215' title='bbox 1648 2292 1916 2342; x_wconf 69' lang='lat' dir='ltr'><strong>obducitur.</strong></span> <span class='ocrx_word' id='word_1_216' title='bbox 1982 2292 2137 2342; x_wconf 82' lang='lat' dir='ltr'><strong>Voss.</strong></span> <span class='ocrx_word' id='word_1_217' title='bbox 2168 2293 2216 2341; x_wconf 79' lang='grc'><strong>2.</strong></span> <span class='ocrx_word' id='word_1_218' title='bbox 2241 2297 2297 2340; x_wconf 83' lang='lat' dir='ltr'><strong>et</strong></span> <span class='ocrx_word' id='word_1_219' title='bbox 2320 2288 2495 2353; x_wconf 79' lang='lat' dir='ltr'><strong>vulgg.</strong></span> 
     </span>
     <span class='ocr_line' id='line_1_24' title="bbox 279 2354 2496 2424; baseline 0.003 -24"><span class='ocrx_word' id='word_1_220' title='bbox 279 2357 441 2401; x_wconf 72' lang='lat' dir='ltr'><strong>cetera</strong></span> <span class='ocrx_word' id='word_1_221' title='bbox 462 2354 589 2404; x_wconf 79' lang='lat' dir='ltr'><strong>inde.</strong></span> <span class='ocrx_word' id='word_1_222' title='bbox 653 2355 805 2406; x_wconf 77' lang='lat' dir='ltr'><strong>Voss.</strong></span> <span class='ocrx_word' id='word_1_223' title='bbox 830 2361 879 2406; x_wconf 83' lang='lat'><strong>2.</strong></span> <span class='ocrx_word' id='word_1_224' title='bbox 903 2364 959 2408; x_wconf 87' lang='lat' dir='ltr'><strong>et</strong></span> <span class='ocrx_word' id='word_1_225' title='bbox 984 2359 1099 2408; x_wconf 83' lang='lat' dir='ltr'><strong>Pal.</strong></span> <span class='ocrx_word' id='word_1_226' title='bbox 1126 2363 1173 2409; x_wconf 91' lang='lat'><strong>1.</strong></span> <span class='ocrx_word' id='word_1_227' title='bbox 1207 2359 1459 2410; x_wconf 86' lang='lat' dir='ltr'><strong>omittunt</strong></span> <span class='ocrx_word' id='word_1_228' title='bbox 1484 2373 1622 2424; x_wconf 79' lang='lat' dir='ltr'><strong>quem</strong></span> <span class='ocrx_word' id='word_1_229' title='bbox 1645 2368 1769 2409; x_wconf 88' lang='lat' dir='ltr'><strong>ante</strong></span> <span class='ocrx_word' id='word_1_230' title='bbox 1789 2360 1939 2417; x_wconf 79' lang='lat' dir='ltr'><strong>nodo,-</strong></span> <span class='ocrx_word' id='word_1_231' title='bbox 1973 2358 2124 2409; x_wconf 76' lang='lat' dir='ltr'><strong>Voss.</strong></span> <span class='ocrx_word' id='word_1_232' title='bbox 2147 2361 2194 2409; x_wconf 90' lang='lat'><strong>1.</strong></span> <span class='ocrx_word' id='word_1_233' title='bbox 2228 2356 2347 2407; x_wconf 86' lang='lat' dir='ltr'><strong>Pal.</strong></span> <span class='ocrx_word' id='word_1_234' title='bbox 2370 2359 2416 2403; x_wconf 89' lang='lat' dir='ltr'><strong>l.</strong></span> <span class='ocrx_word' id='word_1_235' title='bbox 2439 2364 2496 2406; x_wconf 86' lang='lat' dir='ltr'><strong>et</strong></span> 
     </span>
    </p>
   </div>
   <div class='ocr_carea' id='block_1_6' title="bbox 1272 2492 1487 2543">
    <p class='ocr_par' dir='ltr' id='par_1_6' title="bbox 1272 2492 1487 2543">
     <span class='ocr_line' id='line_1_25' title="bbox 1272 2492 1487 2543; baseline 0.005 -1"><span class='ocrx_word' id='word_1_236' title='bbox 1272 2492 1487 2543; x_wconf 78' lang='lat' dir='ltr'><strong>NOTAE</strong></span> 
     </span>
    </p>
   </div>
   <div class='ocr_carea' id='block_1_7' title="bbox 278 2582 2500 2806">
    <p class='ocr_par' dir='ltr' id='par_1_7' title="bbox 278 2582 2500 2806">
     <span class='ocr_line' id='line_1_26' title="bbox 278 2582 2500 2653; baseline 0 -22"><span class='ocrx_word' id='word_1_237' title='bbox 278 2583 645 2634; x_wconf 68' lang='lat' dir='ltr'><strong>consentiunt!</strong></span> <span class='ocrx_word' id='word_1_238' title='bbox 723 2584 990 2636; x_wconf 78' lang='lat' dir='ltr'><strong>Strabonis</strong></span> <span class='ocrx_word' id='word_1_239' title='bbox 1028 2586 1185 2638; x_wconf 82' lang='lat' dir='ltr'><strong>verba</strong></span> <span class='ocrx_word' id='word_1_240' title='bbox 1227 2596 1350 2640; x_wconf 82' lang='lat' dir='ltr'><strong>sunt</strong></span> <span class='ocrx_word' id='word_1_241' title='bbox 1431 2587 1640 2653; x_wconf 83' lang='lat' dir='ltr'><strong>utrique</strong></span> <span class='ocrx_word' id='word_1_242' title='bbox 1661 2583 1817 2637; x_wconf 84' lang='lat' dir='ltr'><strong>hodie</strong></span> <span class='ocrx_word' id='word_1_243' title='bbox 1835 2595 2022 2637; x_wconf 84' lang='lat' dir='ltr'><strong>nomen</strong></span> <span class='ocrx_word' id='word_1_244' title='bbox 2042 2583 2214 2636; x_wconf 56' lang='grc' dir='ltr'><strong>Γαῖα.</strong></span> <span class='ocrx_word' id='word_1_245' title='bbox 2279 2582 2500 2633; x_wconf 76' lang='lat' dir='ltr'><strong>APhasi</strong></span> 
     </span>
     <span class='ocr_line' id='line_1_27' title="bbox 283 2660 2498 2726; baseline 0.001 -19"><span class='ocrx_word' id='word_1_246' title='bbox 283 2660 514 2710; x_wconf 78' lang='lat' dir='ltr'><strong>auctoris</strong></span> <span class='ocrx_word' id='word_1_247' title='bbox 530 2661 839 2725; x_wconf 75' lang='lat' dir='ltr'><strong>gravissimi,</strong></span> <span class='ocrx_word' id='word_1_248' title='bbox 860 2663 1042 2715; x_wconf 78' lang='lat' dir='ltr'><strong>lib.xr.</strong></span> <span class='ocrx_word' id='word_1_249' title='bbox 1065 2662 1348 2715; x_wconf 77' lang='lat' dir='ltr'><strong>cuisuffra-</strong></span> <span class='ocrx_word' id='word_1_250' title='bbox 1430 2663 1559 2714; x_wconf 87' lang='lat' dir='ltr'><strong>dicti</strong></span> <span class='ocrx_word' id='word_1_251' title='bbox 1583 2670 1706 2714; x_wconf 76' lang='lat' dir='ltr'><strong>sunt</strong></span> <span class='ocrx_word' id='word_1_252' title='bbox 1731 2665 1746 2692; x_wconf 80' lang='grc'><em>“</em></span> <span class='ocrx_word' id='word_1_253' title='bbox 1763 2660 2044 2726; x_wconf 77' lang='lat' dir='ltr'><strong>Phasianl,’</strong></span> <span class='ocrx_word' id='word_1_254' title='bbox 2057 2676 2181 2713; x_wconf 77' lang='lat' dir='ltr'><strong>aves</strong></span> <span class='ocrx_word' id='word_1_255' title='bbox 2199 2661 2498 2725; x_wconf 79' lang='lat' dir='ltr'><strong>exquisitae,</strong></span> 
     </span>
     <span class='ocr_line' id='line_1_28' title="bbox 279 2737 2498 2806; baseline 0 -21"><span class='ocrx_word' id='word_1_256' title='bbox 279 2745 436 2799; x_wconf 83' lang='lat' dir='ltr'><strong>gatur</strong></span> <span class='ocrx_word' id='word_1_257' title='bbox 469 2738 718 2790; x_wconf 83' lang='lat' dir='ltr'><strong>Arrianus</strong></span> <span class='ocrx_word' id='word_1_258' title='bbox 758 2740 851 2791; x_wconf 89' lang='lat' dir='ltr'><strong>lib.</strong></span> <span class='ocrx_word' id='word_1_259' title='bbox 890 2753 991 2791; x_wconf 81' lang='lat' dir='ltr'><strong>vn.</strong></span> <span class='ocrx_word' id='word_1_260' title='bbox 1039 2741 1348 2792; x_wconf 74' lang='lat' dir='ltr'><strong>Plutarchus</strong></span> <span class='ocrx_word' id='word_1_261' title='bbox 1427 2744 1514 2793; x_wconf 70' lang='lat' dir='ltr'><strong>des</strong></span> <span class='ocrx_word' id='word_1_262' title='bbox 1545 2741 1785 2800; x_wconf 62' lang='lat' dir='ltr'><strong>Faisann</strong></span> <span class='ocrx_word' id='word_1_263' title='bbox 1819 2739 1959 2806; x_wconf 90' lang='lat' dir='ltr'><strong>quod</strong></span> <span class='ocrx_word' id='word_1_264' title='bbox 1996 2753 2062 2789; x_wconf 84' lang='lat' dir='ltr'><strong>ex</strong></span> <span class='ocrx_word' id='word_1_265' title='bbox 2096 2738 2210 2803; x_wconf 77' lang='lat' dir='ltr'><strong>ejus</strong></span> <span class='ocrx_word' id='word_1_266' title='bbox 2238 2738 2384 2802; x_wconf 80' lang='lat' dir='ltr'><strong>ripis,</strong></span> <span class='ocrx_word' id='word_1_267' title='bbox 2405 2737 2498 2787; x_wconf 89' lang='lat' dir='ltr'><strong>ubi</strong></span> 
     </span>
    </p>
   </div>
   <div class='ocr_carea' id='block_1_8' title="bbox 269 2812 1353 4197">
    <p class='ocr_par' dir='ltr' id='par_1_8' title="bbox 281 2812 637 2866">
     <span class='ocr_line' id='line_1_29' title="bbox 281 2812 637 2866; baseline 0.014 -5"><span class='ocrx_word' id='word_1_268' title='bbox 281 2813 339 2862; x_wconf 88' lang='lat' dir='ltr'><strong>in</strong></span> <span class='ocrx_word' id='word_1_269' title='bbox 361 2812 512 2864; x_wconf 79' lang='lat' dir='ltr'><strong>Alex.</strong></span> <span class='ocrx_word' id='word_1_270' title='bbox 534 2819 637 2866; x_wconf 71' lang='grc' dir='ltr'><strong>ὅτε.</strong></span> 
     </span>
    </p>

    <p class='ocr_par' dir='ltr' id='par_1_9' title="bbox 269 2890 1353 4197">
     <span class='ocr_line' id='line_1_30' title="bbox 348 2890 1349 2959; baseline 0.005 -19"><span class='ocrx_word' id='word_1_271' title='bbox 348 2895 383 2922; x_wconf 80' lang='lat'><strong>¹¹¹</strong></span> <span class='ocrx_word' id='word_1_272' title='bbox 422 2890 684 2942; x_wconf 72' lang='lat' dir='ltr'><strong>caucasum</strong></span> <span class='ocrx_word' id='word_1_273' title='bbox 702 2897 905 2943; x_wconf 75' lang='lat' dir='ltr'><strong>montem</strong></span> <span class='ocrx_word' id='word_1_274' title='bbox 926 2898 975 2944; x_wconf 76' lang='lat' dir='ltr'><strong>et</strong></span> <span class='ocrx_word' id='word_1_275' title='bbox 1001 2893 1208 2959; x_wconf 74' lang='lat' dir='ltr'><strong>Phasin]</strong></span> <span class='ocrx_word' id='word_1_276' title='bbox 1244 2893 1349 2947; x_wconf 83' lang='lat' dir='ltr'><strong>Qui</strong></span> 
     </span>
     <span class='ocr_line' id='line_1_31' title="bbox 277 2963 1351 3037; baseline 0.005 -20"><span class='ocrx_word' id='word_1_277' title='bbox 277 2963 335 3017; x_wconf 81' lang='lat' dir='ltr'><strong>in</strong></span> <span class='ocrx_word' id='word_1_278' title='bbox 365 2965 748 3021; x_wconf 68' lang='lat' dir='ltr'><strong>Ther-medonte</strong></span> <span class='ocrx_word' id='word_1_279' title='bbox 771 2986 832 3021; x_wconf 87' lang='lat' dir='ltr'><strong>ac</strong></span> <span class='ocrx_word' id='word_1_280' title='bbox 854 2970 1188 3037; x_wconf 81' lang='lat' dir='ltr'><strong>Themiscyra</strong></span> <span class='ocrx_word' id='word_1_281' title='bbox 1209 2987 1351 3023; x_wconf 88' lang='lat' dir='ltr'><strong>erra-</strong></span> 
     </span>
     <span class='ocr_line' id='line_1_32' title="bbox 276 3044 1352 3112; baseline 0.007 -19"><span class='ocrx_word' id='word_1_282' title='bbox 276 3044 377 3108; x_wconf 79' lang='lat' dir='ltr'><strong>vit,</strong></span> <span class='ocrx_word' id='word_1_283' title='bbox 414 3060 739 3112; x_wconf 77' lang='lat' dir='ltr'><strong>consequens</strong></span> <span class='ocrx_word' id='word_1_284' title='bbox 774 3057 888 3098; x_wconf 83' lang='lat' dir='ltr'><strong>erat</strong></span> <span class='ocrx_word' id='word_1_285' title='bbox 930 3055 993 3099; x_wconf 90' lang='lat' dir='ltr'><strong>ut</strong></span> <span class='ocrx_word' id='word_1_286' title='bbox 1030 3049 1083 3099; x_wconf 87' lang='lat' dir='ltr'><strong>in</strong></span> <span class='ocrx_word' id='word_1_287' title='bbox 1117 3050 1352 3101; x_wconf 73' lang='lat' dir='ltr'><strong>Caucaso</strong></span> 
     </span>
     <span class='ocr_line' id='line_1_33' title="bbox 280 3122 1351 3179; baseline 0.007 -8"><span class='ocrx_word' id='word_1_288' title='bbox 280 3122 441 3172; x_wconf 87' lang='lat' dir='ltr'><strong>etiam</strong></span> <span class='ocrx_word' id='word_1_289' title='bbox 478 3131 552 3173; x_wconf 86' lang='lat' dir='ltr'><strong>et-</strong></span> <span class='ocrx_word' id='word_1_290' title='bbox 580 3125 736 3175; x_wconf 70' lang='lat' dir='ltr'><strong>Phari</strong></span> <span class='ocrx_word' id='word_1_291' title='bbox 777 3125 1199 3178; x_wconf 67' lang='lat' dir='ltr'><strong>hallucinantur.</strong></span> <span class='ocrx_word' id='word_1_292' title='bbox 1281 3129 1351 3179; x_wconf 91' lang='lat' dir='ltr'><strong>Et</strong></span> 
     </span>
     <span class='ocr_line' id='line_1_34' title="bbox 276 3200 1352 3268; baseline 0.008 -21"><span class='ocrx_word' id='word_1_293' title='bbox 276 3211 407 3248; x_wconf 78' lang='lat' dir='ltr'><strong>vero</strong></span> <span class='ocrx_word' id='word_1_294' title='bbox 424 3200 716 3251; x_wconf 82' lang='lat' dir='ltr'><strong>Caucasum</strong></span> <span class='ocrx_word' id='word_1_295' title='bbox 733 3215 800 3252; x_wconf 80' lang='lat' dir='ltr'><strong>cx</strong></span> <span class='ocrx_word' id='word_1_296' title='bbox 819 3203 1157 3268; x_wconf 75' lang='lat' dir='ltr'><strong>Paropamiso</strong></span> <span class='ocrx_word' id='word_1_297' title='bbox 1167 3204 1352 3256; x_wconf 71' lang='lat' dir='ltr'><strong>fecisse</strong></span> 
     </span>
     <span class='ocr_line' id='line_1_35' title="bbox 269 3267 1350 3348; baseline 0.006 -23"><span class='ocrx_word' id='word_1_298' title='bbox 269 3267 423 3326; x_wconf 57' lang='lat' dir='ltr'><strong>&#39;infra</strong></span> <span class='ocrx_word' id='word_1_299' title='bbox 458 3276 750 3329; x_wconf 76' lang='lat' dir='ltr'><strong>videbimus</strong></span> <span class='ocrx_word' id='word_1_300' title='bbox 789 3275 878 3329; x_wconf 91' lang='lat' dir='ltr'><strong>lib.</strong></span> <span class='ocrx_word' id='word_1_301' title='bbox 903 3291 1003 3330; x_wconf 80' lang='lat' dir='ltr'><strong>vn.</strong></span> <span class='ocrx_word' id='word_1_302' title='bbox 1040 3295 1158 3345; x_wconf 87' lang='lat' dir='ltr'><strong>cap.</strong></span> <span class='ocrx_word' id='word_1_303' title='bbox 1174 3284 1224 3331; x_wconf 75' lang='grc'><strong>3.</strong></span> <span class='ocrx_word' id='word_1_304' title='bbox 1261 3282 1350 3348; x_wconf 83' lang='lat' dir='ltr'><strong>qui</strong></span> 
     </span>
     <span class='ocr_line' id='line_1_36' title="bbox 276 3351 1352 3422; baseline 0.007 -20"><span class='ocrx_word' id='word_1_305' title='bbox 276 3352 437 3419; x_wconf 81' lang='lat' dir='ltr'><strong>louge</strong></span> <span class='ocrx_word' id='word_1_306' title='bbox 467 3355 606 3404; x_wconf 82' lang='lat' dir='ltr'><strong>ultra</strong></span> <span class='ocrx_word' id='word_1_307' title='bbox 631 3351 943 3420; x_wconf 78' lang='lat' dir='ltr'><strong>Hyrcaniam</strong></span> <span class='ocrx_word' id='word_1_308' title='bbox 970 3358 1022 3408; x_wconf 91' lang='lat' dir='ltr'><strong>in</strong></span> <span class='ocrx_word' id='word_1_309' title='bbox 1046 3358 1238 3409; x_wconf 83' lang='lat' dir='ltr'><strong>Ortum</strong></span> <span class='ocrx_word' id='word_1_310' title='bbox 1269 3369 1352 3422; x_wconf 80' lang='lat' dir='ltr'><strong>re-</strong></span> 
     </span>
     <span class='ocr_line' id='line_1_37' title="bbox 277 3433 1348 3501; baseline 0.004 -20"><span class='ocrx_word' id='word_1_311' title='bbox 277 3439 455 3482; x_wconf 84' lang='lat' dir='ltr'><strong>motus</strong></span> <span class='ocrx_word' id='word_1_312' title='bbox 491 3438 603 3495; x_wconf 73' lang='lat' dir='ltr'><strong>est3</strong></span> <span class='ocrx_word' id='word_1_313' title='bbox 655 3447 774 3482; x_wconf 90' lang='lat' dir='ltr'><strong>cum</strong></span> <span class='ocrx_word' id='word_1_314' title='bbox 820 3447 973 3483; x_wconf 80' lang='lat' dir='ltr'><strong>verus</strong></span> <span class='ocrx_word' id='word_1_315' title='bbox 1018 3434 1106 3501; x_wconf 89' lang='lat' dir='ltr'><strong>qui</strong></span> <span class='ocrx_word' id='word_1_316' title='bbox 1153 3433 1348 3485; x_wconf 86' lang='lat' dir='ltr'><strong>dicitur</strong></span> 
     </span>
     <span class='ocr_line' id='line_1_38' title="bbox 278 3509 1347 3575; baseline 0.002 -15"><span class='ocrx_word' id='word_1_317' title='bbox 278 3509 564 3572; x_wconf 70' lang='lat' dir='ltr'><strong>Caucasus,</strong></span> <span class='ocrx_word' id='word_1_318' title='bbox 606 3509 922 3560; x_wconf 82' lang='lat' dir='ltr'><strong>Amazonum</strong></span> <span class='ocrx_word' id='word_1_319' title='bbox 968 3510 1237 3575; x_wconf 83' lang='lat' dir='ltr'><strong>finitimus,</strong></span> <span class='ocrx_word' id='word_1_320' title='bbox 1281 3512 1347 3562; x_wconf 81' lang='lat' dir='ltr'><strong>ad</strong></span> 
     </span>
     <span class='ocr_line' id='line_1_39' title="bbox 281 3587 1352 3651; baseline 0.003 -14"><span class='ocrx_word' id='word_1_321' title='bbox 281 3588 512 3638; x_wconf 85' lang='lat' dir='ltr'><strong>Pontum</strong></span> <span class='ocrx_word' id='word_1_322' title='bbox 532 3588 600 3639; x_wconf 74' lang='lat' dir='ltr'><strong>eit</strong></span> <span class='ocrx_word' id='word_1_323' title='bbox 627 3587 901 3651; x_wconf 82' lang='lat' dir='ltr'><strong>Euxinum,</strong></span> <span class='ocrx_word' id='word_1_324' title='bbox 920 3589 1195 3639; x_wconf 82' lang='lat' dir='ltr'><strong>Orientem</strong></span> <span class='ocrx_word' id='word_1_325' title='bbox 1213 3590 1352 3640; x_wconf 83' lang='lat' dir='ltr'><strong>inter</strong></span> 
     </span>
     <span class='ocr_line' id='line_1_40' title="bbox 275 3662 1352 3733; baseline 0.003 -19"><span class='ocrx_word' id='word_1_326' title='bbox 275 3675 344 3715; x_wconf 79' lang='lat' dir='ltr'><strong>ac</strong></span> <span class='ocrx_word' id='word_1_327' title='bbox 366 3662 822 3729; x_wconf 85' lang='lat' dir='ltr'><strong>Septemtrionem.</strong></span> <span class='ocrx_word' id='word_1_328' title='bbox 860 3665 1044 3715; x_wconf 76' lang='lat' dir='ltr'><strong>Phasis</strong></span> <span class='ocrx_word' id='word_1_329' title='bbox 1067 3680 1133 3716; x_wconf 84' lang='lat' dir='ltr'><strong>ex</strong></span> <span class='ocrx_word' id='word_1_330' title='bbox 1157 3667 1352 3733; x_wconf 82' lang='lat' dir='ltr'><strong>Parye-</strong></span> 
     </span>
     <span class='ocr_line' id='line_1_41' title="bbox 280 3739 1351 3794; baseline 0.003 -4"><span class='ocrx_word' id='word_1_331' title='bbox 280 3739 377 3790; x_wconf 83' lang='lat' dir='ltr'><strong>dro</strong></span> <span class='ocrx_word' id='word_1_332' title='bbox 395 3740 657 3794; x_wconf 66' lang='lat' dir='ltr'><strong>Armeniae</strong></span> <span class='ocrx_word' id='word_1_333' title='bbox 675 3748 851 3792; x_wconf 88' lang='lat' dir='ltr'><strong>monte</strong></span> <span class='ocrx_word' id='word_1_334' title='bbox 875 3743 1043 3792; x_wconf 86' lang='lat' dir='ltr'><strong>oritur</strong></span> <span class='ocrx_word' id='word_1_335' title='bbox 1065 3743 1248 3792; x_wconf 86' lang='lat' dir='ltr'><strong>eodem</strong></span> <span class='ocrx_word' id='word_1_336' title='bbox 1274 3752 1351 3793; x_wconf 83' lang='lat' dir='ltr'><strong>at-</strong></span> 
     </span>
     <span class='ocr_line' id='line_1_42' title="bbox 281 3818 1349 3885; baseline 0.003 -16"><span class='ocrx_word' id='word_1_337' title='bbox 281 3834 384 3885; x_wconf 89' lang='lat' dir='ltr'><strong>que</strong></span> <span class='ocrx_word' id='word_1_338' title='bbox 402 3819 700 3883; x_wconf 79' lang='lat' dir='ltr'><strong>Euphrates</strong></span> <span class='ocrx_word' id='word_1_339' title='bbox 713 3819 891 3883; x_wconf 79' lang='lat' dir='ltr'><strong>fonte3</strong></span> <span class='ocrx_word' id='word_1_340' title='bbox 915 3828 976 3870; x_wconf 89' lang='lat' dir='ltr'><strong>ut</strong></span> <span class='ocrx_word' id='word_1_341' title='bbox 993 3818 1202 3871; x_wconf 82' lang='lat' dir='ltr'><strong>exhibet</strong></span> <span class='ocrx_word' id='word_1_342' title='bbox 1223 3821 1349 3872; x_wconf 83' lang='lat' dir='ltr'><strong>Pto-</strong></span> 
     </span>
     <span class='ocr_line' id='line_1_43' title="bbox 280 3894 1349 3960; baseline 0.002 -13"><span class='ocrx_word' id='word_1_343' title='bbox 280 3898 455 3948; x_wconf 80' lang='lat' dir='ltr'><strong>lemaei</strong></span> <span class='ocrx_word' id='word_1_344' title='bbox 470 3897 598 3947; x_wconf 79' lang='lat' dir='ltr'><strong>Tab.</strong></span> <span class='ocrx_word' id='word_1_345' title='bbox 624 3911 708 3946; x_wconf 84' lang='lat' dir='ltr'><strong>m.</strong></span> <span class='ocrx_word' id='word_1_346' title='bbox 742 3894 904 3960; x_wconf 78' lang='lat' dir='ltr'><strong>Asiae,</strong></span> <span class='ocrx_word' id='word_1_347' title='bbox 925 3905 982 3947; x_wconf 89' lang='lat' dir='ltr'><strong>et</strong></span> <span class='ocrx_word' id='word_1_348' title='bbox 1003 3912 1068 3958; x_wconf 79' lang='lat' dir='ltr'><strong>ex</strong></span> <span class='ocrx_word' id='word_1_349' title='bbox 1090 3897 1349 3949; x_wconf 86' lang='lat' dir='ltr'><strong>Strabone</strong></span> 
     </span>
     <span class='ocr_line' id='line_1_44' title="bbox 277 3973 1351 4038; baseline 0.001 -13"><span class='ocrx_word' id='word_1_350' title='bbox 277 3974 458 4038; x_wconf 87' lang='lat' dir='ltr'><strong>colligi</strong></span> <span class='ocrx_word' id='word_1_351' title='bbox 489 3980 676 4038; x_wconf 77' lang='lat' dir='ltr'><strong>potest.</strong></span> <span class='ocrx_word' id='word_1_352' title='bbox 743 3973 876 4023; x_wconf 91' lang='lat' dir='ltr'><strong>Inde</strong></span> <span class='ocrx_word' id='word_1_353' title='bbox 908 3974 1351 4037; x_wconf 88' lang='lat' dir='ltr'><strong>Septemtrionem</strong></span> 
     </span>
     <span class='ocr_line' id='line_1_45' title="bbox 276 4048 1353 4104; baseline 0.005 -4"><span class='ocrx_word' id='word_1_354' title='bbox 276 4063 465 4100; x_wconf 79' lang='lat' dir='ltr'><strong>versus</strong></span> <span class='ocrx_word' id='word_1_355' title='bbox 485 4049 682 4100; x_wconf 79' lang='lat' dir='ltr'><strong>labitur</strong></span> <span class='ocrx_word' id='word_1_356' title='bbox 709 4049 910 4101; x_wconf 77' lang='lat' dir='ltr'><strong>crebris</strong></span> <span class='ocrx_word' id='word_1_357' title='bbox 933 4048 1155 4103; x_wconf 78' lang='lat' dir='ltr'><strong>flexibus</strong></span> <span class='ocrx_word' id='word_1_358' title='bbox 1181 4053 1353 4104; x_wconf 82' lang='lat' dir='ltr'><strong>sinuo-</strong></span> 
     </span>
     <span class='ocr_line' id='line_1_46' title="bbox 281 4125 1352 4197; baseline 0.003 -20"><span class='ocrx_word' id='word_1_359' title='bbox 281 4140 393 4190; x_wconf 72' lang='lat' dir='ltr'><strong>sus,</strong></span> <span class='ocrx_word' id='word_1_360' title='bbox 413 4126 545 4177; x_wconf 91' lang='lat' dir='ltr'><strong>etin</strong></span> <span class='ocrx_word' id='word_1_361' title='bbox 569 4125 869 4178; x_wconf 87' lang='lat' dir='ltr'><strong>Colchidem</strong></span> <span class='ocrx_word' id='word_1_362' title='bbox 904 4125 1159 4193; x_wconf 84' lang='lat' dir='ltr'><strong>defluens,</strong></span> <span class='ocrx_word' id='word_1_363' title='bbox 1194 4139 1352 4197; x_wconf 84' lang='lat' dir='ltr'><strong>atque</strong></span> 
     </span>
    </p>
   </div>
   <div class='ocr_carea' id='block_1_9' title="bbox 1428 2813 2502 3580">
    <p class='ocr_par' dir='ltr' id='par_1_10' title="bbox 1428 2813 2502 3414">
     <span class='ocr_line' id='line_1_47' title="bbox 1428 2813 2500 2883; baseline -0.006 -15"><span class='ocrx_word' id='word_1_364' title='bbox 1428 2817 1732 2883; x_wconf 80' lang='lat' dir='ltr'><strong>frequentes</strong></span> <span class='ocrx_word' id='word_1_365' title='bbox 1748 2824 1884 2880; x_wconf 79' lang='lat' dir='ltr'><strong>sunt,</strong></span> <span class='ocrx_word' id='word_1_366' title='bbox 1901 2816 2187 2866; x_wconf 83' lang='lat' dir='ltr'><strong>credantur</strong></span> <span class='ocrx_word' id='word_1_367' title='bbox 2203 2814 2426 2879; x_wconf 81' lang='lat' dir='ltr'><strong>primum</strong></span> <span class='ocrx_word' id='word_1_368' title='bbox 2445 2813 2500 2863; x_wconf 90' lang='lat' dir='ltr'><strong>in</strong></span> 
     </span>
     <span class='ocr_line' id='line_1_48' title="bbox 1430 2888 2499 2958; baseline -0.005 -13"><span class='ocrx_word' id='word_1_369' title='bbox 1430 2891 1690 2946; x_wconf 78' lang='lat' dir='ltr'><strong>Graeciam</strong></span> <span class='ocrx_word' id='word_1_370' title='bbox 1708 2894 1775 2944; x_wconf 89' lang='lat' dir='ltr'><strong>ab</strong></span> <span class='ocrx_word' id='word_1_371' title='bbox 1793 2890 2114 2958; x_wconf 75' lang='lat' dir='ltr'><strong>Argonautis</strong></span> <span class='ocrx_word' id='word_1_372' title='bbox 2131 2891 2389 2941; x_wconf 81' lang='lat' dir='ltr'><strong>advectae.</strong></span> <span class='ocrx_word' id='word_1_373' title='bbox 2413 2888 2499 2940; x_wconf 87' lang='lat' dir='ltr'><strong>Ad</strong></span> 
     </span>
     <span class='ocr_line' id='line_1_49' title="bbox 1430 2965 2502 3023; baseline -0.005 -1"><span class='ocrx_word' id='word_1_374' title='bbox 1430 2971 1669 3023; x_wconf 82' lang='lat' dir='ltr'><strong>Curtium</strong></span> <span class='ocrx_word' id='word_1_375' title='bbox 1714 2970 1891 3023; x_wconf 87' lang='lat' dir='ltr'><strong>redeo.</strong></span> <span class='ocrx_word' id='word_1_376' title='bbox 1974 2965 2198 3019; x_wconf 81' lang='lat' dir='ltr'><strong>Videtur</strong></span> <span class='ocrx_word' id='word_1_377' title='bbox 2235 2966 2318 3017; x_wconf 83' lang='lat' dir='ltr'><strong>hic</strong></span> <span class='ocrx_word' id='word_1_378' title='bbox 2363 2967 2502 3017; x_wconf 82' lang='lat' dir='ltr'><strong>inter</strong></span> 
     </span>
     <span class='ocr_line' id='line_1_50' title="bbox 1431 3046 2502 3111; baseline -0.007 -9"><span class='ocrx_word' id='word_1_379' title='bbox 1431 3052 1642 3103; x_wconf 77' lang='lat' dir='ltr'><strong>Phasim</strong></span> <span class='ocrx_word' id='word_1_380' title='bbox 1658 3060 1711 3101; x_wconf 84' lang='lat' dir='ltr'><strong>et</strong></span> <span class='ocrx_word' id='word_1_381' title='bbox 1733 3052 2024 3103; x_wconf 80' lang='lat' dir='ltr'><strong>Caucasum</strong></span> <span class='ocrx_word' id='word_1_382' title='bbox 2034 3046 2336 3100; x_wconf 80' lang='lat' dir='ltr'><strong>Amazonici</strong></span> <span class='ocrx_word' id='word_1_383' title='bbox 2352 3046 2502 3111; x_wconf 77' lang='lat' dir='ltr'><strong>regni</strong></span> 
     </span>
     <span class='ocr_line' id='line_1_51' title="bbox 1429 3122 2502 3193; baseline -0.006 -14"><span class='ocrx_word' id='word_1_384' title='bbox 1429 3128 1561 3180; x_wconf 77' lang='lat' dir='ltr'><strong>fines</strong></span> <span class='ocrx_word' id='word_1_385' title='bbox 1582 3130 1878 3181; x_wconf 72' lang='lat' dir='ltr'><strong>includeret</strong></span> <span class='ocrx_word' id='word_1_386' title='bbox 1905 3128 1995 3179; x_wconf 82' lang='lat' dir='ltr'><strong>sed</strong></span> <span class='ocrx_word' id='word_1_387' title='bbox 2014 3142 2120 3193; x_wconf 85' lang='lat' dir='ltr'><strong>quo</strong></span> <span class='ocrx_word' id='word_1_388' title='bbox 2137 3126 2191 3176; x_wconf 84' lang='lat' dir='ltr'><strong>ld</strong></span> <span class='ocrx_word' id='word_1_389' title='bbox 2214 3133 2371 3191; x_wconf 84' lang='lat' dir='ltr'><strong>pacto</strong></span> <span class='ocrx_word' id='word_1_390' title='bbox 2384 3122 2502 3174; x_wconf 81' lang='lat' dir='ltr'><strong>fieri</strong></span> 
     </span>
     <span class='ocr_line' id='line_1_52' title="bbox 1428 3203 2500 3274; baseline -0.007 -16"><span class='ocrx_word' id='word_1_391' title='bbox 1428 3208 1606 3274; x_wconf 76' lang='lat' dir='ltr'><strong>potuit</strong></span> <span class='ocrx_word' id='word_1_392' title='bbox 1628 3207 1671 3258; x_wconf 83' lang='lat' dir='ltr'><strong>si</strong></span> <span class='ocrx_word' id='word_1_393' title='bbox 1694 3207 1762 3257; x_wconf 85' lang='lat' dir='ltr'><strong>ad</strong></span> <span class='ocrx_word' id='word_1_394' title='bbox 1798 3206 2239 3257; x_wconf 82' lang='lat' dir='ltr'><strong>Thermodontem</strong></span> <span class='ocrx_word' id='word_1_395' title='bbox 2273 3203 2500 3252; x_wconf 72' lang='lat' dir='ltr'><strong>incolue-</strong></span> 
     </span>
     <span class='ocr_line' id='line_1_53' title="bbox 1430 3282 2501 3350; baseline -0.008 -14"><span class='ocrx_word' id='word_1_396' title='bbox 1430 3292 1555 3336; x_wconf 87' lang='lat' dir='ltr'><strong>runt</strong></span> <span class='ocrx_word' id='word_1_397' title='bbox 1575 3285 1926 3350; x_wconf 65' lang='lat' dir='ltr'><strong>Themiscyrae</strong></span> <span class='ocrx_word' id='word_1_398' title='bbox 1951 3291 2181 3347; x_wconf 71' lang='lat' dir='ltr'><strong>campos,</strong></span> <span class='ocrx_word' id='word_1_399' title='bbox 2200 3282 2357 3344; x_wconf 83' lang='lat' dir='ltr'><strong>longo</strong></span> <span class='ocrx_word' id='word_1_400' title='bbox 2376 3289 2501 3328; x_wconf 79' lang='lat' dir='ltr'><strong>saue</strong></span> 
     </span>
     <span class='ocr_line' id='line_1_54' title="bbox 1430 3360 2125 3414; baseline -0.006 -1"><span class='ocrx_word' id='word_1_401' title='bbox 1430 3363 1568 3413; x_wconf 83' lang='lat' dir='ltr'><strong>citra</strong></span> <span class='ocrx_word' id='word_1_402' title='bbox 1582 3360 1795 3414; x_wconf 79' lang='lat' dir='ltr'><strong>Phasim</strong></span> <span class='ocrx_word' id='word_1_403' title='bbox 1818 3360 2125 3411; x_wconf 83' lang='lat' dir='ltr'><strong>intervallo?</strong></span> 
     </span>
    </p>

    <p class='ocr_par' dir='ltr' id='par_1_11' title="bbox 1431 3431 2501 3580">
     <span class='ocr_line' id='line_1_55' title="bbox 1498 3431 2500 3505; baseline -0.01 -13"><span class='ocrx_word' id='word_1_404' title='bbox 1498 3448 1522 3474; x_wconf 74' lang='lat'><strong>¹⁸</strong></span> <span class='ocrx_word' id='word_1_405' title='bbox 1556 3442 1706 3491; x_wconf 76' lang='lat' dir='ltr'><strong>Haud</strong></span> <span class='ocrx_word' id='word_1_406' title='bbox 1717 3438 1905 3505; x_wconf 64' lang='lat' dir='ltr'><strong>mucul]</strong></span> <span class='ocrx_word' id='word_1_407' title='bbox 1939 3435 2026 3489; x_wconf 88' lang='lat' dir='ltr'><strong>Ita</strong></span> <span class='ocrx_word' id='word_1_408' title='bbox 2047 3433 2251 3488; x_wconf 82' lang='lat' dir='ltr'><strong>censuit</strong></span> <span class='ocrx_word' id='word_1_409' title='bbox 2269 3431 2500 3494; x_wconf 81' lang='lat' dir='ltr'><strong>Curtius,</strong></span> 
     </span>
     <span class='ocr_line' id='line_1_56' title="bbox 1431 3514 2501 3580; baseline -0.009 -11"><span class='ocrx_word' id='word_1_410' title='bbox 1431 3518 1563 3569; x_wconf 71' lang='lat' dir='ltr'><strong>falsa</strong></span> <span class='ocrx_word' id='word_1_411' title='bbox 1571 3518 1603 3568; x_wconf 84' lang='lat' dir='ltr'><strong>d</strong></span> <span class='ocrx_word' id='word_1_412' title='bbox 1611 3525 1760 3568; x_wconf 83' lang='lat' dir='ltr'><strong>uetus</strong></span> <span class='ocrx_word' id='word_1_413' title='bbox 1771 3514 2352 3580; x_wconf 84' lang='lat' dir='ltr'><strong>opinione,Amazonum</strong></span> <span class='ocrx_word' id='word_1_414' title='bbox 2364 3524 2501 3560; x_wconf 77' lang='lat' dir='ltr'><strong>cam-</strong></span> 
     </span>
    </p>
   </div>
   <div class='ocr_carea' id='block_1_10' title="bbox 1400 3586 2500 3662">
    <p class='ocr_par' dir='ltr' id='par_1_12' title="bbox 1400 3586 2500 3662">
     <span class='ocr_line' id='line_1_57' title="bbox 1400 3586 2500 3662; baseline -0.012 -13"><span class='ocrx_word' id='word_1_415' title='bbox 1400 3632 1403 3638; x_wconf 33' lang='lat'>*</span> <span class='ocrx_word' id='word_1_416' title='bbox 1433 3611 1529 3662; x_wconf 74' lang='lat' dir='ltr'><strong>pos</strong></span> <span class='ocrx_word' id='word_1_417' title='bbox 1553 3595 1840 3661; x_wconf 74' lang='lat' dir='ltr'><strong>Hyrcaniae</strong></span> <span class='ocrx_word' id='word_1_418' title='bbox 1871 3593 2033 3644; x_wconf 72' lang='lat' dir='ltr'><strong>fuisse</strong></span> <span class='ocrx_word' id='word_1_419' title='bbox 2063 3590 2326 3641; x_wconf 74' lang='lat' dir='ltr'><strong>finitimos.</strong></span> <span class='ocrx_word' id='word_1_420' title='bbox 2394 3586 2500 3637; x_wconf 86' lang='lat' dir='ltr'><strong>Sed</strong></span> 
     </span>
    </p>
   </div>
   <div class='ocr_carea' id='block_1_11' title="bbox 1428 3667 2504 4196">
    <p class='ocr_par' dir='ltr' id='par_1_13' title="bbox 1428 3667 2503 4106">
     <span class='ocr_line' id='line_1_58' title="bbox 1432 3667 2502 3734; baseline -0.009 -9"><span class='ocrx_word' id='word_1_421' title='bbox 1432 3673 1623 3725; x_wconf 84' lang='lat' dir='ltr'><strong>Strabo</strong></span> <span class='ocrx_word' id='word_1_422' title='bbox 1642 3688 1672 3724; x_wconf 85' lang='lat' dir='ltr'><strong>a</strong></span> <span class='ocrx_word' id='word_1_423' title='bbox 1689 3670 2079 3722; x_wconf 84' lang='lat' dir='ltr'><strong>Thermodonte</strong></span> <span class='ocrx_word' id='word_1_424' title='bbox 2093 3668 2157 3719; x_wconf 84' lang='lat' dir='ltr'><strong>ad</strong></span> <span class='ocrx_word' id='word_1_425' title='bbox 2171 3674 2354 3734; x_wconf 76' lang='lat' dir='ltr'><strong>portas</strong></span> <span class='ocrx_word' id='word_1_426' title='bbox 2374 3667 2502 3717; x_wconf 71' lang='lat' dir='ltr'><strong>Cas-</strong></span> 
     </span>
     <span class='ocr_line' id='line_1_59' title="bbox 1431 3749 2503 3816; baseline -0.008 -15"><span class='ocrx_word' id='word_1_427' title='bbox 1431 3750 1566 3814; x_wconf 75' lang='lat' dir='ltr'><strong>pias,</strong></span> <span class='ocrx_word' id='word_1_428' title='bbox 1581 3763 1708 3816; x_wconf 77' lang='lat' dir='ltr'><strong>quas</strong></span> <span class='ocrx_word' id='word_1_429' title='bbox 1715 3749 1828 3814; x_wconf 87' lang='lat' dir='ltr'><strong>jam</strong></span> <span class='ocrx_word' id='word_1_430' title='bbox 1843 3754 1953 3797; x_wconf 79' lang='lat' dir='ltr'><strong>tum</strong></span> <span class='ocrx_word' id='word_1_431' title='bbox 1969 3751 2373 3811; x_wconf 72' lang='lat' dir='ltr'><strong>praetergressus</strong></span> <span class='ocrx_word' id='word_1_432' title='bbox 2384 3750 2503 3793; x_wconf 84' lang='lat' dir='ltr'><strong>erat</strong></span> 
     </span>
     <span class='ocr_line' id='line_1_60' title="bbox 1430 3821 2503 3889; baseline -0.007 -12"><span class='ocrx_word' id='word_1_433' title='bbox 1430 3826 1756 3889; x_wconf 78' lang='lat' dir='ltr'><strong>Alexander,</strong></span> <span class='ocrx_word' id='word_1_434' title='bbox 1778 3824 1951 3877; x_wconf 76' lang='lat' dir='ltr'><strong>stadia</strong></span> <span class='ocrx_word' id='word_1_435' title='bbox 1972 3823 2141 3875; x_wconf 80' lang='lat' dir='ltr'><strong>sexies</strong></span> <span class='ocrx_word' id='word_1_436' title='bbox 2162 3821 2306 3872; x_wconf 83' lang='lat' dir='ltr'><strong>mille</strong></span> <span class='ocrx_word' id='word_1_437' title='bbox 2322 3835 2503 3871; x_wconf 77' lang='lat' dir='ltr'><strong>nume-</strong></span> 
     </span>
     <span class='ocr_line' id='line_1_61' title="bbox 1430 3897 2502 3968; baseline -0.006 -16"><span class='ocrx_word' id='word_1_438' title='bbox 1430 3909 1533 3967; x_wconf 83' lang='lat' dir='ltr'><strong>rat,</strong></span> <span class='ocrx_word' id='word_1_439' title='bbox 1558 3917 1672 3968; x_wconf 82' lang='lat' dir='ltr'><strong>quae</strong></span> <span class='ocrx_word' id='word_1_440' title='bbox 1698 3908 1821 3952; x_wconf 83' lang='lat' dir='ltr'><strong>sunt</strong></span> <span class='ocrx_word' id='word_1_441' title='bbox 1844 3915 2087 3965; x_wconf 78' lang='lat' dir='ltr'><strong>passuum</strong></span> <span class='ocrx_word' id='word_1_442' title='bbox 2110 3902 2231 3949; x_wconf 75' lang='lat'><strong>⁷⁶0.</strong></span> <span class='ocrx_word' id='word_1_443' title='bbox 2248 3912 2319 3948; x_wconf 89' lang='lat' dir='ltr'><strong>m.</strong></span> <span class='ocrx_word' id='word_1_444' title='bbox 2366 3897 2502 3947; x_wconf 87' lang='lat' dir='ltr'><strong>Pru-</strong></span> 
     </span>
     <span class='ocr_line' id='line_1_62' title="bbox 1432 3976 2502 4043; baseline -0.004 -15"><span class='ocrx_word' id='word_1_445' title='bbox 1432 3978 1642 4029; x_wconf 88' lang='lat' dir='ltr'><strong>dentior</strong></span> <span class='ocrx_word' id='word_1_446' title='bbox 1661 3979 1695 4030; x_wconf 85' lang='lat' dir='ltr'><strong>J</strong></span> <span class='ocrx_word' id='word_1_447' title='bbox 1702 3977 1902 4029; x_wconf 82' lang='lat' dir='ltr'><strong>ustinus</strong></span> <span class='ocrx_word' id='word_1_448' title='bbox 1933 3978 2021 4043; x_wconf 85' lang='lat' dir='ltr'><strong>qui</strong></span> <span class='ocrx_word' id='word_1_449' title='bbox 2046 3980 2130 4027; x_wconf 82' lang='grc'><strong>25.</strong></span> <span class='ocrx_word' id='word_1_450' title='bbox 2162 3976 2366 4026; x_wconf 86' lang='lat' dir='ltr'><strong>dierum</strong></span> <span class='ocrx_word' id='word_1_451' title='bbox 2399 3976 2502 4025; x_wconf 87' lang='lat' dir='ltr'><strong>iter</strong></span> 
     </span>
     <span class='ocr_line' id='line_1_63' title="bbox 1428 4054 1577 4106; baseline -0.007 0"><span class='ocrx_word' id='word_1_452' title='bbox 1428 4054 1577 4106; x_wconf 85' lang='lat' dir='ltr'><strong>facit.</strong></span> 
     </span>
    </p>

    <p class='ocr_par' dir='ltr' id='par_1_14' title="bbox 1496 4127 2504 4196">
     <span class='ocr_line' id='line_1_64' title="bbox 1496 4127 2504 4196; baseline -0.002 -15"><span class='ocrx_word' id='word_1_453' title='bbox 1496 4139 1520 4165; x_wconf 87' lang='lat'>⁰</span> <span class='ocrx_word' id='word_1_454' title='bbox 1568 4127 1720 4181; x_wconf 89' lang='grc'><strong>000.</strong></span> <span class='ocrx_word' id='word_1_455' title='bbox 1745 4128 2083 4196; x_wconf 69' lang='lat' dir='ltr'><strong>foeminarum]</strong></span> <span class='ocrx_word' id='word_1_456' title='bbox 2131 4129 2504 4194; x_wconf 81' lang='lat' dir='ltr'><strong>Hellenismus,</strong></span> 
     </span>
    </p>
   </div>
   <div class='ocr_carea' id='block_1_12' title="bbox 281 4200 2123 4278">
    <p class='ocr_par' dir='ltr' id='par_1_15' title="bbox 281 4200 2123 4278">
     <span class='ocr_line' id='line_1_65' title="bbox 281 4200 2123 4278; baseline 0.003 -24"><span class='ocrx_word' id='word_1_457' title='bbox 281 4203 349 4254; x_wconf 81' lang='lat' dir='ltr'><strong>ad</strong></span> <span class='ocrx_word' id='word_1_458' title='bbox 374 4202 635 4254; x_wconf 75' lang='lat' dir='ltr'><strong>occasum</strong></span> <span class='ocrx_word' id='word_1_459' title='bbox 665 4200 852 4262; x_wconf 79' lang='lat' dir='ltr'><strong>flexus,</strong></span> <span class='ocrx_word' id='word_1_460' title='bbox 891 4204 1065 4255; x_wconf 90' lang='lat' dir='ltr'><strong>Ponto</strong></span> <span class='ocrx_word' id='word_1_461' title='bbox 1106 4205 1355 4257; x_wconf 79' lang='lat' dir='ltr'><strong>miscetur</strong></span> <span class='ocrx_word' id='word_1_462' title='bbox 1433 4221 1530 4278; x_wconf 84' lang='lat' dir='ltr'><strong>pro</strong></span> <span class='ocrx_word' id='word_1_463' title='bbox 1552 4204 1837 4261; x_wconf 76' lang='lat' dir='ltr'><strong>‘trecentis</strong></span> <span class='ocrx_word' id='word_1_464' title='bbox 1858 4204 2123 4262; x_wconf 62' lang='lat' dir='ltr'><strong>firminis!</strong></span> 
     </span>
    </p>
   </div>
   <div class='ocr_carea' id='block_1_13' title="bbox 281 4279 1352 4348">
    <p class='ocr_par' dir='ltr' id='par_1_16' title="bbox 281 4279 1352 4348">
     <span class='ocr_line' id='line_1_66' title="bbox 281 4279 1352 4348; baseline 0.005 -15"><span class='ocrx_word' id='word_1_465' title='bbox 281 4279 493 4344; x_wconf 77' lang='lat' dir='ltr'><strong>Euxiuo</strong></span> <span class='ocrx_word' id='word_1_466' title='bbox 533 4281 600 4331; x_wconf 89' lang='lat' dir='ltr'><strong>ad</strong></span> <span class='ocrx_word' id='word_1_467' title='bbox 634 4279 817 4334; x_wconf 84' lang='lat' dir='ltr'><strong>urbem</strong></span> <span class='ocrx_word' id='word_1_468' title='bbox 841 4280 941 4334; x_wconf 70' lang='lat' dir='ltr'><strong>sihi</strong></span> <span class='ocrx_word' id='word_1_469' title='bbox 964 4283 1352 4348; x_wconf 78' lang='lat' dir='ltr'><strong>cognominem:</strong></span> 
     </span>
    </p>
   </div>
  </div>
 </body>
</html>
