2978 4933
180 900 196 909 .
266 843 697 909 concludunt.

2336 373 2477 442 351-

266 544 555 617 manant,
579 539 711 603 hoc
743 540 1135 630 angustiusq
1168 538 1340 603 inter
1390 557 1464 603 se
1513 538 1805 621 spatium
1843 542 2035 603 terrae
2074 536 2465 620 relinquunt.

265 643 376 706 15.
418 642 645 707 Vicini
664 651 685 680 ¹
737 642 1029 706 maxime
1076 649 1233 706 sunt
1258 642 1363 706 his
1393 642 1679 725 campie,
1709 660 1881 724 quos
1911 640 2150 705 incolae
2184 646 2203 673 ‘
2226 639 2464 703 Meso-

265 744 635 827 potamiam
655 741 708 779 ’³
739 744 1125 827 appellant3
1170 744 1458 809 mediam
1488 762 1778 827 namque
1809 745 1894 808 ab
1920 751 2216 826 utroque
2247 742 2465 807 latere

788 846 1001 910 Iidem
1054 866 1174 930 per
1227 845 1755 929 Babyloniorum
1812 845 1977 911 fines
2036 847 2104 910 in
2157 844 2464 910 Rubrum

266 946 464 1014 Mare
485 947 504 983 t
556 957 1021 1034 prorumpunt.
1110 949 1216 1013 16.
1258 947 1653 1030 Alexander
1709 948 1964 1033 quartis
2019 948 2310 1020 castris¹¹
2373 947 2465 1017 ad

780 393 929 441 οι..
977 393 1168 442 oxu.
1210 376 1275 441 2.
1350 393 1418 441 Α.
1466 392 1585 440 cn.
1634 392 1706 441 N.
1746 377 1900 442 3:31.

1176 1116 1239 1138 CO

265 1216 426 1274 tium,-
476 1214 589 1266 Col.
609 1214 805 1266 omittit
827 1215 1175 1280 spatiante—15
1213 1218 1449 1271 Florent.
1482 1218 1630 1268 Leid.
1654 1223 1709 1268 et
1736 1220 1887 1283 Voss.
1909 1222 2024 1269 1.2.
2054 1218 2254 1278 Vicina5
2301 1224 2357 1269 et
2391 1219 2468 1269 sic

265 1281 414 1331 Pith.
451 1287 522 1330 et‘
547 1280 739 1340 Fauch.
762 1282 853 1332 sed
878 1284 1235 1347 superscripto
1257 1284 1291 1333 i.
1356 1285 1588 1334 Florent.
1612 1284 1853 1334 maximoe.
1921 1284 2054 1334 Dan.
2090 1286 2244 1334 Voss.
2272 1287 2321 1335 1.
2353 1284 2473 1334 Flo-

267 1352 407 1395 rent.
432 1344 580 1396 Leid.
602 1346 770 1411 Bong.
795 1356 848 1396 et
867 1349 1005 1397 Mer.
1022 1349 1207 1397 suntin
1228 1348 1407 1410 campis
1419 1365 1439 1407 ,·
1491 1350 1607 1397 Pal.
1634 1353 1682 1398 1.
1705 1349 1903 1400 omittit
1924 1350 1999 1398 his
2013 1366 2034 1408 ;
2081 1347 2204 1398 Ald.
2231 1348 2390 1400 Frob.
2414 1355 2470 1399 et

269 1411 385 1461 Col.
416 1410 666 1461 omittunt
701 1412 895 1474 campis.
962 1413 1069 1462 Pro
1105 1415 1347 1477 appellant
1388 1413 1511 1463 Ald.
1543 1415 1666 1462 Bas.
1700 1414 1854 1464 Frob.
1887 1415 2027 1464 Mer.
2060 1422 2116 1463 et
2151 1415 2263 1464 Col.
2285 1419 2475 1466 vacant«

269 1476 414 1525 Dan.
440 1483 496 1525 et
518 1475 637 1525 Ald.
662 1491 763 1526 uno
794 1477 1081 1528 vocabulo:
1136 1479 1556 1542 mediamnamque,
1589 1486 1645 1528 et
1683 1479 1734 1528 in
1771 1493 1937 1542 marg.
1972 1481 2115 1528 Dan.
2153 1480 2280 1529 medi
2309 1494 2469 1529 amna.

268 1542 502 1590 Florent.
526 1541 673 1591 Leid.
698 1542 846 1591 Voss·
866 1546 912 1594 1.
945 1543 1112 1607 Bong.
1136 1552 1191 1594 et
1215 1543 1381 1608 Lugd.
1406 1546 1553 1593 latere
1574 1546 1767 1594 cludunt
1782 1561 1802 1604 ,·
1858 1544 2009 1596 Voss·
2030 1548 2080 1593 2.
2110 1546 2258 1593 latere
2288 1546 2469 1593 conclu·

267 1606 347 1655 aie
358 1621 380 1664 ,-
417 1606 588 1656 Amat.
608 1608 643 1657 l.
666 1608 908 1657 claudunt.
979 1609 1214 1659 Florent.
1240 1609 1389 1659 Leid.
1413 1609 1565 1658 Voss.
1585 1614 1632 1659 1.
1653 1613 1705 1660 2.
1729 1617 1785 1660 et
1809 1609 1931 1659 edd.
1955 1610 2191 1675 quaedam
2215 1616 2344 1659 vett.
2370 1610 2476 1658 Ea-

266 1674 379 1720 dem
390 1685 495 1735 per,
513 1673 597 1735 ὅτ.
664 1672 895 1730 Florent.
922 1673 1069 1725 Leid.
1094 1683 1144 1723 et
1171 1676 1324 1724 Voss·
1358 1680 1406 1724 1.
1438 1676 1716 1739 inrumpunt
1731 1690 1751 1733 ,·
1806 1676 1974 1736 Bong.
1995 1676 2306 1737 irrumpunt3
2353 1673 2469 1723 Pal.

270 1742 316 1786 1.
337 1741 802 1802 perminimum—16
832 1740 984 1789 Voss.
1008 1744 1057 1790 2.
1084 1747 1138 1790 et
1160 1739 1354 1791 Fauch.
1375 1741 1437 1791 ad
1460 1741 1730 1799 Mennum5
1777 1738 1898 1792 Ald.
1921 1739 2094 1791 Colin.
2118 1738 2322 1805 Gryph.
2346 1739 2473 1789 Bas.

1264 1888 1479 1941 NOTA-3

335 2002 362 2035 ¹¹
397 1993 507 2043 Hac
538 1994 816 2059 angustius]
849 1997 969 2047 Non
1009 1998 1111 2050 hoc
1149 2012 1333 2063 usque-

267 2085 708 2138 quaqueverum3
744 2086 862 2122 nam
882 2088 912 2122 a
931 2073 1222 2139 Thapsaeo,
1247 2074 1332 2128 ubi

267 2146 594 2210 Euphratem
649 2147 858 2211 trajecit
904 2148 1225 2214 Alexander,
1270 2152 1333 2200 ad

265 2232 391 2274 eum
417 2224 608 2273 ‘locum
657 2224 746 2275 ubi
791 2225 988 2289 Tigrim
1035 2229 1337 2290 transmisit,

266 2310 420 2351 recto
462 2302 650 2351 itinere
695 2303 1016 2354 tantumdem
1073 2306 1332 2356 intervalli

266 2378 424 2442 ponit
461 2377 670 2439 Strabo,
703 2385 951 2445 quantum
974 2381 1169 2432 habent
1191 2383 1333 2434 circa

265 2454 556 2518 Niphatem
580 2452 835 2519 Armeniae
856 2463 1106 2512 ‚montem-

335 2539 358 2565 ¹
396 2529 582 2596 Vicini]
614 2531 804 2591 Sensus
830 2541 938 2582 est:
968 2534 1235 2600 Nusquam
1261 2535 1333 2585 vi·
1368 2524 1377 2532 ’

268 2610 497 2660 ciniores
520 2624 633 2661 esse
653 2610 790 2661 inter
813 2624 869 2659 se
903 2611 1100 2674 Tigrim
1141 2620 1196 2666 et
1230 2614 1336 2662 En·

265 2688 533 2754 phratem,
572 2702 728 2753 quam
768 2687 856 2738 ubi
899 2689 1336 2753 Mesopotamiam

264 2765 550 2829 attingunt.
616 2765 754 2815 Nam
791 2766 867 2815 hia
899 2767 1077 2830 campis
1107 2775 1258 2820 sexto
1282 2769 1335 2818 in

267 2855 398 2891 casu
413 2847 511 2893 est.
543 2841 737 2892 Verum
757 2857 925 2908 neque
945 2843 995 2892 id
1012 2843 1076 2893 de
1095 2851 1206 2894 tota
1224 2847 1336 2895 Me-

268 2918 566 2982 sopotamia
582 2917 973 2983 intelligendum
998 2927 1096 2972 est.
1144 2921 1334 2972 Quam-

269 2994 352 3044 vis
392 2995 531 3045 enim
574 2995 629 3044 in
665 3003 905 3046 extrema
938 2997 1050 3062 ejus
1075 3006 1224 3061 parte
1246 2999 1336 3047 de-

270 3087 415 3122 mum
456 3071 680 3134 co'e'ant3
715 3080 771 3124 at
806 3074 947 3124 circa
984 3075 1234 3140 reliquam
1260 3076 1337 3126 ita

271 3149 471 3200 distant
503 3148 570 3198 ab
604 3150 846 3214 invicem,
881 3166 1135 3217 nusquam
1159 3160 1217 3204 ut
1240 3155 1336 3204 mi-

269 3240 367 3275 nus
392 3225 552 3275 vicini
583 3225 705 3276 sint.
1236 3279 1239 3283 .

335 3311 357 3335 ⁸
392 3304 805 3369 Mesopotamiam]
837 3304 886 3354 A
919 3302 1064 3366 μέσος
1096 3313 1153 3358 et
1188 3325 1336 3361 ποτα·

270 3380 363 3442 μδς
384 3381 529 3431 dicta
551 3387 652 3444 est,
685 3381 823 3448 qnod
865 3383 1003 3432 inter
1028 3382 1156 3431 duos
1178 3400 1339 3434 amnes

270 3458 430 3507 media
447 3457 539 3520 sit3
564 3458 759 3520 Tigrim
784 3459 849 3508 ab
874 3460 1028 3522 Ortu,
1047 3460 1111 3510 ab
1132 3461 1337 3511 Occasu

272 3547 336 3584 et
352 3534 581 3585 Meridie
604 3536 958 3598 Euphratem:
995 3537 1063 3586 Se
1073 3539 1339 3600 ptemtrio·

272 3628 395 3668 nem
414 3626 593 3662 versus
615 3610 682 3661 ab
702 3611 952 3662 Armenia
971 3613 1223 3664 dividitur
1246 3617 1340 3666 Ni·

274 3692 458 3753 pirate,
474 3688 561 3753 qui
574 3689 726 3738 Tauri
748 3690 938 3740 montis
956 3705 1075 3754 pars
1094 3702 1192 3742 est.
1225 3694 1340 3742 Me·

274 3766 616 3831 sopotamiam
637 3767 795 3816 Turci
817 3768 1037 3818 Diarbek
1074 3777 1340 3820 vocarunt.

341 3845 358 3875 ῑ
381 3843 445 3895 In
467 3843 686 3894 Rubrum
704 3844 868 3907 Mare]
894 3843 958 3893 In
983 3845 1252 3897 Persicum
1275 3846 1341 3895 si·

272 3935 421 3982 num,
455 3935 605 3986 quem
646 3921 843 3986 antiqui
884 3922 1109 3971 Rubrum
1138 3937 1342 3986 quoque

274 3997 696 4065 appellaverunt,
736 4003 795 4047 ut
834 3997 1061 4048 dicemus
1101 3999 1191 4047 lib.
1217 4013 1342 4050 vm.

274 4088 395 4137 cap.
417 4076 470 4123 9.
536 4073 782 4123 Ceterum
803 4073 868 4121 de
886 4074 1152 4137 utriusque
1176 4072 1341 4124 flumi-

274 4151 359 4205 nis
401 4148 547 4199 ostiis
580 4150 713 4199 mira
736 4149 1052 4211 scriptorum
1076 4149 1341 4215 dissensio,

276 4229 367 4283 vix
400 4233 464 4293 „ut
496 4226 625 4280 duos
648 4227 875 4290 reperias
900 4226 987 4290 qui
1010 4227 1217 4278 diversa
1239 4243 1342 4279 non

275 4305 603 4370 scripserint.
654 4306 781 4357 Sunt
803 4304 889 4370 qui
914 4295 1231 4372 Euphratem
1252 4321 1341 4357 ne-

1414 2003 1541 2061 gent
1562 2011 1776 2062 usquam
1798 1996 2073 2048 manifesto
2089 1994 2233 2047 exitu
2254 1995 2308 2046 in
2331 2008 2483 2052 marea

1415 2072 1649 2137 effluere,
1683 2074 1774 2123 sed
1817 2090 1911 2141 per
1947 2073 2201 2138 palustria
2238 2073 2352 2123 loca
2389 2085 2477 2140 90-

1415 2152 1560 2201 culto
1602 2160 1776 2200 meatu
1819 2151 1912 2199 sub
1959 2158 2152 2200 terram
2194 2148 2334 2198 labi:
2384 2147 2476 2197 alii

1415 2228 1549 2278 ostia
1593 2227 1850 2289 tribuunt,
1889 2226 2072 2293 quibus
2115 2227 2167 2275 in
2205 2224 2489 2274 Persicum?

1416 2306 1580 2354 sinum
1601 2311 1774 2367 exeat,
1809 2318 1976 2370 eaque
1994 2320 2023 2353 a
2040 2304 2209 2367 Tigris
2233 2303 2376 2352 ostiis
2399 2302 2478 2351 di-

1412 2393 1561 2432 versa
1577 2398 1595 2433 t
1630 2382 1714 2432 alii
1739 2383 1887 2446 Tigri
1907 2383 2113 2432 mistum
2139 2376 2276 2430 infra
2301 2379 2476 2444 Baby-

1414 2464 1582 2514 lonem
1608 2478 1723 2513 cum
1743 2477 1805 2512 eo
1829 2463 2042 2513 inmare
2061 2459 2183 2512 ferri
2206 2477 2220 2511 ε
2245 2458 2479 2510 nonnulli

1414 2540 1605 2590 iterum
1627 2539 1689 2589 ab
1713 2554 1775 2588 eo
1795 2540 2015 2588 divisum
2039 2553 2131 2602 per
2147 2537 2286 2586 aliud
2311 2551 2368 2585 os
2386 2551 2478 2585 ex-

1416 2617 1510 2666 ire.
1577 2615 1836 2666 Nimirum
1859 2617 1940 2666 liic
1963 2614 2163 2676 fluvius,
2188 2613 2278 2662 ubi
2301 2612 2476 2678 Baby-

1414 2693 1603 2741 loniam
1642 2692 1841 2757 attigit,
1872 2688 2383 2754 variis-temporibus
2421 2689 2479 2738 in

1418 2769 1560 2818 varia
1583 2768 1862 2818 distractus
1882 2775 1966 2817 est
1980 2766 2173 2828 incilia,
2193 2765 2381 2829 partim
2402 2765 2485 2812 via

1417 2846 1591 2895 tandae
1615 2845 1866 2896 eluvionis
1901 2837 2076 2900 causa,
2112 2843 2303 2908 partim
2340 2842 2476 2902 agris

1416 2923 1707 2986 irrigandis.
1771 2921 1972 2977 Horum
1997 2934 2118 2984 uno,
2153 2918 2288 2984 quod
2319 2919 2335 2947 ‘
2359 2918 2481 2967 Pal·

1417 2999 1678 3062 lacopam’
1705 3004 1912 3061 vocant,
1932 2997 1996 3047 ab
2018 2993 2279 3045 Arabibus
2297 2993 2479 3044 Sceni-

1420 3076 1488 3125 tis
1511 3075 1775 3126 derivatus
1806 3074 2021 3138 paludes
2043 3071 2347 3124 chaldaicas
2369 3069 2479 3120 effi·

1419 3152 1529 3214 cit3
1562 3151 1718 3210 unde,
1753 3150 1901 3200 initio
1939 3150 2141 3209 saltem,
2178 3153 2392 3210 apertos
2426 3146 2481 3194 iu

1417 3244 1560 3278 mare
1595 3229 1766 3279 exitus
1803 3242 1903 3276 non
1941 3226 2148 3276 habuit:
2184 3223 2305 3281 alio,
2340 3223 2480 3288 quod

1417 3306 1727 3370 Babyloniis
1753 3304 2088 3357 Naarmalcha,
2111 3303 2207 3351 hoc
2233 3307 2332 3361 est,
2365 3300 2380 3328 ‘
2399 3314 2481 3348 re-

1420 3381 1562 3446 gium
1585 3379 1803 3433 flumen’
1834 3380 2046 3441 dicitur,
2084 3377 2283 3442 Tigrim
2319 3376 2482 3427 intrat

1420 3461 1485 3511 ad
1510 3459 1797 3525 Apameam
1820 3457 1954 3508 infra
1987 3457 2307 3520 Babylonem
2328 3472 2343 3503 ε
2381 3454 2482 3503 alio

1418 3539 1592 3604 aliquo
1617 3538 1670 3587 iu
1693 3549 1837 3586 mare
1859 3534 2120 3599 pervenit.
2176 3532 2337 3582 Certe
2360 3546 2480 3594 pro·

1422 3615 1591 3677 prium
1626 3614 1848 3679 aliquem
1883 3611 2081 3662 exitum
2114 3609 2169 3661 in
2210 3621 2353 3657 mare
2393 3607 2487 3654 ha··

1420 3691 1596 3741 buisse
1624 3689 1910 3740 Alexandri
1951 3697 2204 3752 tempore,
2240 3683 2482 3733 dubitare

1420 3783 1524 3818 non
1563 3767 1690 3817 sinit
1724 3766 1994 3816 Nearchus
2030 3763 2166 3831 apud
2201 3759 2483 3811 Arrianum

1422 3845 1515 3896 lib.
1535 3858 1636 3895 vu·
1657 3856 1809 3908 quem
1832 3850 1891 3893 tu
1914 3842 2145 3896 consule.
2174 3846 2231 3889 et
2251 3837 2379 3887 alios
2400 3850 2493 3886 su·

1423 3937 1522 3986 pra
1554 3919 1808 3971 laudatoS.
1876 3919 1960 3968 De
1975 3918 2144 3982 Tigris
2164 3915 2299 3966 ostio
2324 3914 2487 3978 pluri-

1425 3999 1523 4048 bus
1553 3996 1690 4047 iufra
1712 3996 1902 4046 dicturi
1925 4009 2116 4056 snmus,
2139 4008 2254 4045 cum
2277 3992 2346 4041 de
2379 3990 2483 4040 Pa·

1423 4075 1588 4139 sitigri
1611 4089 1782 4124 sermo
1804 4074 1906 4123 erit
1924 4087 2040 4138 cap.
2058 4077 2107 4124 8.

1489 4161 1514 4187 ¹¹
1552 4151 1763 4215 Castris]
1814 4149 1953 4200 Vide
1992 4149 2082 4199 lib.
2121 4162 2209 4199 ιιι.
2245 4162 2361 4210 cap.
2402 4151 2482 4196 16.

1424 4228 1652 4292 Mennin]
1686 4229 1889 4291 Legunt
1912 4224 2001 4276 alii
2027 4225 2304 4286 Mamurium,
2327 4221 2483 4284 idque

1423 4306 1659 4359 nonnulli
1701 4296 1911 4369 factum
1940 4307 2131 4367 putant
2172 4314 2238 4351 ex
2272 4298 2486 4357 Memno-
