2978 4933
143 2275 162 2294 ⁸
243 2313 248 2316 ,
288 2279 486 2363 ipsos
509 2279 595 2345 ad
615 2300 764 2346 eum
796 2282 1111 2347 mandata
1140 2283 1454 2367 perferre.

745 429 750 434 .
839 389 957 438 οι..
1005 387 1193 438 cxli.
1235 371 1298 437 3.
1375 388 1446 437 Α.
1493 388 1613 436 cn.
1658 388 1733 436 N·
1775 371 1925 439 329.
2355 375 2487 443 559

292 531 496 596 animi
555 530 863 596 consulta
887 530 1271 616 pensando,
1322 537 1597 597 noctem
1638 531 1884 616 vigiliis
1924 533 2249 614 extraxit,
2293 555 2484 621 soepe

273 633 578 716 pellibus
606 634 1018 719 tabernaculi
1048 633 1383 712 allevatis,
1415 640 1491 699 ut
1512 636 1927 720 conspiceret
1953 638 2246 703 hostium
2262 638 2488 721 ignee,

293 756 333 800 e
392 737 635 819 quibus
675 735 1088 821 conjectare.
1109 744 1407 820 poterat,
1439 746 1718 821 quanta
1761 740 2098 807 hominum
2138 740 2489 807 multitudo

291 845 528 904 esset..
570 839 639 905 3.
682 840 993 923 Jamque·
1021 842 1145 906 lux
1193 843 1589 926 apparebat,
1639 844 2167 910 cum'thoracem
2209 844 2487 910 indutus

292 941 711 1024 procedit-ad
737 943 1018 1022 milites,
1047 937 1192 1008 tum
1234 944 1520 1029 primum
1550 952 1720 1029 >post
1759 948 2001 1013 vulnus
2039 947 2344 1032 proxime
2375 951 2487 1012 ac-

288 1049 579 1128 ceptum.
617 1077 620 1080 >
664 1049 730 1113 4.
774 1046 997 1112 Tanta
1025 1053 1166 1113 erat
1203 1049 1391 1133 apud
1433 1070 1554 1115 eos
1581 1052 1924 1117 veneratio
1949 1053 2150 1135 regiS,
2181 1061 2257 1116 ut
2283 1050 2488 1118 facile

286 1147 589 1231 periculi,
619 1149 800 1233 quod
833 1149 1213 1229 horrebant,
1262 1152 1728 1234 cogitationem
1775 1155 2138 1237 praesentia
2181 1153 2326 1238 ejus
2366 1174 2487 1219 ex-

291 1256 566 1317 cuteret.
619 1255 718 1317 ’5.
767 1252 945 1317 Laeti
972 1273 1151 1336 ergo,
1179 1261 1249 1318 et
1269 1256 1689 1320 manantibus
1712 1275 1852 1340 pree
1876 1255 2118 1340 gaudio
2148 1245 2488 1342 lacrymis,

289 1354 724 1421 ‘consalutant
772 1375 947 1437 eum,
993 1363 1096 1435 et,
1134 1356 1319 1441 quod
1372 1364 1525 1421 ante
1577 1365 2070 1437 recusaverant,
2105 1359 2350 1424 bellum
2394 1360 2490 1424 fe·-

289 1463 486 1522 roces
522 1457 924 1543 deposcunt.
987 1458 1057 1523 6.
1099 1458 1249 1546 Ille,
1282 1462 1391 1524 ‘se
1432 1458 1694 1524 ratibus
1723 1461 2012 1544 equitem
2060 1462 2491 1545 phalangem·-

293 1567 430 1643 que
459 1567 1054 1646 transportaturum
1086 1560 1282 1640 esse,'
1309 1563 1737 1645 'pronuntiat3
1785 1568 1805 1599 ‘
1830 1578 2028 1648 super
2052 1570 2237 1644 utres
2256 1563 2274 1590 ’
2293 1564 2492 1648 jubet

293 1666 496 1727 ‘nare
547 1663 775 1729 'levius
827 1662 1165 1729 armatos.’
1249 1664 1316 1730 7.
1369 1663 1592 1729 ¹Plura
1628 1685 1755 1730 nec
1802 1666 1940 1730 dici
1989 1686 2097 1730 res
2142 1666 2490 1733 desidera-

291 1764 433 1846 vit3
494 1785 617 1831 nec
669 1786 788 1834 rex
846 1767 1070 1831 dicere
1135 1786 1253 1851 per
1318 1766 1768 1832 valetudinem
1828 1769 2068 1852 potuit.
2172 1765 2493 1834 Ceterum

290 1872 483 1932 tanta
542 1868 887 1935 alacritate
951 1870 1235 1934 militum
1290 1877 1471 1935 rates
1524 1869 1786 1954 junctae
1855 1877 2027 1949 sunt,
2087 1879 2162 1937 ut
2234 1872 2308 1935 in
2376 1872 2494 1938 tri-

293 1969 504 2052 duum
550 1970 636 2036 ad
669 1988 817 2039 ΧΠ.
849 1972 1064 2039 millia
1108 1973 1362 2039 effectae
1410 1973 1562 2039 sint.
1648 1973 1714 2039 8.
1761 1973 2053 2058 Jamque
2104 1973 2194 2039 ad
2235 1981 2493 2040 transe-

289 2073 541 2139 undum
571 2077 1257 2159 omnia-aptaverant3
1304 2095 1455 2141 cum
1482 2076 1684 2161 legati
1708 2076 2099 2161 Scytharum
2131 2093 2273 2141 xx.
2302 2096 2493 2141 more

290 2176 509 2259 gentis
539 2196 661 2260 per
692 2184 916 2245 castra
936 2179 1133 2262 equis
1160 2178 1364 2257 vecti,
1395 2179 1726 2250 ‘nuntiari
1750 2180 1769 2208 ’
1801 2178 2042 2263 jubent
2084 2184 2104 2214 ‘
2126 2179 2287 2262 regi,
2319 2180 2495 2245 velle

1457 2279 1475 2306 '
1551 2281 1616 2347 9.
1659 2280 1967 2347 Admissi
1997 2282 2068 2346 in
2101 2284 2496 2348 tabernacu-

289 2384 429 2449 lum
450 2384 767 2469 jussique
817 2387 838 2419 ‘
862 2383 1214 2469 considere
1235 2385 1253 2412 '
1294 2386 1366 2451 in
1397 2385 1593 2451 vultu
1615 2386 1789 2470 regis
1815 2379 2188 2451 defixerant
2218 2384 2495 2463 oculos3

294 2487 523 2566 credo,
584 2488 743 2571 quia
798 2489 1248 2571 magnitudine
1308 2491 1613 2574 corporis
1657 2489 1950 2554 animum
2002 2484 2495 2554 aestimantibus

288 2589 600 2656 modicus
621 2590 891 2656 habitus
916 2590 1445 2677 haudquaquam
1471 2599 1501 2627 ⁸
1542 2591 1744 2657 famae
1774 2612 1897 2676 par
1925 2591 2298 2656 videbatur.
2386 2591 2495 2656 10.

1198 2743 1564 2773 owmno

292 2823 413 2874 Pal.
438 2826 486 2872 1.
515 2822 711 2888 pellibus
729 2823 1144 2873 tabernaculorum.
1199 2822 1344 2874 Pith.
1376 2829 1432 2873 ut
1450 2822 1884 2887 conspicerent.—8
1919 2824 2150 2875 Floreat.
2172 2822 2318 2874 Leid.
2342 2823 2498 2875 νοω.

294 2893 345 2939 1.
380 2889 553 2952 B'oug.
574 2886 720 2938 Mod.
742 2896 797 2938 et
820 2889 993 2952 vulgg.
1017 2895 1139 2938 ante
1174 2888 1401 2939 Freinsh.
1423 2890 1511 2941 lux
1530 2891 1774 2952 appetebat
1788 2906 1823 2948 ,·.
1842 2891 1990 2938 Voss.
2013 2895 2062 2940 2.
2090 2889 2205 2938 Pal.
2230 2893 2275 2938 l.
2306 2888 2498 2938 Venet-

291 2954 490 3004 Verou.
514 2954 634 3004 Vet.
658 2967 737 3002 an·
764 2956 910 3004 1474.
967 2952 1091 3003 Ald.
1114 2953 1282 3002 Coiin.
1304 2953 1509 3018 Gryph.
1534 2955 1687 3004 Frob.
1730 2956 1863 3003 Mer.
1897 2955 2020 3005 Bas.
2054 2961 2110 3003 et
2144 2954 2259 3004 Col.
2295 2954 2382 3002 lux
2414 2960 2497 3017 ap-

287 3017 606 3082 parebat.—4
639 3019 789 3069 Voss.
812 3023 861 3067 2.
895 3033 1030 3082 quem
1051 3018 1320 3068 horrebant.
1388 3020 1709 3069 Membranae
1732 3019 1929 3068 Medii:
1961 3019 2217 3085 prasentia
2238 3019 2338 3082 ejus
2357 3018 2498 3071 excuss

294 3088 563 3135 τεῖναι-5
599 3084 833 3133 Florent.
866 3083 1013 3134 Leid.
1053 3084 1203 3132 Voss.
1242 3087 1288 3133 1.
1326 3087 1375 3132 2.
1415 3091 1471 3132 et
1508 3085 1677 3148 Bong.
1715 3086 1963 3135 omittunt
1999 3099 2100 3148 proe
2144 3092 2267 3134 ante
2305 3085 2500 3144 gaudio.

293 3149 455 3200 Voss.
476 3152 527 3200 2.
560 3150 823 3198 consultant
854 3162 956 3196 eum
966 3164 986 3207 ;
1013 3147 1155 3197 Pith.
1184 3150 1473 3198 consalutent
1507 3164 1630 3201 eum.
1695 3150 1830 3198 Dan.
1862 3155 2224 3200 recaueaverant
2246 3149 2500 3199 bellum.—

221 3224 230 3227 “
293 3217 329 3263 6
365 3214 486 3264 Ald.
508 3214 751 3277 equitum5
784 3214 933 3262 Voss.
954 3218 1003 3262 2.
1035 3213 1260 3277 equidem,
1313 3214 1468 3263 Vasa.
1498 3218 1544 3262 l.
1567 3219 1616 3263 2.
1636 3215 1978 3278 falangenque.
2039 3215 2180 3264 Mod.
2199 3218 2499 3276 transporta·

293 3284 456 3328 turam
476 3283 688 3330 essa—⁷
722 3277 876 3327 Voss.
898 3282 948 3329 2.
980 3277 1078 3327 dici
1099 3277 1407 3340 desideravit,
1430 3283 1478 3327 et
1500 3293 1606 3335 rex,
1638 3280 1828 3328 omisso
1851 3294 1943 3330 res.
2016 3278 2134 3327 Pal.
2169 3282 2217 3327 1.
2257 3282 2388 3327 rates
2422 3278 2501 3329 in-

295 3342 451 3393 mtae
491 3349 639 3401 eunt3
673 3341 1099 3406 Heinsius'conj.
1130 3347 1285 3397 crates
1302 3343 1351 3403 j.
1386 3347 1519 3391 sunt.
1583 3343 1600 3371 ‘
1624 3343 1781 3393 Forte
1819 3357 1916 3406 pro
1950 3348 2078 3392 rates
2107 3343 2380 3405 legendnm
2416 3347 2499 3392 est

295 3414 450 3471 utres,
465 3423 581 3472 quae
600 3408 785 3469 junctae
801 3413 932 3467 sunt,
952 3408 1003 3457 h.
1020 3421 1068 3457 e.
1088 3414 1317 3457 consutae
1340 3413 1396 3456 et
1411 3408 1710 3456 stramentis
1732 3411 1982 3470 repletae:
2019 3414 2076 3457 ut
2101 3406 2269 3456 intelli
2309 3405 2498 3455 endum

301 3474 391 3529 sit,
413 3481 551 3523 rates
576 3472 684 3522 sive
707 3486 865 3523 naves
890 3472 1136 3536 quasdam
1159 3470 1326 3521 factas
1352 3471 1560 3536 quidem
1584 3485 1716 3534 esse,
1751 3472 1850 3537 (cf.
1874 3486 1992 3535 cap.
2015 3475 2063 3521 9.
2104 3471 2271 3536 princ.
2341 3471 2501 3534 pluri·

299 3538 412 3588 mos
435 3545 611 3588 autem
635 3537 850 3588 militum
875 3536 1075 3588 utribus
1095 3537 1360 3600 impositos
1380 3542 1753 3587 transnatasse.
1819 3537 1934 3588 Nec
1956 3537 2081 3587 satis
2106 3536 2227 3586 mihi
2253 3535 2508 3601 probatur

296 3607 353 3652 in
376 3603 588 3664 triduum
612 3618 708 3667 pro
742 3605 757 3632 ⁸
785 3617 879 3666 per
914 3601 1072 3653 tridui
1111 3599 1399 3665 spatium.'’
1430 3600 1725 3653 Schmieder.
1790 3603 1943 3652 Voss.
1966 3606 2011 3651 1.
2042 3604 2109 3651 ad
2129 3603 2188 3651 X
2189 3602 2264 3651 11.
2287 3601 2500 3666 effectoe;

299 3668 420 3720 Pal.
444 3672 489 3718 1.
522 3671 585 3718 ad
605 3668 846 3717 duodecim
869 3667 1171 3732 effecta—8
1207 3667 1433 3716 Floreat.
1456 3674 1514 3716 et
1534 3667 1682 3717 Voss.
1703 3671 1748 3716 1.
1780 3683 1810 3715 a
1833 3670 2179 3718 transeundum.
2249 3666 2499 3717 Heinsius

300 3734 659 3798 conjectabat,
689 3738 867 3797 proeter
900 3737 1056 3782 caetra
1087 3732 1219 3796 equis
1252 3731 1397 3782 vecti.
1464 3732 1618 3780 Vo'ss.
1651 3735 1704 3782 2.
1737 3733 1964 3781 nunciare
1989 3732 2159 3793 jubent
2193 3747 2237 3783 r.
2271 3747 2318 3782 υ.
2344 3746 2502 3781 eos.—

300 3803 334 3848 9
368 3800 515 3849 Voss.
541 3803 592 3849 1.
623 3798 871 3849 Armini.
938 3797 1053 3847 Pal.
1089 3801 1137 3846 1.
1170 3797 1389 3861 jussique
1420 3798 1650 3847 desidere.
1716 3797 1833 3846 Pal.
1859 3803 1907 3847 1.
1931 3798 1982 3846 in
2004 3798 2199 3847 vultum.
2266 3797 2500 3847 Floreat.

301 3864 451 3915 Leid.
474 3866 623 3914 Voss.
647 3867 695 3914 1.
720 3864 855 3913 Mer.
882 3869 937 3912 et
960 3863 1127 3925 Bong.
1163 3863 1302 3911 credo
1332 3861 1456 3924 quie,
1480 3868 1537 3911 et
1566 3863 1617 3911 iu
1640 3862 1737 3910 hoc
1776 3875 2032 3925 suprascr.
2056 3864 2158 3912 litt.
2180 3863 2348 3926 qumi,-
2381 3862 2501 3912 Ald.

300 3932 442 3980 credo
462 3930 609 3994 queis.
677 3928 908 3978 Florent.
930 3927 1078 3977 Leid.
1103 3926 1222 3976 ΑΜ.
1247 3927 1413 3976 Colin.
1433 3927 1634 3991 Gryph.
1657 3927 1794 3977 Mer.
1817 3929 1937 3976 Bas.
1961 3927 2072 3978 Coi.
2095 3935 2150 3977 et
2174 3927 2330 3978 Frob.
2351 3928 2502 3977 modi-

300 4009 384 4044 cue
419 3995 604 4045 animus
638 3995 998 4058 haudquaquam
1010 4009 1034 4053 ,·
1065 3994 1224 4049 Voss.
1242 3996 1287 4041 1.
1320 3991 1528 4041 modicus
1557 3992 1744 4042 animus
1779 3993 1905 4042 haud
1936 4007 2215 4057 quamquam
2224 4010 2244 4053 ;
2278 3993 2426 4044 Voss.
2449 3997 2500 4043 2.

1294 4099 1510 4181 No'rAE

338 4224 631 4274 “Modicus
649 4224 838 4274 habitus
852 4223 1208 4287 haudquaquam
1230 4221 1359 4287 [ani·
1440 4221 1493 4271 ni
1535 4220 1705 4286 fallor,
1747 4222 1977 4288 conjecit
2015 4220 2394 4272 Freinshemius
2435 4234 2502 4270 ex

302 4299 389 4365 mi,
415 4299 574 4365 quam]
624 4298 711 4351 Ita
748 4300 1119 4352 restituendum
1146 4298 1362 4364 optime,
1441 4297 1705 4347 veteribus
1727 4297 1893 4364 libris,
1912 4298 2001 4352 ubi
2022 4299 2230 4348 modim
2245 4295 2401 4361 annis,
2420 4296 2502 4346 vei
