2978 4933
929 1007 1359 1096 QUINTI
1483 1005 1912 1084 CURTII

472 1297 1109 1393 SYNOPSIS
1213 1297 2368 1394 CHRONOLOGICA.

324 1855 622 1940 Quotam
645 1864 882 1919 Julianus
901 1877 1066 1915 annus
1091 1866 1219 1915 totis
1245 1879 1336 1915 sex
1360 1865 1622 1916 mensibus
1639 1866 2002 1931 olympiacum
2021 1866 2305 1930 antecedit,
2321 1865 2522 1918 idcirco

323 1962 486 2000 annos
508 1955 632 1999 aute
655 1947 920 1998 Christum
949 1952 1006 1996 et
1037 1946 1102 1997 ab
1130 1947 1276 1997 Urbe
1299 1946 1516 1997 condita
1537 1947 1864 1997 distinximus
1885 1947 1951 1997 ab
1974 1948 2118 1999 annis
2135 1948 2522 2014 olympiadum,

325 2031 502 2096 quoad
519 2029 697 2090 licuit3
730 2035 791 2078 ut
811 2026 1017 2077 facilius
1038 2035 1317 2092 appareret
1338 2027 1461 2093 quid
1487 2028 1679 2092 cuique
1714 2028 2062 2092 responderit.
2125 2028 2413 2082 Alexandri
2434 2044 2524 2079 au-

323 2120 430 2163 tem
462 2112 608 2175 vite,
639 2110 808 2175 regni,
844 2114 899 2159 et
938 2109 1145 2174 imperii
1171 2107 1392 2159 Asiatici
1428 2123 1590 2158 annos
1626 2124 1744 2159 cnm
1785 2109 2110 2174 Olympiacis
2134 2100 2518 2176 conjunximus3

325 2195 463 2260 quod
488 2206 592 2243 non
631 2193 812 2256 procul
842 2194 965 2242 anni
1007 2189 1304 2254 Olympiaci
1327 2189 1544 2240 exordio
1583 2188 1811 2253 vivendi,
1843 2191 2098 2256 regnandi
2141 2207 2201 2243 ac
2234 2190 2526 2255 imperandi

324 2274 532 2325 initium
556 2272 762 2323 fecerit.
809 2270 1147 2323 Alexandriae
1170 2269 1432 2321 conditum
1454 2284 1591 2320 anno
1610 2270 1682 2320 U.
1707 2270 1769 2320 C.
1791 2274 1910 2322 428.
1934 2272 2263 2323 attribuimus
2287 2272 2525 2323 Curtium

328 2355 530 2406 secuti:
569 2354 803 2419 quamvis
839 2353 906 2403 ad
939 2352 1321 2418 precedentem
1363 2351 1537 2416 potius
1579 2350 1847 2417 pertinere
1885 2352 1938 2403 in
1976 2354 2131 2407 Notis
2167 2353 2526 2406 observaveri-

329 2451 460 2488 mus.
1112 2455 1116 2459 ⁴

1053 2569 1349 2635 LIBER
1392 2568 1793 2635 PRIMUS.

329 2686 394 2737 A.
415 2691 478 2741 C.
543 2690 613 2741 U.
638 2690 700 2739 C.
2214 2686 2300 2737 Ol.
2367 2685 2521 2739 Alex.

361 2775 476 2822 356.
577 2774 692 2821 398.
824 2770 1126 2821 Inounssus
1158 2768 1224 2819 ad
1268 2769 1561 2819 Historiam
1598 2767 1884 2819 Alexandri
1911 2768 2128 2833 Magnae
2195 2781 2309 2818 cvr.
2358 2764 2523 2819 AEtat.

749 2853 863 2916 ejus
887 2851 1157 2917 prosapia:
1193 2852 1363 2902 omnia
1384 2866 1500 2916 quae
1538 2858 1709 2903 ortum
1743 2856 2141 2916 praecesserunt,
2412 2853 2459 2899 1.

754 2942 845 2984 ant
879 2935 1128 2984 comitata
1160 2941 1296 2985 sunt.
1364 2934 1608 2998 Corporis
1646 2933 1759 2997 ejus
1795 2940 1952 2994 atque
1985 2930 2142 2981 animi

751 3014 932 3064 dotes:
954 3015 1216 3079 colloquia
1234 3030 1351 3066 cum
1373 3014 1650 3065 Persarum
1673 3014 1910 3078 Satrapis
1924 3019 1980 3062 et
1998 3015 2139 3078 lega-

754 3096 840 3144 tis.
901 3093 1148 3145 Traditur
1177 3094 1448 3146 Aristoteli
1466 3095 1808 3146 erudiendus:
1846 3094 1970 3160 quid
1993 3094 2057 3143 ah
2079 3108 2142 3144 eo

718 3199 723 3202 ·
753 3175 1029 3228 didicerit:
1062 3176 1189 3241 quid
1207 3178 1389 3241 gratim
1420 3175 1739 3242 rependerit.
1805 3175 1914 3226 Sub
1946 3174 2142 3225 Anaxi-

753 3272 905 3308 mene
927 3258 1242 3323 eloquentiae
1263 3259 1458 3309 studet.
1525 3259 1668 3311 Quas
1700 3263 1839 3307 artes
1861 3263 2167 3306 contemse··

727 3340 853 3390 ‹ritz
888 3354 1016 3405 quas
1055 3340 1321 3391 amaverit.
1405 3340 1532 3405 Ejus
1573 3353 1715 3389 amor
1752 3339 1803 3387 in
1842 3337 2143 3387 Homerum.

753 3421 828 3472 Ut
848 3419 1202 3485 Bucephalam
1225 3434 1408 3486 equum
1432 3419 1658 3470 ferocem
1682 3417 1959 3469 domuerit.

368 3508 477 3555 341.
544 3507 661 3555 413.
807 3501 1042 3551 Absente
1061 3509 1212 3566 patre
1229 3501 1557 3552 Macedoniae
1573 3499 1885 3566 praepositus
1899 3498 2145 3549 Medaros
2234 3511 2348 3548 cix.
2416 3501 2495 3549 16.

757 3583 950 3645 domat,
970 3581 1429 3647 Alexandropolim
1464 3582 1665 3645 condit,
1696 3586 1945 3631 evocatur
1967 3595 1998 3630 a
2019 3580 2139 3630 Phi·
2259 3584 2309 3631 4.

756 3664 903 3729 lippo
923 3664 1236 3729 Byzantium
1252 3663 1546 3715 obsidente.

369 3752 482 3799 340.
549 3749 666 3798 414.
813 3745 944 3796 Cum
962 3759 1026 3795 eo
1048 3747 1099 3795 in
1128 3745 1350 3809 Scythas
1379 3751 1586 3795 movet:
1621 3745 1674 3794 iu
1707 3741 2138 3792 redituvulnera·
2247 3753 2337 3791 cx.
2415 3745 2494 3792 17.

758 3834 866 3876 tum
897 3826 1039 3890 apud
1057 3826 1313 3877 Triballos
1348 3826 1582 3892 periculo
1603 3825 1791 3889 eripit:
1825 3822 2035 3885 Illyrios
2062 3837 2143 3872 re-

758 3907 1012 3958 bellantes
1037 3908 1245 3973 subigit.
1729 3948 1736 3954 .

372 3993 483 4040 338.
546 3993 665 4040 416.
815 3985 950 4038 Belli
973 3989 1170 4039 semina
1202 3990 1339 4039 inter
1363 3988 1665 4051 Philippum
1690 3992 1747 4036 et
1769 3984 2142 4036 Athenienses:
2260 3991 2308 4038 3.
2421 3992 2499 4038 19.

760 4070 1031 4134 utriusque
1055 4070 1217 4132 partis
1257 4069 1418 4134 legati
1438 4068 1504 4119 ad
1539 4067 1831 4131 Thebanos,
1862 4080 2144 4131 eorumque

756 4150 1031 4202 orationes.
1066 4150 1340 4212 Pugnatur
1362 4150 1425 4201 sd
1449 4150 1819 4200 Chaeroneam:
1847 4148 2007 4198 vincit
2020 4147 2143 4197 Phi·

755 4233 926 4295 lippus
940 4230 1217 4295 adjuvante
1233 4231 1565 4283 Alexandro:
1592 4239 1700 4281 tum
1721 4230 2019 4285 Graecorum
2039 4228 2144 4278 Im-

761 4320 973 4375 perator
1014 4312 1262 4364 advorsus
1316 4312 1504 4365 Persas
1549 4313 1773 4378 eligitur.
1860 4310 2146 4362 Alexandri
