2978 4933
494 372 622 436 506
941 387 1011 445 Q.
1059 382 1321 433 cumn
1370 383 1553 433 num
1607 383 1749 433 mn.
1796 385 1930 433 vu.
1975 387 2139 436 cAP.
2185 370 2245 434 1.

498 531 890 613 amicosque
915 526 1258 594 habituros
1286 546 1458 608 esse,
1487 548 1656 612 quos
1684 535 1757 595 tu
1782 529 2063 595 haberes
2082 529 2132 593 'l'
2153 530 2279 597 hoc
2309 549 2706 598 sacramen-

495 641 565 698 to
589 641 611 669 ⁸
636 633 909 718 pietatis
938 630 1240 695 obstricti
1271 649 1734 696 aversaremur
1779 631 2059 708 scilicet,
2107 652 2304 715 quem
2353 641 2430 697 tu
2483 636 2710 698 omni-

496 737 623 801 bus
650 735 1069 819 praeferebas.
1155 734 1262 797 30.
1308 732 1526 814 Igitur
1567 734 1627 798 si
1674 733 1803 800 hoc
1846 735 2091 799 crimen
2122 742 2246 813 est,
2278 735 2410 818 [tu]
2440 756 2713 819 paucos

496 840 874 904 innocentes
918 836 1167 917 habes;
1220 834 1425 900 immo
1476 836 1742 901 hercule
1792 836 2141 901 neminem.
2232 835 2477 901 Omnes
2524 838 2714 906 enim

498 941 786 1008 Philotae
817 940 1015 1006 amici
1044 959 1188 1004 esse
1218 939 1610 1005 voluerunt:
1657 939 1779 1004 sed
1827 939 2129 1017 totidem,
2170 948 2333 1022 quot
2375 939 2715 1006 volebant

497 1063 665 1120 esse,
693 1063 828 1108 non
858 1049 1206 1127 poterant:
1253 1043 1353 1107 ita
1403 1042 1465 1106 si
1510 1062 1552 1108 a
1601 1043 1894 1109 consciis
1941 1043 2196 1107 amicos
2244 1061 2375 1105 non
2422 1042 2710 1120 dividis,

496 1166 622 1210 nec
653 1146 739 1212 ab
764 1147 999 1211 amicis
1017 1145 1036 1180 ²
1064 1146 1333 1229 quidem
1357 1145 1710 1228 separabis
1733 1145 1912 1222 illos,
1942 1143 2058 1227 qui
2088 1143 2261 1209 idem
2285 1163 2437 1207 esse
2468 1144 2711 1209 volue-

497 1253 668 1312 runt.
753 1248 862 1312 31.
910 1246 1116 1327 Quod
1164 1247 1372 1329 igitur
1417 1245 1847 1311 conscientiae
1889 1244 2156 1311 affertur
2200 1246 2522 1310 indicium
2545 1248 2576 1310 ‘l
2630 1253 2712 1312 ut

499 1350 763 1433 opinor,
794 1351 953 1434 quia
977 1349 1190 1434 pridie
1235 1349 1646 1415 familiariter
1689 1357 1760 1417 et
1804 1350 1948 1415 sine
2000 1348 2266 1414 arbitris
2302 1349 2566 1414 locutus
2597 1356 2712 1415 est

498 1452 892 1518 nobiscum!
981 1449 1078 1517 At
1122 1471 1249 1535 ego
1296 1470 1581 1536 purgare
1628 1471 1762 1517 non
1808 1471 2109 1536 possem,
2158 1451 2219 1515 si
2265 1450 2484 1534 pridie
2513 1452 2710 1534 quic-

500 1574 698 1637 quam
729 1574 821 1619 ex
851 1558 1064 1619 vetere
1090 1554 1234 1619 vita
1276 1574 1356 1618 ac
1386 1574 1573 1620 more
1611 1562 2011 1621 mutassem:
2054 1573 2228 1618 nunc
2258 1571 2454 1629 vero,
2501 1555 2588 1631 si,
2625 1562 2712 1620 ut

499 1661 811 1724 omnibus
861 1660 1124 1737 diebuS,
1173 1659 1292 1723 illo
1336 1679 1631 1745 quoque,
1675 1660 1795 1743 qui
1840 1664 2196 1743 suspectus
2243 1662 2368 1734 est,
2395 1657 2709 1740 fecimuS,

501 1763 917 1830 consuetudo
940 1770 969 1797 '²
998 1762 1208 1828 diluet
1238 1763 1509 1828 crimen.
1594 1762 1706 1828 32.
1754 1762 1884 1827 Sed
1916 1780 2133 1845 equos
2163 1758 2542 1842 Antiphani
2569 1781 2709 1825 non

503 1864 842 1930 dedimus!
890 1871 978 1944 et,
1004 1865 1221 1950 pridie
1243 1874 1272 1900 V
1306 1886 1509 1950 quam
1540 1866 1849 1931 Philotas
1876 1865 2178 1930 detectus
2206 1867 2330 1940 est,
2362 1861 2512 1930 haec
2539 1862 2710 1927 mihi

500 1985 652 2032 cum
682 1966 1075 2051 Antiphane
1122 1988 1228 2033 res
1274 1969 1454 2034 erat!
1500 1971 1619 2054 qui
1647 1970 1709 2035 si
1749 1988 1873 2034 nos
1901 1971 2254 2051 suspectos
2282 1966 2501 2031 facere
2533 1965 2708 2043 vult,

501 2069 680 2153 quod
726 2072 847 2136 illo
900 2072 1011 2137 die
1057 2090 1275 2156 equos
1313 2090 1452 2136 non
1493 2071 1913 2152 dederimus;
1965 2075 2187 2135 semet
2221 2068 2469 2153 ipsum,
2517 2067 2708 2152 quod

1424 2252 1789 2274 ”OONNOOQ

498 2373 757 2430 praeunte.
823 2370 973 2418 Voss.
996 2374 1045 2419 2.
1070 2369 1267 2420 omittit
1287 2369 1567 2433 amicosque,
1604 2375 1662 2419 et
1700 2383 1820 2417 mox
1853 2366 2047 2417 hahet:
2083 2367 2166 2415 hee
2202 2368 2517 2415 sacramento.
2585 2364 2709 2416 Ple·

505 2446 684 2547 Jpaeqluq
706 2431 825 2546 εὲἰᾱ.
836 2441 983 2547 bznte
1003 2434 1650 2550 Freinshbadveregremur;
1679 2431 2098 2550 ἔΙῗτξιηὶῐιείᾱ.
2117 2430 2272 2525 Voss:
2300 2434 2349 2542 1V
2385 2430 2555 2544 ἱξοιὲς.
2579 2434 2638 2544 ΞΒ
2652 2438 2711 2481 et

504 2513 740 2612 vater-nus.
768 2533 782 2550 ο
806 2512 1410 2616 Άίἇνῗέεῗηὶἰετ.οέἔῇ
1431 2507 2525 2629 εἷῑὲιὲεῗιᾳυεῖιίιτισᾶ-ἰςῧαὲἔέιῖ’[1ιέἓίθέ
2539 2512 2711 2610 ama:

507 2628 753 2677 omittunt
773 2634 826 2678 tu
841 2644 1013 2692 paucos
1023 2646 1045 2689 ,·
1079 2630 1310 2680 Florent.
1331 2628 1476 2680 Leid.
1496 2636 1551 2680 et
1573 2629 1725 2680 Voss,
1747 2633 1796 2679 1.
1819 2635 1869 2680 2.
1893 2630 2142 2678 omittunt
2167 2631 2240 2674 tu.
2308 2625 2457 2674 Mod.
2477 2626 2594 2675 Elz.
2618 2627 2712 2675 ali-

506 2707 655 2757 aeque
680 2692 800 2743 edd.
827 2702 947 2743 ante
971 2695 1197 2745 Freinsh.
1224 2695 1472 2745 omittunt
1507 2697 1609 2757 sed,
1642 2696 1778 2759 quod
1815 2700 1987 2744 tamen
2020 2691 2268 2742 exhibent
2303 2690 2457 2739 codd.
2497 2699 2553 2739 et
2592 2691 2712 2739 edd.

505 2764 724 2808 recentt.
747 2758 979 2809 Florent.
1003 2765 1116 2823 quot
1137 2760 1384 2810 vehebant.
1448 2760 1588 2810 Mer.
1609 2760 1848 2823 separabis
1867 2760 2016 2808 illum.
2083 2757 2232 2806 Voss.
2252 2761 2303 2806 2.
2325 2755 2407 2819 qui
2427 2756 2597 2818 iidem,
2619 2770 2712 2818 pro

502 2837 605 2899 quo
629 2823 682 2871 in
710 2824 847 2874 Pith.
866 2827 1198 2902 quidem—31
1230 2824 1495 2901 Luget-et
1530 2824 1617 2874 alii
1650 2825 1902 2874 omittunt
1922 2828 1976 2872 ut
1999 2821 2325 2899 anteOopinor.
2392 2821 2532 2895 Mser.
2551 2821 2712 2885 pridie

504 2903 639 3001 33:5¹·
672 2888 1359 3004 1223?2121‘.5}¹2¹‚35„:².252’.⁶;¹
1367 2889 2714 3017 '5²35..Vffi‚tedma‘isszz‘ifsc‘zffl'sssia,mm:

505 3016 745 3078 tiphatani
765 3034 784 3075 ,·
833 3018 970 3067 Pau.
999 3023 1045 3067 1.
1071 3024 1120 3068 2.
1139 3019 1492 3082 Antiphon-rani
1505 3035 1526 3078 ,·
1573 3019 1731 3069 Voss·
1752 3023 1801 3069 2.
1823 3016 2092 3081 Antipatri.
2157 3016 2323 3078 Bong.
2350 3021 2548 3078 praeter
2572 3015 2717 3065 Pith.

503 3080 787 3142 dederimus,
813 3096 907 3143 pro
929 3084 1163 3132 dedi-mue.
1229 3085 1356 3133 Mox
1381 3098 1475 3147 pro
1499 3085 1782 3144 dederimus,
1806 3089 1866 3132 ut
1888 3083 1938 3131 in
1964 3084 2194 3132 Florent.
2228 3079 2379 3130 Leid.
2403 3079 2564 3131 Voss.
2590 3087 2644 3130 1.
2661 3090 2717 3131 et

508 3146 742 3193 omnibus
784 3145 1018 3205 Gruteri,
1053 3147 1266 3196 dedimus
1305 3148 1560 3197 exhibent
1603 3149 1742 3198 Mer.
1768 3148 1890 3197 Ald.
1911 3148 2079 3197 Colin.
2105 3146 2305 3210 Gryph.
2329 3145 2491 3195 Frob.
2512 3146 2644 3195 Bas.
2665 3154 2719 3196 et

506 3210 618 3260 Col.
639 3212 849 3260 dederim
871 3226 994 3261 vero
1012 3212 1163 3262 VosS.
1192 3217 1243 3263 2.
1282 3213 1392 3263 Elz.
1416 3219 1471 3263 et
1494 3214 1669 3278 vulgg.
1692 3213 1815 3263 edd.
1851 3221 1973 3263 ante
2013 3211 2246 3263 Freinsh.
2280 3210 2517 3261 Floreat.
2537 3211 2716 3285 deside·

1498 3343 1722 3397 NOTAE

505 3442 640 3505 dem,
661 3456 775 3508 quae
808 3442 897 3492 ille
932 3443 1169 3506 protulit,
1205 3444 1445 3508 repetitis
1477 3444 1565 3508 ju·
1645 3457 1763 3493 sere
1781 3441 1941 3493 debes
1959 3442 2272 3506 quicumque
2292 3453 2404 3489 esse
2425 3440 2717 3491 voluerunt.

503 3527 622 3569 rant
644 3518 834 3584 aliquid
859 3534 915 3569 se
942 3519 1269 3584 praestituros
1291 3520 1429 3586 quod
1454 3521 1563 3585 pol·
1643 3519 1730 3569 Ita
1762 3533 1940 3568 omnes
1970 3518 2145 3579 amici,
2168 3531 2346 3566 omnes
2382 3517 2607 3582 conscii,
2629 3531 2712 3567 ne·

505 3594 744 3646 licentur.
1642 3610 1728 3646 mo
1750 3594 2010 3645 innocens.

565 3666 588 3703 '⁸
620 3670 948 3734 sacramento]
1001 3671 1382 3731 Juramentum,
1443 3672 1564 3737 qnia
1708 3680 1732 3705 ¹¹
1773 3669 2098 3733 Consuetudo]
2122 3668 2532 3718 Accusationem
2547 3683 2615 3718 ex
2633 3669 2714 3718 illo

505 3759 600 3808 per
634 3747 778 3796 Deos
820 3746 979 3797 fiebat
1012 3755 1069 3799 et
1100 3754 1344 3814 tanquam
1367 3748 1563 3814 aliquid
1644 3746 1882 3811 pridiano
1909 3745 2168 3809 colloquio
2192 3744 2414 3808 petitam
2439 3743 2540 3794 hoc
2559 3742 2715 3794 refel-

505 3834 706 3891 pacrum
753 3822 1058 3887 habebatur,
1116 3824 1562 3876 ‘sacramentum’
1642 3823 1721 3885 lit,
1750 3822 1885 3888 quod
1922 3823 1998 3871 ita
2032 3821 2264 3885 quotidie
2299 3818 2549 3884 colloqui,
2583 3819 2715 3869 citra

506 3898 826 3960 appellatum
862 3906 961 3963 est,
993 3901 1120 3951 illud
1146 3901 1437 3967 praesertim
1460 3916 1566 3967 quo
1647 3898 2022 3964 conjurationis
2084 3896 2454 3962 suspicionem,
2516 3896 2712 3947 soleba·

508 3985 564 4019 se
583 3971 773 4021 milites
796 3973 1095 4037 imperatori
1118 3976 1418 4043 obligabant
1440 3993 1562 4042 suo;
1646 3991 1777 4026 mus.

507 4052 711 4096 serment
731 4050 788 4095 de
789 4049 998 4111 fidetite.
1714 4061 1737 4086 v
1771 4054 1858 4114 Et,
1896 4049 2079 4119 pridie]
2115 4049 2200 4100 An
2244 4050 2332 4100 illo
2372 4050 2599 4114 primum
2632 4048 2709 4099 die

585 4124 601 4155 ‘
626 4124 730 4173 Nec
765 4125 825 4173 ab
862 4127 1048 4192 amicis]
1096 4129 1151 4179 Si
1191 4130 1413 4180 Philotae
1447 4146 1567 4181 con·
1645 4132 1755 4181 haec
1798 4130 1920 4180 mihi
1962 4143 2077 4179 cum
2115 4126 2414 4192 Antiphane
2446 4126 2708 4178 contentio

509 4202 645 4250 scios
688 4209 840 4263 putas
892 4200 1053 4253 fuisse
1099 4213 1356 4272 quotquot
1410 4207 1566 4257 amici
1644 4206 1782 4258 fuit?

509 4282 679 4339 erant,
692 4275 872 4327 eadem
885 4279 1089 4330 ratione
1105 4281 1294 4333 aulicos
1313 4284 1424 4348 ejus
1441 4298 1563 4339 cen-
