2978 4933
464 408 595 473 210
899 424 968 484 Q·
1014 420 1275 471 cunrn
1329 419 1509 469 num
1563 419 1713 473 1213.
1763 420 1875 467 111.
1920 419 2082 471 cm».
2129 403 2237 471 12.

466 569 762 636 allevans
792 585 937 644 rex,
969 569 991 600 ‘
1012 561 1173 630 Non
1195 564 1477 648 errasti,'
1496 567 1732 650 inquit,
1755 570 1777 602 ‘
1794 574 2009 632 mater
2028 586 2047 648 3
2069 588 2218 631 nam
2242 575 2312 631 et
2328 566 2436 632 iiic
2458 565 2673 634 Alex-

466 671 673 738 ander
695 670 842 736 est.'
924 667 1034 734 18.
1081 668 1436 757 Equidem,
1467 669 1527 734 si
1554 670 1681 734 hac
1712 670 2121 735 continentia
2153 671 2357 735 animi
2391 670 2477 734 ad
2507 671 2667 736 ulti-

464 793 645 843 mum
673 772 831 840 vitae
878 791 1301 857 perseverare
1340 774 1718 856 potuisset3
1772 772 2141 837 feliciorem
2186 774 2395 838 fuisse
2441 775 2670 839 crede·

463 897 632 954 rem,
662 894 861 960 quam
888 875 1074 939 visus
1102 880 1208 939 est
1235 894 1403 950 esse,
1434 894 1587 941 cum
1620 875 1849 941 Liberi
1870 883 1893 910 ⁶
1916 875 2131 962 patris
2160 875 2531 941 imitaretur
2560 878 2672 941 tri·

463 979 812 1064 umphum‚
843 978 929 1043 ab
963 976 1405 1062 Hellesponto
1433 997 1650 1061 usque
1682 978 1781 1042 ad*
1800 977 2141 1043 Oceanum
2161 988 2396 1042 omnes
2428 987 2669 1061 gentes
2746 1048 2753 1051 ι

461 1083 753 1148 victoria
805 1100 1137 1147 emensus.
1223 1081 1330 1146 19.
1377 1080 1680 1146 Vicisset
1722 1081 2019 1167 profecto
2048 1081 2434 1164 superbiam
2464 1087 2669 1166 atque
2750 1078 2757 1083 ’

463 1185 656 1266 iram,
685 1187 864 1250 mala
891 1185 1150 1251 invicta
1178 1204 1196 1249 :
1241 1184 1680 1251 abstinuisset
1706 1185 1873 1249 inter
1905 1185 2145 1268 epulas
2169 1184 2476 1250 caedibus
2505 1184 2675 1248 ami*

465 1307 690 1354 corum
716 1308 734 1369 ;
780 1287 1210 1371 egregiosque
1231 1285 1413 1350 bello
1447 1287 1628 1352 viros
1659 1291 1724 1352 et
1752 1292 1853 1351 tot
1880 1287 2169 1369 gentium
2195 1274 2425 1350 secum
2461 1284 2676 1351 domi-

466 1397 647 1456 tores
664 1390 920 1455 indicta
949 1407 1157 1455 causa
1187 1389 1435 1454 veritus
1451 1395 1632 1455 esset
1654 1388 1982 1454 occidere.
2070 1389 2176 1454 20.
2209 1389 2345 1454 Sed
2376 1389 2677 1454 nondum

465 1494 727 1559 fortuna
756 1512 829 1558 se
851 1491 1077 1556 animo
1107 1491 1256 1576 ejus
1284 1490 1646 1556 infuderat:
1674 1487 1697 1527 f
1733 1490 1967 1575 itaque
1999 1491 2316 1555 orientem
2353 1510 2502 1555 eam
2533 1508 2679 1556 mo-

469 1596 695 1666 derate
727 1604 797 1661 et
832 1595 1186 1682 prudenter
1213 1595 1405 1676 tulit;
1453 1595 1541 1659 ad
1591 1595 1905 1661 ultimum
1946 1594 2475 1678 magnitudinem
2522 1593 2679 1678 ejus

467 1721 597 1765 non
626 1698 848 1784 cepit}
930 1700 1039 1764 21.
1083 1698 1254 1764 Tum
1300 1698 1577 1783 quidem
1603 1699 1699 1764 ita
1747 1719 1822 1763 se
1870 1696 2099 1781 gessit,
2129 1702 2204 1762 ut
2250 1714 2482 1761 omnes
2518 1701 2683 1760 ante

470 1824 624 1872 eum
665 1823 856 1887 reges
898 1810 969 1866 et
997 1801 1402 1866 continentia
1447 1806 1516 1866 et
1575 1803 1927 1868 clementia
1983 1800 2429 1864 vincerentur.
2502 1795 2684 1864 -Vir-

468 1906 653 1990 gines
675 1907 846 1971 enim
864 1904 1081 1986 regias
1102 1903 1495 1968 excellentis
1519 1903 1749 1969 formae
1779 1909 1914 1969 tam
1934 1909 2168 1971 sancte
2187 1900 2442 1980 habuit,
2468 1919 2684 1984 quam

468 2011 532 2078 si
579 2009 835 2088 eodem,
860 2027 999 2092 quo
1041 2009 1216 2093 ipse,
1249 2011 1523 2090 parente
1568 2008 1812 2092 genitae
1861 2008 2111 2078 forent:
2154 2006 2264 2071 22.
2314 2003 2680 2089 conjugem

468 2194 552 2309 de:
592 2194 1047 2310 Nascentezsartuna
1077 2193 1284 2245 modeste
1303 2207 1415 2243 usus
1430 2197 1524 2256 est,
1545 2194 1629 2242 sed
1653 2191 1843 2244 tandem
1863 2192 2061 2244 nimium
2079 2191 2181 2258 eius
2200 2189 2569 2258 amplitudinem
2591 2199 2689 2235 mo·

552 2275 630 2309 an
649 2277 740 2310 non
755 2277 818 2326 po
843 2276 872 2309 u
918 2293 932 2309 .

1388 2338 1748 2360 OOOOOOOOOOO

470 2438 568 2498 bin
601 2437 749 2490 Leid.
790 2446 844 2490 et
882 2439 1032 2489 Voss.
1066 2436 1504 2501 Sisigambim—18
1542 2438 1777 2503 Equidem
1815 2439 1904 2488 hac
1935 2453 1980 2489 c.
2014 2453 2062 2489 α.
2096 2439 2142 2490 si
2179 2439 2242 2488 ad
2275 2439 2428 2489 Voss.
2466 2441 2518 2487 2.
2558 2436 2697 2490 Ald.

468 2505 637 2569 Lugd.
663 2512 719 2556 et
742 2505 911 2555 Amst.
956 2504 1090 2554 Post
1109 2505 1240 2553 visus
1261 2510 1333 2554 est
1352 2502 1412 2552 τὸ
1432 2519 1534 2555 esse
1556 2505 1708 2554 deest
1744 2505 1796 2553 in
1830 2506 2050 2554 Theocr.
2083 2506 2391 2555 imitarentur
2412 2503 2564 2557 Pith.
2613 2518 2698 2553 uo·

352 2624 364 2632 .
465 2584 555 2633 que
577 2571 636 2620 ab
661 2572 969 2635 Hellesponto
990 2572 1053 2619 ad
1079 2570 1318 2620 Oceanum
1342 2571 1578 2620 Floreat.
1604 2568 1750 2619 Leid.
1781 2576 1837 2619 et
1855 2572 2007 2621 Voss.
2031 2574 2079 2619 1.
2112 2570 2284 2619 victori
2303 2582 2515 2619 emensus
2541 2567 2691 2618 Dan.

468 2636 559 2684 sed
584 2646 875 2686 correctum
910 2651 942 2685 a
976 2650 1043 2686 m.
1064 2649 1170 2685 sec.
1208 2636 1423 2684 victoria·
1460 2650 1674 2686 emensus
1709 2635 1860 2685 Voss.
1903 2639 2086 2685 1.—19
2119 2635 2179 2684 Si
2213 2635 2399 2684 viciant
2436 2634 2687 2683 Florent.
2760 2641 2773 2654 ·

467 2700 614 2751 Leid.
634 2702 783 2752 Voss.
807 2705 858 2751 2.
878 2701 977 2751 Ed.
1002 2715 1082 2764 pr.
1104 2701 1318 2750 Venett.
1340 2701 1467 2751 Vet.
1503 2717 1589 2751 an.
1616 2704 1761 2750 1474.
1785 2700 2005 2750 Mediol.
2027 2700 2223 2749 Veron.
2245 2700 2280 2750 J
2288 2706 2399 2749 unt.
2425 2698 2558 2749 Bas.
2585 2698 2691 2748 Ar-

466 2771 608 2827 gent.
633 2764 756 2816 Ald.
774 2767 941 2817 Colin.
961 2773 1017 2816 et
1038 2766 1239 2831 Gryph.
1276 2767 1580 2829 particulam
1606 2766 1665 2816 Si
1701 2766 1889 2830 abjecit
1929 2764 2162 2814 Freinsh.
2188 2763 2423 2813 sibieisset
2444 2764 2614 2816 Voss.
2638 2767 2691 2813 1.

464 2831 648 2878 naucula
667 2831 843 2880 invicta
866 2847 993 2881 nunus
1017 2830 1201 2881 codex.
1233 2830 1276 2878 si
1296 2832 1612 2881 abstenuisset
1648 2831 1742 2881 Ed.
1770 2845 1850 2893 pr.
1871 2831 2092 2880 Venett.
2113 2832 2238 2880 Vct.
2263 2844 2347 2879 an.
2373 2832 2516 2878 1474.
2560 2829 2693 2880 Me-

466 2894 590 2944 diol.
606 2895 798 2945 Veron.
824 2897 972 2947 Junt.
998 2898 1117 2945 Bas.
1141 2893 1363 2958 Argent.
1384 2894 1508 2946 Ald.
1535 2897 1648 2946 Col.
1672 2904 1727 2944 et
1753 2896 1957 2959 Grypln.
1981 2901 2036 2945 et
2055 2896 2141 2944 hic
2167 2895 2478 2958 particulam
2513 2893 2562 2941 si
2593 2893 2694 2944 *de-

465 2959 593 3017 levit
618 2960 849 3009 Freinsh.
876 2964 891 2989 ‘
918 2962 1075 3010 Forte
1102 2961 1299 3009 Noster
1316 2962 1632 3022 scripserat:
1672 2961 1756 3009 Sic
1774 2960 2094 3022 vicissemusic
2115 2958 2452 3010 abstinuisset?
2485 2953 2697 3010 Scheff.

464 3024 587 3073 Pal.
613 3028 660 3072 1.
697 3031 753 3075 et
788 3026 948 3075 Voss.
970 3030 1021 3076 2.
1057 3039 1151 3073 non
1190 3025 1371 3073 veritus
1407 3030 1683 3076 essen—2⁰
1717 3027 1950 3076 Florent.
1975 3025 2124 3075 Leid.
2148 3026 2303 3075 Voss.
2327 3028 2442 3075 1.2.
2476 3023 2585 3073 Ed.
2645 3037 2696 3074 r.

464 3089 679 3139 Venett.
696 3090 849 3139 Rom.
869 3090 992 3141 Vet.
1030 3105 1113 3140 an.
1150 3092 1297 3138 1474.
1333 3090 1528 3139 Veron.
1568 3089 1787 3140 Mediol.
1827 3092 1965 3140 Mer.
2004 3090 2157 3140 Frob.
2197 3090 2322 3140 Bas.
2361 3090 2436 3139 Lu
2476 3088 2531 3137 d.
2661 3090 2696 3139 Ι.

466 3152 639 3203 Amst.
662 3154 990 3218 superfuderat
1009 3170 1031 3213 ‚⁶
1078 3153 1437 3203 Freinshemio
1461 3153 1686 3203 debetur
1705 3155 1970 3214 infuderat.
1991 3156 2007 3184 ‘
2025 3156 2190 3204 Forte
2203 3154 2378 3219 impari
2398 3171 2425 3203 o
2533 3160 2656 3204 eme
2672 3172 2694 3212 ,-

464 3219 549 3267 vel
571 3219 736 3269 nubem
755 3219 1011 3283 effuderat,
1032 3220 1208 3269 deleto
1231 3220 1302 3281 τῷ
1319 3218 1405 3267 se?
1432 3219 1697 3269 Heinsius.
1742 3222 1814 3270 ito
1835 3223 2063 3271 orientem
2086 3225 2185 3269 tam
2208 3222 2446 3270 moderate
2467 3217 2576 3269 Ed.
2604 3235 2692 3285 pr.

465 3283 683 3333 Venett.
704 3284 918 3333 Mediol.
941 3293 995 3335 et
1020 3286 1213 3333 Veron.
1237 3283 1397 3346 itaque
1417 3284 1646 3334 orientem
1666 3291 1766 3335 tam
1789 3288 2024 3336 moderate
2050 3287 2216 3348 Bong.
2241 3285 2393 3334 Voss.
2417 3285 2465 3338 2,
2508 3283 2694 3347 Lugd.

466 3348 577 3398 Col.
602 3357 656 3398 et
681 3349 801 3398 Bas.
821 3354 870 3398 et
884 3352 1119 3412 pudenter
1140 3349 1287 3399 malit
1323 3348 1614 3413 Acidalius,
1650 3351 1978 3413 improbante
2019 3350 2349 3399 Heumanno.
2418 3346 2579 3398 Hanc
2609 3357 2693 3399 ta-

464 3426 584 3463 men
609 3414 745 3478 conj.
769 3414 867 3463 sibi
892 3415 1159 3463 vindicare
1185 3415 1414 3464 tentavit
1438 3414 1691 3464 Clericus.
1743 3416 1860 3464 Pal.
1887 3419 1934 3466 1.
1971 3416 2171 3464 omittit
2205 3428 2297 3463 non
2322 3418 2444 3463 ante
2466 3412 2691 3475 cepit.—

463 3482 525 3527 21
568 3480 700 3528 Tunc
722 3480 953 3530 Florem.
983 3480 1125 3529 Leid.
1150 3479 1303 3530 VoSS.
1326 3486 1375 3530 1.
1398 3482 1542 3529 Dan.
1566 3480 1706 3529 Pith.
1731 3480 1858 3530 Put.
1879 3480 2071 3536 Fauch.
2094 3485 2149 3528 et
2177 3480 2342 3539 Bong.
2361 3483 2407 3529 2.
2448 3478 2692 3539 Virgines
2774 3505 2779 3508 -

463 3543 659 3605 reginas
681 3545 912 3595 Florem.
950 3545 1095 3594 Leid.
1132 3544 1287 3594 VosS.
1315 3549 1362 3595 1.
1403 3546 1572 3608 Bong.
1594 3552 1650 3593 et
1671 3546 1809 3595 Mer.
1868 3545 2094 3607 Virgines
2125 3549 2175 3594 et
2211 3544 2407 3607 reginas
2440 3544 2606 3595 Voss.
2632 3548 2688 3594 2.

463 3608 585 3658 Bas.
608 3610 809 3659 Erasm.
835 3611 1051 3675 aliaeque
1075 3610 1197 3659 edd.
1222 3616 1354 3660 vett.
1384 3609 1523 3660 Vide
1549 3610 1674 3659 Not.
1697 3610 1826 3659 Var.
1873 3625 2016 3673 quam
2044 3610 2203 3659 eodem
2225 3609 2380 3660 Voss.
2400 3612 2448 3657 2.
2487 3608 2688 3658 omisso

378 3717 384 3724 .
461 3674 543 3734 si,-
575 3675 716 3727 Mer.
737 3676 782 3726 si
803 3678 964 3727 eodem
984 3681 1189 3741 tempore
1210 3690 1317 3743 quo.
1367 3675 1485 3726 Pal.
1509 3680 1560 3725 1.
1582 3682 1711 3727 παίω
1729 3675 2004 3740 genitaeque
2016 3674 2339 3736 forctib—22
2372 3673 2530 3724 Voss.
2550 3677 2612 3725 2.
2630 3688 2690 3738 p.

1454 3825 1670 3879 NOTAE

445 3919 447 3921 V
526 3943 551 3969 ⁸
577 3937 771 4002 Liberi]
805 3940 1045 3990 Bacchus
1078 3940 1217 3990 idem
1255 3939 1342 4004 qui
1367 3923 1529 3989 Liber
1605 3940 1750 3990 tione
1768 3938 2005 3989 fabulosa
2026 3937 2190 3987 multa
2221 3901 2406 3985 Floiitae
2431 3911 2687 3999 prodide-

464 4011 629 4062 Pater
664 4013 793 4079 (quo
826 4016 892 4064 de
927 4017 1132 4082 nomine
1154 4016 1274 4066 vide
1302 4016 1526 4065 Tullium
1606 4023 1744 4067 runt.
1957 4064 1960 4069 .

464 4088 532 4138 de
600 4090 807 4140 Natura
870 4094 1106 4142 Deorum
1169 4093 1260 4143 lib.
1307 4092 1395 4155 ιι.)
1458 4093 1527 4143 ab
1661 4090 1682 4126 t
1697 4091 1976 4155 Infudemt]
1996 4089 2242 4141 Nondum
2254 4084 2686 4152 superbia,msg-

462 4163 809 4228 Hellesponto
842 4166 908 4215 ad
940 4167 1208 4217 Oceanum
1245 4182 1407 4231 usque
1438 4169 1526 4217 In·
1604 4182 1686 4218 nae
1706 4182 1880 4218 eomes
1902 4166 2149 4231 fortunae,
2183 4167 2413 4217 animum
2446 4162 2560 4227 ejus
2583 4173 2683 4211 oc·

462 4240 636 4291 dicum
659 4243 827 4293 victor
849 4242 1028 4293 Asiam
1057 4244 1347 4295 universam
1374 4258 1526 4307 pera·
1606 4250 1909 4309 cupaverat.

461 4333 641 4384 grasse
663 4319 845 4372 fertur.
909 4322 996 4372 De
1028 4335 1129 4388 qua
1160 4320 1277 4385 ejus
1308 4320 1525 4386 expedi-
