2978 4933
557 412 689 490 338
997 429 1063 487 Q.
1111 423 1371 475 cun'ru
1426 423 1604 472 Ruri
1660 424 1806 471 mn.
1855 423 1951 471 lv,
2002 425 2167 472 cap,
2215 409 2319 472 16.

558 574 774 654 νοοίε,
802 579 881 638 ut
923 573 1207 655 signum,
1264 566 1544 634 subinde
1587 567 1929 634 coeunteS.
2044 568 2151 632 33.
2199 566 2730 633 Exaudiebantur

556 684 812 746 tantum
839 675 1156 759 strepitus
1183 673 1616 750 habenarum,
1644 671 1894 755 quibus
1927 670 2083 756 equi
2111 690 2371 735 currum
2418 670 2731 735 trahentes

555 780 917 846 identidem
942 777 1504 850 verberabantur:
1549 776 1698 842 baec
1745 774 1899 840 sola
1947 774 2259 857 fugientis
2305 775 2583 858 vestigia
2630 792 2735 837 ex-

557 890 755 967 cepta
773 887 944 948 sunt.
955 876 986 937 J
1485 962 1491 967 .
2520 893 2523 898 ’

646 1001 813 1050 xv1.
859 986 921 1048 1.
979 983 1076 1048 At
1104 982 1170 1047 in
1201 981 1380 1049 laevo
1412 981 1867 1046 Macedonum
1897 1001 2124 1058 cornu,
2154 982 2341 1064 quod
2373 981 2735 1054 Parmenio,

558 1088 739 1157 sicut
766 1093 923 1154 ante
948 1084 1199 1152 dictum
1232 1082 1424 1169 [est],
1459 1085 1798 1162 tuebatur,
1826 1084 2021 1166 longe
2051 1085 2191 1150 alia
2218 1085 2485 1150 fortuna
2511 1083 2739 1150 utrius-

558 1212 690 1277 que
718 1191 931 1275 partis
960 1209 1064 1254 res
1105 1189 1478 1273 gerebatur.
1563 1188 1632 1253 2.
1678 1188 2010 1266 Mazaeus»,
2055 1208 2210 1252 cum
2250 1188 2430 1253 omni
2479 1204 2739 1252 suorum

557 1295 870 1381 equitatu
898 1293 1323 1359 vehementer
1350 1292 1684 1369 invectae,
1707 1294 1987 1375 urgebat
2028 1292 2481 1358 Macedonum
2509 1292 2688 1358 alas:
2713 1300 2737 1324 ⁸

546 1399 826 1484 Jamque
856 1396 1205 1463 abundans
1230 1395 1663 1462 multitudine
1693 1395 1908 1462 aciem
1960 1396 2366 1463 circumvehi
2408 1400 2736 1480 coeperat3

559 1521 710 1573 cum
745 1499 1096 1566 Parmenio
1117 1499 1386 1584 equites
1416 1504 1438 1536 ‘
1460 1500 1769 1566 nuntiare
1785 1498 1804 1526 ’
1824 1500 2026 1587 jubet
2047 1505 2069 1535 ‘
2087 1497 2505 1577 Alexandro,
2522 1501 2592 1564 in
2613 1508 2741 1583 quo

559 1602 940 1672 discrimine
968 1603 1103 1687 ipsi
1131 1611 1396 1683 essent:
1443 1603 1577 1669 nisi
1606 1611 1865 1669 mature
1891 1604 2373 1682 subveniretur,
2397 1621 2533 1667 non
2554 1618 2739 1685 posse

560 1707 710 1773 sisti
738 1704 1008 1791 fugam!
1091 1707 1158 1773 3.
1199 1707 1247 1772 J
1250 1726 1355 1772 am
1387 1708 1666 1773 multum
1694 1709 1827 1773 viae
1875 1714 2289 1793 praeceperat
2333 1701 2512 1784 Rex,
2542 1704 2744 1770 immi-

557 1830 722 1875 nens
750 1809 1142 1894 fugientium
1172 1811 1402 1895 tergis»,
1436 1832 1590 1876 cum
1635 1831 1678 1878 a
1726 1811 2172 1879 Parmenione
2224 1810 2441 1876 tristis
2481 1808 2739 1874 nuntius

558 1913 781 1980 venit:
829 1914 1220 1982 ‘refraenare
1257 1934 1474 2000 equos
1494 1915 1513 1941 ³
1531 1914 1732 1999 jussi,
1764 1917 1885 1999 qui
1914 1899 2348 1991 vehebantur,
2379 1928 2742 1994 agmenque

558 2015 900 2099 constitit3
945 2015 1285 2083 frendente
1327 2015 1747 2096 Alexandm,
1770 2022 1791 2054 ‘
1813 2020 1986 2103 eripi
2018 2020 2147 2084 sibi
2176 2016 2526 2083 victoriam
2554 2035 2593 2080 e
2618 2032 2742 2078 ma·

556 2119 776 2200 nibuS,
804 2127 875 2185 et
904 2119 1186 2185 Darium
1217 2121 1483 2187 felicius
1513 2120 1765 2205 fugere,
1797 2142 1999 2207 quam
2031 2142 2107 2188 se
2124 2118 2365 2212 sequi?
2453 2120 2521 2185 4.
2567 2118 2743 2184 Inte-

555 2222 686 2287 rim
714 2222 802 2290 ad
852 2222 1190 2290 Mazaeum
1222 2224 1525 2308 superati
1554 2224 1731 2306 regis
1774 2226 1958 2291 fama
1987 2228 2407 2308 pervenerat.
2494 2220 2741 2305 Itaque,

556 2343 934 2409 quanquam
986 2325 1270 2391 validior
1323 2335 1486 2401 erat,
1539 2327 1803 2394 fortuna
1858 2336 2078 2394 tamen
2130 2327 2423 2412 partium
2471 2323 2741 2398 territus,

555 2425 881 2514 perculsis
908 2428 1291 2512 languidius
1318 2431 1650 2498 instabat.
1712 2431 2073 2499 Parmenio
2103 2431 2460 2515 ignorabat
2489 2425 2742 2514 quidem

557 2550 841 2598 causam
859 2551 987 2596 sua
1010 2542 1259 2616 sponte
1279 2554 1523 2619 pugnae
1556 2538 1885 2603 remissae:
1916 2536 2038 2603 sed
2066 2534 2422 2601 occasione
2443 2530 2742 2600 vincendi

609 2750 640 2800 .7'
681 2746 806 2799 Hoeo
824 2752 924 2800 sola
942 2751 1082 2814 signa
1102 2751 1403 2816 ipsimfiagoe
1423 2756 1707 2818 deprehensa
1727 2762 1855 2806 sunt.

617 2819 645 2842 ⁸
676 2812 929 2865 Perculsus
943 2817 1044 2881 ipse
1059 2833 1250 2869 suorum
1269 2820 1421 2884 clade,
1436 2821 1623 2869 maius
1642 2820 1844 2885 urgebat
1868 2822 2060 2872 territos
2076 2821 2384 2872 Macedonas.

1470 2949 1836 2972 eooeomaeee

554 3055 671 3106 haut
689 3057 1026 3119 signm.—33
1064 3062 1428 3116 &audiebatur
1465 3062 1587 3118 Ald.
1626 3065 1780 3117 Frob.
1816 3067 1954 3118 Mer.
1995 3066 2122 3116 Bas.
2164 3072 2223 3116 et
2261 3064 2374 3116 Col.
2440 3063 2551 3115 Pro
2571 3067 2740 3113 tantum

553 3118 780 3172 Flet-ent.
803 3124 945 3175 Leid.
969 3127 1121 3178 Voss,
1149 3134 1195 3181 1.
1218 3133 1277 3187 2.
1292 3136 1350 3178 et
1372 3129 1540 3193 Βοῦς.
1564 3136 1719 3182 tamen
1732 3147 1754 3191 ,·
1781 3132 1918 3183 Mer.
1943 3135 2043 3183 cnr.
2106 3130 2336 3182 Florent.
2361 3128 2511 3180 Leid.
2533 3128 2677 3179 Voss.
2698 3132 2739 3175 1.

555 3190 607 3238 2.
641 3187 807 3250 Βοῦς.
831 3197 888 3239 et
907 3191 1024 3242 edd.
1051 3200 1179 3243 vett.
1200 3209 1389 3243 currum
1406 3194 1644 3245 vehentes.
2590 3218 2614 3233 ⁶·

623 3256 650 3299 l
687 3252 915 3331 Florem.
940 3257 1086 3308 Leid.
1111 3259 1261 3310 Voss.
1284 3262 1332 3309 1.
1353 3263 1401 3309 2.
1428 3267 1483 3311 et
1519 3261 1690 3325 Bong.
1729 3260 1980 3312 omittunt
2010 3262 2132 3326 quod
2155 3267 2277 3310 ante
2305 3259 2574 3310 Parmenio.
2634 3256 2742 3305 Flo-

555 3323 692 3368 rent.
721 3317 861 3369 Leid.
884 3320 1033 3371 Voss.
1060 3326 1106 3372 1.
1129 3328 1178 3373 2.
1213 3325 1350 3374 Dan.
1376 3331 1430 3374 et
1452 3325 1572 3375 Pal.
1600 3330 1645 3376 1.
1668 3325 1916 3376 omittunt
1935 3332 2009 3377 est
2031 3335 2148 3390 post
2168 3326 2363 3376 dicem.
2432 3323 2555 3375 Ald.
2576 3337 2651 3372 res
2666 3335 2740 3383 ge·

552 3380 893 3434 reboatum-2
927 3387 1154 3438 Florent.
1178 3389 1327 3440 Leid.
1349 3389 1502 3439 Voss.
1527 3394 1574 3438 1.
1594 3394 1643 3441 2.
1684 3398 1741 3440 et
1781 3392 1918 3443 Mer.
1954 3393 2168 3442 Mam.
2236 3390 2344 3440 Pro
2365 3389 2585 3452 urgebat,
2617 3385 2737 3451 qnod

554 3445 788 3499 Florent.
809 3450 954 3500 Leid.
975 3459 1031 3502 et
1049 3454 1198 3505 Voss.
1224 3460 1272 3504 l.
1294 3458 1343 3503 2.
1378 3453 1651 3514 exhibent,
1686 3456 1856 3520 Bong.
1889 3462 1938 3506 1.
1970 3457 2216 3519 orgvoebat.
2284 3455 2518 3504 Florent.
2541 3454 2740 3513 Vossi-

552 3514 604 3560 2.
628 3513 762 3566 Dan.
783 3514 951 3591 Βοῦς.
979 3524 1032 3567 et
1050 3519 1240 3569 Fauch.
1263 3519 1367 3568 acie
1387 3520 1691 3571 circumvehi.
1726 3520 1875 3571 Leid.
1898 3528 1954 3572 et
1971 3523 2120 3571 Voss.
2139 3525 2189 3570 2.
2214 3526 2318 3571 tum
2331 3520 2609 3570 Parmenio.
2636 3518 2740 3567 Flo·

553 3584 686 3627 rent.
708 3579 854 3630 Leid.
889 3582 1034 3633 Voss.
1063 3589 1107 3633 1.
1132 3592 1188 3635 et
1209 3583 1375 3647 Βοῦς.
1399 3586 1452 3633 ni
1483 3591 1683 3635 mamre.
1752 3587 1981 3639 Florent.
2015 3587 2168 3649 Voss.
2193 3589 2242 3635 1.
2266 3593 2322 3635 et
2346 3585 2486 3635 Dan.
2511 3584 2737 3647 fugae-⁸

555 3639 655 3690 Ed.
679 3658 760 3708 pr.
785 3644 997 3696 Venett.
1023 3649 1172 3700 Rom.
1193 3649 1552 3699 Mediol.Vet.
1571 3665 1657 3699 an.
1676 3654 1823 3702 1474.
1858 3652 2052 3704 Veron.
2067 3648 2344 3704 Junt.A1d.
2361 3649 2529 3700 Colin.
2552 3646 2737 3711 Gryph-

554 3705 671 3756 ⁸11ae
697 3715 828 3759 vett.
854 3727 967 3761 cum
996 3713 1225 3762 Freinsh.
1261 3714 1455 3764 Cellar.
1495 3714 1678 3766 Pitisc.
1715 3717 1848 3766 Tell.
1885 3717 2062 3768 Maitt.
2085 3716 2245 3765 Snak.
2268 3716 2427 3766 Barb.
2449 3715 2574 3779 Rip.
2595 3715 2740 3765 Cunt-

555 3776 611 3819 et
645 3772 821 3849 Rom.-
832 3785 1154 3839 processer015
1188 3779 1304 3828 Pal.
1344 3784 1391 3828 1.
1426 3786 1481 3828 et
1505 3779 1643 3831 Mer.
1672 3789 1979 3844 praecesserat
1991 3799 2012 3841 ‚·
2046 3783 2198 3833 Voss.
2221 3786 2271 3831 2.
2297 3786 2606 3845 percepeme5
2638 3777 2739 3827 Flo·

554 3843 698 3914 rent.
736 3840 880 3889 Lend.
921 3843 1069 3892 Voss,
1094 3848 1141 3893 1.
1177 3844 1349 3904 Bong.
1388 3842 1557 3897 Amst.
1588 3852 1642 3895 et
1676 3847 1840 3911 Lugd.
1873 3854 2181 3911 praeceperat,
2218 3847 2376 3912 quod,
2413 3843 2738 3909 probantibus

553 3899 754 3964 Medio,
776 3904 964 3979 ljleum.
990 3915 1044 3957 et
1068 3908 1278 3967 Cunzio‚
1306 3909 1507 3971 recepit
1531 3910 1851 3963 Schmieder.
1919 3914 2029 3962 Pro
2047 3913 2180 3973 jussi
2202 3910 2337 3976 qnod
2368 3910 2622 3961 exhibent
2638 3907 2737 3972 Flo·

554 3970 688 4041 gent..
712 3966 858 4015 Lenl.
880 3978 935 4018 et
958 3972 1106 4022 Voss.
1133 3978 1180 4023 1.
1204 3978 1255 4023 2.
1292 3975 1464 4038 vulgg.
1508 3975 1677 4038 Βοῦς.
1720 3977 1856 4029 Mer.
1892 3978 2046 4029 Frob.
2081 3979 2332 4028 Amst.'et
2353 3975 2525 4039 Lugd.
2566 3976 2737 4026 habent

543 4035 715 4089 yusat.
782 4030 901 4108 Ald.
923 4036 1040 4111 Col.
1075 4045 1132 4088 et
1167 4039 1291 4089 Bas.
1325 4054 1496 4100 agmen
1517 4041 1748 4091 con-stitit.
1817 4044 1972 4092 Voss.
1999 4049 2044 4093 1.
2077 4041 2548 4107 eripisioictoriaem.
2609 4040 2737 4092 Voss·

555 4096 606 4142 2.
638 4100 684 4143 et
715 4094 898 4171 partus
915 4102 1149 4162 femiam
1182 4103 1279 4153 Ed.
1304 4119 1385 4167 pr.
1408 4106 1622 4154 Venett.
1649 4106 1863 4159 Medici.
1885 4108 2010 4157 Vet.
2031 4122 2116 4158 an.
2150 4110 2296 4157 1474.
2318 4106 2516 4159 Veron.
2538 4113 2595 4156 et
2616 4105 2732 4154 Mer.

553 4162 603 4205 et
623 4158 832 4237 Donata
848 4164 1065 4222 facilius.
1132 4168 1361 4217 Florem.
1395 4169 1542 4220 Leid.
1580 4167 1729 4220 Voss.
1755 4176 1799 4221 1.
1836 4182 1893 4222 et
1917 4174 2088 4237 Bong.
2124 4187 2265 4236 quam
2283 4187 2335 4222 oe
2353 4173 2601 4236 sequa—4
2633 4168 2734 4217 Flo-

555 4230 695 4273 rent.
725 4225 872 4274 Leid.
899 4230 1050 4280 Voss.
1073 4236 1123 4281 2.
1168 4239 1223 4282 et
1259 4234 1431 4297 Bong.
1471 4240 1627 4285 tamen
1648 4237 1869 4296 fortuna.
1937 4239 2080 4289 Leid.
2105 4237 2302 4288 omittit
2326 4237 2558 4301 partium.
2623 4234 2732 4282 Mox

551 4301 732 4340 omnes
756 4291 908 4344 codd.
930 4302 984 4347 et
1006 4296 1127 4347 edd.
1151 4305 1283 4350 vett.
1307 4305 1362 4351 et
1385 4308 1607 4352 recentt.
1647 4300 1891 4354 Thessalos
1911 4319 1951 4355 e.
1972 4306 2034 4355 ad
2066 4319 2118 4355 se
2148 4303 2308 4354 vocari
2326 4302 2488 4365 jubet.
2538 4303 2554 4331 ‘
2577 4297 2732 4354 Frein-
