2978 4933
843 385 961 433 οι..
1006 383 1165 432 cxl.
1208 368 1276 433 4.
1356 385 1430 433 A.
1478 382 1600 433 cn.
1645 385 1719 433 N.
1763 368 2473 436 3:33.191

266 538 400 596 est.
488 528 685 595 Illam
705 529 927 614 ipsam
956 528 1310 603 fortunam,
1335 549 1471 613 qua
1503 532 1843 615 aspirante
1861 551 1965 595 res
1996 539 2138 597 tam
2160 552 2476 617 prospere

264 641 596 714 gesserat,
626 633 999 710 verebatur,
1028 652 1154 697 nec
1185 632 1427 718 injuria
1456 653 1549 698 ex
1576 634 1707 714 his,
1744 654 1909 717 quae·
1931 636 2276 701 tribuisset
2304 638 2477 718 sibi;
2559 700 2561 702 .

262 755 611 820 quamque
635 736 977 800 mutabilis
1007 736 1203 814 esset,
1220 738 1621 821 reputabat:
1669 743 1691 773 ‘
1707 759 2299 823 unamsuperesse
2318 761 2476 804 noc-—

257 844 419 916 tem,
435 839 807 923 *quae-tanti
839 837 1236 904 discriminis
1259 847 1622 907 moraretur
1665 849 1971 908 eventum
1997 843 2054 908 :'
2097 843 2223 908 21.
2252 862 2477 908 rursus

258 943 681 1021 occurrebat,
763 947 785 977 ‘
807 943 1066 1027 majora
1121 943 1439 1026 periculis
1485 946 1801 1028 praemia:
1846 951 1913 1009 et
1963 947 2143 1010 sicut
2200 945 2478 1011 dubium

260 1052 480 1123 esset,
512 1065 598 1111 an
628 1046 960 1126 vinceret3
1005 1048 1100 1111 ita
1129 1046 1296 1111 illud
1330 1048 1572 1132 utique
1602 1054 1858 1112 certum
1889 1068 2065 1125 esse,
2098 1049 2381 1114 honeste
2412 1055 2494 1113 et⁴

257 1168 422 1213 cum
449 1160 695 1232 magna
724 1148 922 1214 laude
952 1148 1388 1217 moriturum?
1445 1150 1842 1235 22.·1taque
1868 1155 1890 1185 ‘
1915 1171 2202 1235 corpora
2227 1152 2491 1217 milites*

255 1271 501 1317 curare
524 1251 540 1278 ’
562 1252 823 1336 jussit}
869 1255 891 1286 ⁴¹
910 1272 993 1317 ac
1052 1252 1290 1317 deinde
1338 1254 1540 1317 tertia
1567 1253 1798 1336 vigilia
1817 1261 1844 1289 ⁰
1886 1255 2240 1319 instructos
2277 1261 2344 1319 et
2373 1276 2478 1320 ar-

243 1361 491 1421 matos
519 1354 713 1421 esse.'
755 1356 1011 1440 ipsein
1052 1356 1293 1440 jugum
1344 1356 1511 1420 editi
1555 1357 1811 1421 montis
1860 1358 2478 1434 ascendit‚.multis-

255 1456 397 1544 que
428 1458 909 1524 collucentibus
934 1459 1204 1524 facibus
1235 1461 1453 1544 patrio
1481 1480 1665 1524 more
1696 1459 2102 1526 sacrificium
2123 1461 2277 1525 Diis
2305 1476 2479 1545 prae-

220 1560 531 1627 'sidibus
549 1570 577 1610 Ρ
606 1561 745 1627 loci
778 1560 974 1629 fecit.
1002 1584 1006 1591 ¹
1059 1562 1182 1629 23.·
1212 1562 1507 1648 Jamque
1535 1564 1819 1644 tertium,
1865 1564 2044 1629 sicut
2069 1571 2481 1650 praeceptum

251 1671 437 1744 erat,
473 1666 732 1749 signum
771 1666 937 1730 tuba
976 1667 1174 1731 miles
1206 1674 1586 1750 acceperat,
1619 1668 1842 1732 itineri
1875 1667 2071 1731 simul
2100 1675 2376 1751 paratus
2409 1674 2482 1733 et

249 1769 545 1854 praelio:
590 1771 613 1804 ‘
630 1770 1060 1854 strenueque’
1072 1769 1253 1855 jussi
1287 1775 1309 1805 ‘
1341 1770 1750 1854 procedere‚'
1782 1771 2039 1835 oriente
2059 1771 2213 1837 luce
2243 1791 2482 1855 perve-

245 1877 500 1938 nerunt
523 1871 611 1936 ad
627 1873 1026 1956 angustiaS,‘¹
1057 1893 1232 1958 quas
1256 1893 1591 1957 occupare
1614 1873 2071 1941 decreverant.
2147 1873 2257 1938 24.
2291 1880 2312 1909 ‘
2336 1874 2480 1938 Dab

247 1976 437 2041 riufn
492 1975 804 2058 trigintar
844 1977 1000 2041 inde
1047 1978 1273 2043 stadia
1330 1973 1607 2043 abesse'
1670 1977 2002 2061 praemissi
2045 1977 2437 2043 indicabant
2466 1998 2482 2042 ε

246 2086 425 2143 tunc
457 2086 477 2114 ‘
500 2079 866 2144 consistere
893 2099 1129 2163 agmen
1150 2079 1169 2107 '
1186 2080 1422 2165 jubet}
1470 2080 1803 2167 armisque
1833 2080 1968 2165 ipsi
1999 2081 2240 2146 sumtis
2268 2081 2482 2145 aciem

245 2181 640 2248 ordinabat.
730 2182 938 2246 Dario
969 2184 1341 2249 adventum
1368 2186 1662 2251 hostium
1694 2184 1928 2269 pavidi
1967 2191 2265 2268 agrestes
2316 2202 2488 2247 nun-

248 2286 630 2363 tiaverunt,
651 2285 771 2350 vix
801 2285 1100 2351 credenti
1154 2308 1506 2354 occurrere
1556 2289 1784 2367 etiam,
1825 2306 1999 2372 quos
2047 2291 2121 2352 ut
2153 2286 2481 2370 fugientes

324 2475 351 2500 '⁶
389 2466 590 2549 Milites
599 2468 752 2530 jussit
772 2484 967 2533 corpora
987 2469 1089 2519 cibo
1106 2449 1153 2519 et
1174 2471 1330 2535 quiete
1350 2460 1557 2539 reficere.

1196 2601 1376 2623 m
1379 2604 1528 2623 ὈΜ
1533 2605 1560 2623 O

249 2706 482 2752 venerat.
546 2701 676 2749 Mox
712 2700 904 2751 Fauch.
933 2701 1126 2766 proprie
1158 2705 1392 2763 gesserat.
1459 2702 1655 2751 Veron.
1680 2701 1805 2752 ΑΜ.
1842 2707 1899 2752 et
1933 2702 2059 2751 Bas..
2092 2716 2154 2751 ex
2185 2700 2283 2758 iis‚·
2317 2700 2484 2761 Bong.

249 2770 316 2817 eit
337 2766 443 2816 his.
500 2764 636 2815 Dan.
677 2766 796 2816 Pul.
833 2770 879 2815 1.
935 2767 1083 2816 Leid.
1126 2768 1280 2817 Voss.
1322 2772 1370 2815 1.
1411 2766 1631 2817 Venett.
1671 2768 1868 2817 Veron.
1913 2774 1968 2817 et
2010 2768 2145 2817 Mer.
2178 2779 2486 2829 quamque-*—

248 2836 316 2881 21
359 2832 559 2880 Russus
579 2832 850 2881 occurrebat
871 2834 1016 2883 Dan.
1072 2832 1264 2882 Rursus
1284 2831 1592 2881 occurrebant
1621 2833 1775 2882 Voss.
1807 2837 1990 2882 2.-22
2024 2834 2174 2882 Voss.
2196 2836 2247 2881 2.
2281 2832 2381 2893 ipse
2402 2829 2490 2888 ju·

246 2912 397 2958 gum,
424 2895 596 2945 omisso
617 2896 693 2958 τιὸ
710 2897 761 2946 in
774 2913 794 2955 ‚·
829 2897 952 2947 Put.
975 2897 1172 2947 omittit
1192 2896 1252 2946 τὸ
1273 2899 1389 2961 ipse.
1458 2897 1604 2947 Leid.
1632 2906 1685 2947 et
1710 2898 1845 2948 Dan.
1868 2899 2072 2947 escendit
2089 2914 2109 2956 ,·
2144 2898 2296 2954 et-jta
2317 2897 2485 2958 Βοῦς.

248 2967 303 3011 2.
330 2969 431 3011 est
466 2967 644 3010 tumen
666 2968 922 3011 mutatum
947 2962 998 3010 in
1021 2962 1249 3012 ascendit.
1314 2963 1487 3026 Bong.
1514 2968 1561 3013 1.
1586 2968 1633 3012 2.
1656 2963 1801 3014 Leid.
1843 2970 1898 3012 et
1934 2965 2088 3013 vose.
2114 2966 2160 3011 1.
2195 2961 2315 3019 Dis,
2349 2958 2489 3023 quod

249 3027 518 3077 omissum
549 3032 629 3075 est
660 3026 711 3075 in
747 3027 864 3075 Pal.
888 3032 1071 3077 1.-23
1110 3027 1263 3078 Leid.
1295 3030 1420 3080 sicut
1450 3034 1705 3093 proecepto.
1773 3030 1914 3078 Dan.
1939 3029 2083 3079 Pith:
2105 3028 2229 3077 Put.
2252 3026 2420 3088 Bong.
2439 3030 2488 3075 1.

250 3097 306 3141 2.
340 3090 508 3141 Leid.
546 3097 601 3139 et
621 3092 774 3141 Voss.
802 3097 848 3142 1.
882 3093 1073 3141 itinere.
1113 3094 1311 3157 ,Bong.
1351 3094 1502 3143 Leid.
1542 3101 1596 3143 et
1640 3094 1791 3143 Voss.
1833 3097 1881 3144 1.
1915 3107 1972 3143 ιισ
2002 3093 2185 3157 proelio.
2251 3092 2401 3140 Voss.
2437 3093 2489 3139 2.

246 3158 362 3206 lawe
396 3156 703 3221 perveniunt.
732 3160 748 3185 ⁴
772 3157 957 3207 Scribe
994 3160 1269 3208 decreverat
1307 3173 1401 3221 pro
1433 3161 1740 3209 decreverant
1750 3176 1771 3217 ,·
1804 3173 1913 3208 non
1933 3158 2150 3207 militum
2188 3162 2271 3205 est
2309 3155 2492 3204 decer-

248 3237 414 3281 nere,
451 3221 547 3270 sed
570 3220 751 3270 ducis-⁹
775 3222 1089 3273 ”Bothe—24
1127 3224 1251 3272 Bas.
1281 3224 1442 3272 stadia
1475 3226 1657 3274 adesse.
1705 3225 1854 3275 ‚Mox
1883 3225 2050 3287 Bong.
2084 3221 2230 3272 Leid.
2266 3221 2419 3270 Vos&
2444 3223 2492 3271 1.

251 3286 447 3353 Lngd.
473 3292 532 3335 et
552 3286 725 3336 Amst.
750 3288 957 3338 ordinat.
1025 3288 1192 3337 Paulo
1215 3294 1337 3354 post
1360 3290 1529 3354 Bong.
1555 3295 1601 3339 1.
1628 3296 1684 3339 et
1706 3290 1860 3339 Voss.
1881 3293 1933 3340 2.
1956 3289 2131 3339 ostium
2153 3300 2247 3352 pro
2269 3285 2490 3336 hostium.

1270 3416 1487 3468 NOTAE

315 3528 343 3553 ⁰
384 3516 560 3586 Tertia
579 3516 771 3581 vigilia]
805 3517 930 3568 Nox
969 3520 1085 3567 tota
1115 3521 1341 3581 quatuor
1423 3516 1725 3566 Graecornm
1782 3516 2105 3581 praesertim⁴
2137 3513 2333 3579 opinio.
2398 3512 2488 3584 ‘Id

251 3593 308 3647 i'n
329 3602 522 3661 partes
552 3586 777 3659 aequales
801 3583 1115 3659 abantiquis
1142 3591 1340 3643 tribue·
1422 3606 1594 3642 causae
1641 3599 1759 3642 erat
1799 3607 1892 3643 cur
1926 3592 2098 3656 aliquo
2142 3588 2306 3640 delati
2348 3589 2491 3636 Deos

253 3676 444 3730 batur,
467 3686 662 3736 easque
690 3686 784 3735 pro
816 3669 937 3720 anni
971 3678 1207 3734 tempore
1229 3670 1340 3719 lon·
1417 3670 1523 3722 loci
1579 3669 1832 3735 praesides
1889 3667 2166 3719 conciliare
2221 3663 2488 3715 sacrifieiis

252 3754 439 3815 gion-es
459 3752 558 3799 'aut
578 3746 874 3810 breviores;
901 3742 1086 3813 quibus
1107 3741 1341 3811 singuli8‚
1425 3746 1721 3797 studerent.

252 3828 383 3893 quia
404 3823 626 3889 singulae
650 3821 868 3873 miiitum
892 3821 1144 3874 custodiae
1168 3821 1340 3886 vigila·
1488 3831 1516 3865 ‘1
1547 3823 1628 3873 Aa
1644 3820 1917 3885 angustias]
1954 3818 2234 3886 Angustias
2256 3817 2490 3884 intellige

251 3905 413 3967 bant,
440 3900 629 3966 vigiliae
653 3915 839 3951 nomen
874 3901 999 3965 ipsis
1029 3902 1196 3952 noctis
1223 3901 1338 3965 par·
1422 3897 1584 3966 Pylas
1609 3901 1768 3965 Syriae
1794 3912 1924 3965 quas
1956 3905 2358 3962 praetergressus
2378 3885 2491 3946 sde-

254 3982 413 4031 tibus
438 3979 694 4028 inditum:
738 3980 899 4029 tertia
931 3993 1138 4044 semper
1170 3993 1200 4030 a
1234 3985 1340 4029 me·
1422 3983 1528 4039 rat,
1550 3977 1635 4026 vel
1658 3976 1784 4025 alias
1807 3973 2103 4037 citeriore-⁸3
2132 3976 2330 4040 quales,
2352 3973 2490 4024 utin

256 4060 349 4108 dia
373 4063 538 4107 nocte
563 4056 859 4105 inchoabat.
1420 4060 1663 4104 montosa
1704 4054 1938 4119 regione,
1977 4052 2165 4102 multas
2203 4051 2362 4102 fuisse
2397 4051 2492 4099 du-

327 4143 356 4176 1’
404 4133 525 4183 Diis
566 4131 873 4197 praesidibus]
946 4129 1108 4183 Suum
1153 4131 1342 4196 cuique
1421 4130 1566 4181 bium
1585 4146 1689 4180 non
1713 4135 1814 4181 est.

259 4214 384 4262 loco
422 4225 611 4261 numen
661 4226 753 4261 seu
792 4211 999 4275 genium
1043 4210 1342 4274 praesidere,
1487 4212 1517 4240 Υ
1547 4206 1803 4274 Triginta]
1838 4208 2074 4262 Quatuor
2107 4203 2221 4256 fere
2247 4208 2490 4271 passuum

269 4286 455 4354 unum,
515 4289 780 4353 pluresve,
835 4287 1185 4353 vulgatissima
1241 4285 1346 4337 fuit
1423 4284 1601 4338 millia.
1663 4307 1666 4312 ·
1836 4300 1840 4305 ·
2400 4285 2407 4290 '
