2978 4933
734 399 995 450 surm..
1043 398 1122 447 ru
1174 400 1243 461 q.
1290 392 1641 450 cunnum
1693 402 1842 461 ms.
1891 403 1974 452 ιι.
2319 390 2452 457 113

233 547 407 630 prius
434 563 682 625 operam
703 543 874 607 daret
907 544 1144 613 liberis:
1185 553 1248 605 et
1274 544 1680 607 incolumitate
1723 548 1928 628 patriae
1955 548 2207 623 firmata,
2234 549 2317 610 ita
2339 550 2447 613 ds-

236 665 407 705 mum
450 645 526 705 de
562 643 924 705 incremento
965 643 1094 724 ejus
1137 643 1471 725 cogitaret!
1552 647 1612 707 3.
1657 645 1893 727 Quippe
1935 655 2150 726 praeter
2190 647 2448 710 Alexan-

236 741 416 803 drum
446 761 621 803 nemo
650 761 726 803 ex
752 740 1009 823 Philippi
1056 743 1350 823 sanguine
1378 742 1600 824 dignus
1626 743 1869 824 imperio
1897 753 2220 825 supererat,
2262 745 2441 807 Cleo-

236 850 433 920 patrae
463 841 669 902 sobole
694 861 802 922 per
841 840 1258 923 Olympiadem
1286 841 1656 922 intercepta:
1698 832 1975 902 Aridaeus
2014 841 2288 903 sordibus
2316 863 2442 905 ma-

235 938 396 999 terni
426 939 708 1018 generis,b
734 948 795 1000 et
823 940 1059 1000 turbata
1084 947 1281 999 mente
1322 936 1745 1001 Macedoniam
1787 939 2074 1001 dedecere
2100 942 2443 1020 putabatur.

237 1039 296 1095 4.
345 1034 572 1097 Verum
600 1035 702 1096 ille
751 1036 965 1117 quietis
1004 1036 1348 1117 impatiens,
1374 1034 1520 1098 nihil
1560 1036 1676 1097 nisi
1723 1037 1967 1113 bellum,
1996 1046 2058 1100 et
2098 1059 2171 1099 ex
2201 1039 2446 1101 victoria

238 1133 498 1214 gloriam
539 1132 782 1194 assidua
808 1133 1170 1214 cogitatione
1209 1131 1504 1194 volvebat.
1590 1133 1797 1213 Igitur,
1835 1139 1853 1169 ‘
1874 1134 1999 1195 Vos
2048 1135 2477 1215 quidem,’in-‘

239 1231 396 1310 quit,
424 1238 443 1266 ⁴
476 1240 543 1291 ut
569 1233 787 1312 probos
816 1241 876 1292 et
904 1240 1173 1293 amantes
1212 1232 1420 1312 patriae
1447 1231 1607 1292 viros
1645 1230 1844 1308 decet,
1869 1232 1945 1294 de
1993 1233 2319 1294 commodis
2346 1236 2450 1296 ad·

237 1328 554 1409 versisque
579 1327 738 1389 illius
779 1328 944 1389 haud
972 1329 1099 1391 sine
1147 1348 1333 1390 causa
1360 1328 1580 1390 soliciti
1617 1329 1786 1390 estis.
1869 1334 1929 1392 5.
1970 1318 2238 1393 Arduum
2267 1332 2447 1407 enim,

238 1424 377 1506 quis
407 1424 634 1505 neget?
675 1444 827 1507 opus
872 1424 1156 1501 ordimur,
1191 1425 1354 1507 quod
1397 1426 1580 1487 semel
1626 1432 1846 1487 temere
1885 1438 2167 1507 coeptum,
2195 1429 2245 1489 si
2270 1450 2448 1491 even·

240 1534 339 1584 tus
369 1532 627 1604 arguat,
676 1542 811 1584 sera
862 1523 1211 1604 poenitentia
1264 1542 1642 1604 nequaquam
1683 1522 2105 1586 emendaverit.
2188 1527 2248 1587 6.
2294 1526 2450 1588 Nam

241 1630 573 1701 antequam
609 1621 742 1682 vela
786 1623 1107 1697 solvamus,
1149 1621 1427 1701 navigare
1462 1621 1736 1696 velimus,
1764 1641 1841 1683 an
1881 1621 2205 1702 quiescere,
2248 1634 2456 1685 nostra

240 1719 611 1781 consultatio
636 1730 763 1783 est:
803 1740 940 1783 cum
969 1720 1162 1782 ventis
1186 1720 1584 1800 fluctibusque
1621 1739 1731 1780 nos
1771 1720 2218 1795 crediderimus,
2260 1721 2317 1780 in
2359 1722 2451 1803 ip-

242 1838 451 1889 sorum
479 1817 719 1878 arbitrio
746 1819 938 1879 omnis
968 1827 1172 1879 noster
1215 1837 1429 1878 cursus
1471 1816 1604 1878 erit.
1686 1820 1746 1881 7.
1791 1818 2003 1899 Itaque
2048 1837 2170 1879 non
2208 1820 2459 1880 moleste

242 1917 377 1977 fero
424 1925 683 1977 vestram
732 1916 1070 1997 opinionem
1101 1936 1137 1976 a
1180 1917 1481 1977 sententia
1523 1934 1656 1977 mea
1703 1915 2032 1986 dissidere}
2073 1917 2216 1998 quin
2260 1917 2459 1996 potius

245 2013 688 2096 simplicitatem
706 2008 914 2089 laudo,
941 2034 1168 2094 vosque
1195 2033 1427 2095 precor,
1453 2023 1524 2074 ut
1550 2014 1610 2073 in
1633 2013 1706 2073 iis
1734 2013 1911 2074 etiam
1937 2013 2016 2074 de
2041 2012 2257 2094 quibus
2284 2032 2461 2094 porro

243 2113 558 2185 referetur,
601 2111 813 2173 eodem
854 2112 1129 2173 instituto
1176 2112 1447 2172 utamini.
1534 2114 1595 2171 8.
1639 2111 1829 2172 Amici
1868 2130 2095 2190 regum,
2145 2109 2196 2169 si
2235 2110 2337 2189 qui
2384 2130 2459 2170 eo

245 2209 492 2271 nomine
523 2208 689 2290 digni
714 2219 876 2283 sunt,
903 2230 1024 2272 non
1053 2219 1177 2270 tam
1206 2208 1454 2289 gratiam
1483 2226 1903 2289 eorum,quam
1932 2205 2250 2267 utilitatem
2279 2217 2460 2287 atque

247 2307 435 2370 decus
462 2308 528 2367 in
556 2307 807 2367 consilio
834 2307 1078 2368 habent.
1129 2294 1278 2376 kQui
1309 2305 1479 2366 aliter
1499 2305 1626 2366 fieri
1652 2313 1879 2379 censet,
1908 2323 2087 2385 quam
2112 2303 2241 2384 ipse
2270 2303 2463 2366 factu-

241 2425 339 2466 rus
370 2414 529 2479 erat,
557 2424 676 2465 non
704 2405 943 2484 instruit
970 2403 1393 2482 consultorem,
1428 2403 1537 2464 sed
1556 2402 1798 2486 decipit.
1880 2405 1939 2464 9.
1985 2403 2284 2478 Ceterum,
2302 2413 2369 2463 ut
2396 2416 2459 2465 et

244 2504 415 2564 vobis
444 2502 684 2563 consilii
710 2501 827 2562 mei
854 2503 1005 2563 ratio
1049 2512 1273 2582 pateat,
1314 2513 1541 2565 certum
1587 2502 1803 2574 habeo,
1835 2500 1979 2563 nihil
2006 2501 2201 2562 minus
2243 2521 2460 2563 conve-

246 2601 371 2662 nire
401 2602 584 2663 rebus
613 2602 782 2674 meis,
808 2620 991 2681 quam
1021 2600 1386 2662 dilationem.
1475 2603 1572 2661 10.
1616 2601 1793 2660 Omni
1820 2620 1956 2679 quae
1983 2598 2141 2658 circa
2168 2598 2457 2659 Macedo-

245 2699 407 2766 niam
457 2697 604 2759 colit
642 2699 916 2759 barbarie
952 2710 1189 2779 pacata,
1214 2699 1609 2778 extinctisque
1639 2697 1987 2757 Graecorum
2027 2694 2309 2770 motibus,
2338 2696 2455 2756 for·
2553 2737 2557 2745 ι

245 2794 548 2856 tissimum
584 2795 1180 2876 florentissimumque
1229 2798 1549 2856 exercitum
1578 2794 1701 2855 otio
1741 2804 1803 2855 et
1830 2791 2063 2854 desidia
2090 2791 2272 2852 dilabi
2300 2794 2454 2874 pati-

247 2911 415 2953 mur:
464 2911 545 2952 an
573 2893 770 2974 potius
798 2893 859 2952 in
910 2893 1583 2974 opulentissimasAsiae
1621 2891 1894 2972 regiones
1928 2889 2285 2964 inducimus,
2312 2891 2454 2951 olim

245 2990 697 3070 possessionem
729 2989 858 3070 ejus
888 3010 992 3071 spe
1037 2991 1433 3073 complexum,
1462 3000 1526 3051 et
1551 2989 1798 3072 praemia
1834 2989 2123 3060 laborum,
2152 3008 2304 3070 quos
2348 2988 2452 3049 diu

249 3089 361 3148 sub
388 3096 565 3169 patre
592 3105 746 3172 meo,
776 3087 995 3149 deinde
1023 3090 1195 3151 nobis
1224 3090 1648 3170 imperantibus
1678 3088 1913 3149 tertium
1945 3087 2072 3167 jam
2099 3104 2319 3146 annum
2351 3106 2454 3146 ex-

246 3185 475 3259 hausit,
505 3204 580 3246 ex
606 3184 919 3247 Persarum
963 3187 1166 3268 spoliis
1202 3186 1621 3268 expetentem?
1708 3188 1803 3245 ll.
1847 3185 2080 3245 Novum
2117 3183 2313 3244 adhuc
2339 3183 2452 3243 im-

245 3284 478 3364 perium
512 3283 677 3343 Darii
703 3293 817 3357 est,
845 3293 905 3344 et
929 3285 1239 3346 interfecto
1269 3286 1521 3365 Bagoa‚⁰
1547 3286 1716 3365 cujus
1743 3282 2030 3344 beneficio
2058 3291 2288 3361 regnat,
2317 3301 2451 3342 cru-

247 3379 516 3441 delitatis
539 3388 601 3440 et
623 3379 1067 3459 ingratitudinis
1097 3384 1495 3463 suspicionem
1519 3382 1678 3464 apud
1699 3400 1840 3441 suos
1866 3379 2149 3441 incurrit:
2192 3398 2326 3458 quae
2354 3396 2448 3438 res

250 3478 510 3559 optimos
532 3496 757 3552 eornm,
785 3479 888 3559 qui
916 3491 1147 3559 parent,
1177 3480 1317 3540 odio
1363 3481 1649 3540 adversus
1697 3478 2055 3558 imperantes
2098 3473 2365 3555 implent,
2385 3482 2449 3533 et

251 3576 325 3636 ad
349 3575 643 3655 obsequia
670 3576 994 3655 segniores,
1023 3588 1125 3638 aut
1151 3579 1329 3639 etiam
1365 3578 1712 3658 praefractos
1752 3574 2032 3636 reddunt.
2120 3574 2217 3632 12.
2261 3571 2451 3630 Num-

251 3674 394 3754 quid
426 3672 788 3747 sedebimus,
817 3673 959 3735 dum
1000 3676 1321 3738 auctoritas
1371 3676 1501 3755 ejus
1540 3676 1959 3742 confirmetur;
2002 3680 2065 3731 et
2087 3671 2262 3730 rebus
2290 3666 2450 3729 domi

252 3792 356 3851 per
404 3771 591 3831 otium
635 3772 999 3852 compositiS,
1037 3774 1194 3836 ultro
1237 3774 1459 3834 bellur-n
1509 3775 1568 3833 in
1622 3769 2039 3832 Macedoniam
2088 3765 2455 3827 transferat?

253 3868 458 3929 Multa
501 3867 820 3929 celeritatis
848 3871 1093 3949 praemia
1136 3881 1295 3945 sunt,
1325 3891 1460 3951 quoe
1491 3870 1659 3929 nobis
1700 3866 2074 3928 cessantibus
2100 3865 2177 3925 ad
2220 3864 2454 3924 hostem

251 3965 653 4046 pertinebunt.
743 3968 838 4027 13.
881 3967 1171 4048 Magnum
1200 3970 1260 4028 in
1306 3967 1592 4049 ejusmodi
1623 3964 1875 4044 negotiis
1916 3972 2284 4024 momentum
2315 3955 2453 4044 post

255 4084 318 4124 se
371 4061 552 4123 trabit
598 4062 788 4141 prima
838 4065 1164 4127 animorum
1216 4068 1551 4129 inclinatio:
1591 4075 1653 4126 at
1699 4063 1802 4124 illa
1855 4081 2086 4143 semper
2138 4062 2452 4142 occupanti

313 4236 339 4271 ¹³
377 4236 663 4289 Athenaeus
683 4239 734 4289 in
750 4238 894 4290 Hist.
910 4238 976 4289 de
989 4238 1312 4304 Philopatre.
1459 4245 1481 4271 ⁸
1515 4236 1663 4288 Curt.
1687 4246 1765 4287 vr.
1790 4238 1839 4285 4.
1865 4237 1945 4286 10.

257 4313 400 4365 Plut.
428 4313 576 4367 Alex.
598 4324 731 4369 extr.
749 4317 887 4369 Just.
905 4331 1033 4370 xm.
1056 4322 1103 4369 2.

390 4398 569 4462 Delph.
591 4385 778 4450 ee'Var.
797 4400 927 4453 ctas.
1269 4399 1333 4455 Q.
1363 4399 1505 4448 cm.
2277 4389 2331 4445 Η
