2978 4933
769 408 1026 458 surm..
1074 406 1154 455 m
1203 384 1671 468 mcum-mu
1719 407 1869 456 mn.
1913 409 1998 457 11.
2337 396 2501 460 121-

261 546 474 612 denda
500 547 504 551 ’
530 551 888 613 Macedonia
941 551 1313 632 cogitarentl
1403 549 1578 611 Nulli
1631 555 1960 613 ceterorum
1996 550 2234 613 ‘ducum
2292 543 2465 634 grata

260 650 459 710 oratio
487 649 618 712 fuit.
702 654 801 713 24.
844 657 865 685 ⁸
888 650 957 710 Id
984 651 1239 715 fortasse
1271 649 1579 709 Memnoni
1621 648 2114 730 Rhodio'probari
2142 669 2339 730 posse,
2367 651 2465 712 cui

258 748 553 828 expediat
578 749 798 810 bellum
824 747 996 823 trahi,
1024 769 1144 828 quo
1172 747 1397 808 diutius
1435 747 1807 821 honoribus,⁰
1835 746 2269 828 stipendiisque
2285 749 2465 829 regiis

256 847 700 926 perfrueretur;
744 847 943 908 Persis
968 848 1317 908 commissos
1344 844 1484 907 fidei
1512 865 1641 906 suae
1669 846 1920 927 populos
1944 844 2196 925 prodere
2232 845 2462 924 puden-

257 943 411 1003 dum
438 945 662 1006 videri:
709 964 903 1024 neque
951 944 1109 1027 apud
1157 963 1358 1025 regem
1402 944 1668 1003 excusari
1710 963 1907 1024 posse,
1936 942 2040 1022 qui
2082 943 2260 1023 long-e
2289 944 2464 1005 aliam

255 1041 409 1101 belli
440 1043 685 1122 gerendi
712 1044 997 1104 rationem
1023 1043 1507 1125 praescripsisset.
1581 1043 1682 1103 25.
1725 1041 1960 1122 Quippe
1990 1041 2228 1114 Darius,
2256 1041 2469 1102 audito‘

254 1139 676 1200 Alexandrum
701 1160 775 1201 ex
816 1139 1179 1203 Macedonia
1204 1139 1482 1213 movisse,
1510 1137 1708 1200 literas
1739 1138 1816 1199 ad
1845 1138 2158 1220 praefectos
2186 1140 2328 1199 suos
2354 1138 2466 1198 mi-

259 1247 449 1308 serat,
484 1237 801 1317 imperans,
846 1246 861 1273 ‘
884 1249 952 1300 ut
993 1239 1383 1300 insanientem
1423 1236 1682 1317 Philippi
1720 1236 2228 1328 adolescentulum
2256 1236 2465 1317 puerili

247 1335 512 1395 ¹verbere
558 1330 752 1397 aetatis
802 1345 863 1396 et
909 1332 1267 1398 conditionis
1317 1336 1706 1410 admonitum,
1734 1334 1952 1396 deinde
1979 1353 2275 1416 purpurea
2300 1345 2467 1395 veste
2551 1330 2565 1339 ”

255 1429 564 1505 indutum,
593 1435 1023 1515 quamprimum
1050 1435 1159 1496 sibi
1185 1435 1447 1496 vinctum
1478 1434 1880 1496 adducerent:
1924 1451 2103 1494 naves
2129 1430 2318 1512 ipsius
2344 1451 2467 1492 una

254 1547 403 1589 cum
449 1531 647 1591 nautis
696 1533 842 1592 mari
895 1531 1344 1613 demergerent:
1399 1532 1617 1592 milites
1666 1550 1876 1592 omnes
1924 1528 2001 1590 ad
2038 1529 2246 1590 ultima
2287 1530 2464 1590 maris

256 1625 563 1706 Erythraei
591 1626 725 1688 loca
751 1626 1133 1708 deportarent
1150 1627 1186 1689 :’
1227 1629 1329 1691 26.
1359 1626 1512 1688 adeo
1538 1648 1664 1708 prae
1693 1625 1968 1709 superbia
1996 1625 2176 1685 futuri
2201 1630 2467 1698 securus,

252 1733 315 1783 et
346 1723 600 1804 ignarus
630 1726 804 1786 sortis
838 1745 986 1798 susc,
1019 1745 1259 1786 omnem
1286 1726 1563 1786 humanm
1588 1724 2005 1786 imbecillitatis
2034 1743 2276 1784 sensum
2318 1743 2464 1783 exu-

252 1832 412 1895 erat,
443 1827 460 1855 ‘
478 1824 995 1903 consanguineum
1024 1825 1217 1885 Deum
1236 1823 1252 1846 ’
1297 1843 1362 1884 se
1394 1823 1613 1898 ferens,
1641 1824 1833 1903 magis
1858 1821 2024 1902 quod
2051 1816 2318 1901 potentia
2344 1839 2464 1880 non

250 1917 470 1998 dispar
497 1919 640 1999 ipsis
668 1919 982 1995 videretur,
1010 1942 1190 2002 quam
1234 1920 1311 1983 ob
1340 1932 1594 1982 veterem
1636 1920 1947 1993 fabulam?
1991 1938 2112 1999 qua
2149 1918 2466 1978 Persarum

251 2035 437 2094 reges
471 2035 511 2075 a
535 2015 757 2077 Perseo
803 2018 974 2079 Jovis
1002 2018 1123 2079 filio
1166 2038 1381 2079 nomen
1410 2027 1591 2097 atque
1637 2038 1827 2098 genus
1869 2018 2120 2078 traxisse
2151 2017 2466 2075 ferebatur.

252 2114 355 2174 27.
411 2112 642 2174 Eodem
683 2115 842 2176 fastu
878 2117 1120 2198 plenam
1175 2116 1504 2196 Epistolam
1551 2115 1630 2175 ad
1673 2115 2069 2176 Athenienses
2104 2113 2286 2193 paulo
2329 2121 2468 2172 ante

253 2211 441 2270 scribi
460 2210 747 2291 jusserat,
774 2212 1259 2294 addideratque‚‘¹
1286 2220 1303 2249 ‘
1323 2210 1567 2293 quando
1596 2211 1947 2273 Macedonis
1976 2210 2293 2271 amicitiam
2310 2228 2466 2288 prae-

249 2307 566 2381 tulissent,
608 2329 645 2368 a
672 2329 737 2370 se
764 2309 1048 2392 deinceps
1093 2329 1300 2371 aurum
1342 2330 1419 2372 ne
1464 2319 1769 2390 peterent3
1812 2330 1934 2370 non
1963 2309 2119 2370 enim
2146 2307 2467 2368 missurum

252 2425 421 2477 esse,
451 2405 631 2466 etiarn
660 2407 1052 2488 rogantibus!
2436 2428 2439 2431 ’

332 2504 423 2563 V.
498 2506 551 2565 l.
600 2505 682 2564 At
715 2499 1066 2566 ‘Alexander
1113 2523 1249 2567 cum
1299 2496 1451 2565 inter
1503 2504 1999 2586 progrediendum
2029 2522 2233 2583 agrum
2264 2522 2301 2562 a
2327 2522 2468 2580 rege

252 2599 584 2661 Persarum
626 2602 933 2664 Memnoni
981 2601 1143 2664 dono
1193 2603 1400 2663 datum
1447 2604 1767 2682 attigisset,
1799 2610 1814 2637 ‘
1838 2601 2128 2661 maleficio
2157 2599 2470 2659 abstineri'

240 2697 448 2776 jubet,
478 2704 499 2732 ⁸
516 2698 865 2779 colonisque
894 2710 956 2761 et
982 2700 1271 2761 fructibus
1296 2699 1463 2781 parci
1482 2699 1546 2759 τ’*
1599 2698 1816 2759 callido
1862 2708 2196 2760 commento
2225 2715 2468 2777 suspec-

250 2806 383 2855 tum
416 2795 685 2856 facturus
714 2796 1011 2857 hominem
1055 2794 1432 2869 industrium,
1460 2806 1523 2857 et
1566 2816 1742 2876 quem
1787 2815 1861 2855 ex
1903 2794 2178 2855 omnibus
2206 2790 2466 2853 hostiurn

253 2891 519 2953 ducibus
548 2912 732 2954 unum
760 2913 880 2954 non
909 2893 1357 2969 contemneret‚¹’
1384 2894 1434 2955 si
1462 2894 1521 2954 in
1554 2899 1919 2975 suas‘partes
1949 2891 2334 2953 transducere
2362 2909 2466 2950 ne-

252 2988 575 3067 quivisset.
657 2993 719 3050 2.
761 2992 1036 3072 Cumque
1062 2991 1404 3054 ‘lenitatem
1433 2991 1627 3073 regis’
1654 2991 1925 3053 admirati
1946 2989 2232 3070 quidam,⁶
2260 2996 2278 3024 ‘
2301 3007 2468 3049 acer-

249 3085 477 3147 rimum
532 3087 1100 3169 callidissimumque
1157 3089 1560 3150 Macedonum
1609 3089 1864 3163 hostem,
1920 3087 2352 3167 quamprimum
2406 3085 2467 3144 in

249 3192 623 3263 potestatem
665 3185 943 3247 redactus
987 3175 1188 3261 esset.
1213 3187 1720 3257 interficiendum:
1764 3195 1942 3266 atque
1974 3184 2209 3245 interim
2251 3183 2491 3263 quibus.

245 3291 473 3361 posset
500 3281 770 3343 cladibus
805 3283 1144 3344 vexandum
1193 3303 1328 3345 esse
1349 3284 1363 3308 '
1390 3284 1693 3364 dicerent:
1735 3290 1753 3319 ‘
1774 3282 1956 3365 quin‚'
1980 3283 2190 3361 inquit,
2228 3286 2247 3315 ‘
2264 3279 2466 3360 potius

250 3378 565 3439 beneficiis
596 3380 1044 3460 supplantamus
1070 3382 1391 3455 hominem,
1419 3392 1480 3443 et
1512 3381 1767 3443 amicum
1809 3400 1884 3441 ex
1924 3379 2161 3440 inimico
2192 3377 2465 3445 facimus,

253 3474 477 3535 eadem
505 3475 718 3537 virtute
747 3487 810 3537 et
835 3479 1077 3539 solertia
1103 3499 1210 3560 pro
1239 3482 1408 3542 nobis
1437 3477 1776 3541 staturum.'
1860 3480 1918 3539 3.
1961 3477 2221 3537 Ventum
2249 3484 2376 3535 erat
2402 3474 2466 3533 in

252 3592 509 3653 campos
536 3573 897 3648 Adrasteae,¹
922 3595 1028 3656 per
1054 3597 1191 3657 quoe
1221 3577 1518 3639 Granicus
1540 3576 1732 3637 amnis
1761 3574 2048 3657 praecipiti
2072 3592 2254 3634 cursu
2281 3570 2468 3632 volvi-

250 3682 374 3732 tur.
439 3671 531 3731 Ibi
550 3671 793 3751 quidam
821 3693 896 3733 ex
921 3676 1415 3754 speculatoribus,
1443 3693 1597 3754 quos
1618 3692 1753 3734 cum
1783 3670 2135 3751 Hegelocho
2163 3668 2468 3749 praemise-

251 3771 401 3842 ηιξ
428 3769 646 3830 reversi
690 3769 989 3845 nuntiant,
1018 3771 1275 3831 ‘Persas
1304 3770 1608 3831 instructis
1648 3761 1726 3828 ad
1768 3758 2038 3847 praelium
2074 3763 2373 3825 ordinibus
2400 3764 2463 3824 in
2558 3792 2563 3796 ·

251 3866 538 3926 ulteriore
593 3867 724 3946 ripa
776 3868 1140 3929 consistere?
1241 3873 1303 3930 4.
1362 3867 1677 3946 Paulisper
1728 3872 2150 3935 commoratus,
2198 3860 2340 3921 dum
2388 3860 2465 3925 de

321 4018 347 4043 ⁰
384 4008 596 4060 Arrian.
617 4008 653 4058 l.
674 4009 714 4058 l.
1192 3973 1210 4028 ἰ
1468 3977 1494 4045 Β
1529 4010 1675 4060 Curt.
1700 4022 1789 4060 111.
1812 4011 1860 4060 1.
1882 4012 1967 4059 21.

323 4092 353 4126 Ρ
390 4083 594 4136 Herod.
616 4098 718 4136 vn.
742 4087 855 4136 15⁰.
899 4086 1043 4139 Plut.
1063 4087 1324 4140 Alcibiad.
1470 4094 1493 4121 ⁰
1521 4085 1770 4137 Themist.
1792 4085 1945 4136 Orat.
1963 4087 2012 4135 9.

253 4178 309 4228 p.
335 4166 459 4212 204.
1468 4164 1494 4197 ἅ
1525 4162 1697 4213 Strab-
1720 4176 1847 4212 xm.
1870 4176 1924 4225 p.
1944 4166 2060 4213 588.

324 4247 353 4281 ⁸²
389 4238 612 4289 AEschin.
630 4244 799 4288 contr.
819 4238 1053 4304 ctesiph.
1465 4249 1493 4280 ὲ
1527 4237 1736 4292 Arrian.
1756 4253 1795 4290 1.
1819 4242 1900 4289 14.

325 4323 351 4349 ⁸
387 4314 621 4379 Polyaen.
642 4314 870 4379 Strateg.
886 4328 962 4368 iv.
985 4320 1034 4367 3.
1055 4321 1135 4368 15.
