2978 4933
810 418 1069 469 suren.
1114 418 1197 468 m
1247 419 1319 481 Q.
1366 417 1717 468 cun-rum
1769 420 1912 469 mn.
1962 422 2012 469 1.
2421 402 2509 468 87

299 562 354 622 si
408 562 616 623 alienis
661 561 961 623 laboribus
1013 574 1174 624 tutos
1220 584 1327 624 vos
1371 563 1494 624 fore
1527 580 1873 644 persuasum
1901 563 2156 637 habetis,
2198 582 2401 624 vereor
2430 583 2506 623 ne

297 676 667 740 magnopere
688 659 1079 740 decipiamini.
1136 661 1370 722 Etenim
1392 661 1579 741 (quod
1604 662 1933 739 abominor)
1959 661 2234 749 Philippo
2259 661 2506 734 victore,

297 756 401 815 cui
432 756 674 818 dubium
706 768 819 831 est,
849 758 989 838 quin
1014 778 1207 838 neque
1235 778 1364 831 vos,
1402 776 1596 838 neque
1616 760 1925 840 quisquam
1952 759 2293 819 Graecorum
2333 757 2510 818 liber·

294 865 486 914 tatem
519 855 669 915 tueri
692 855 979 935 possitis?
1005 860 1166 935 (nam
1192 857 1252 915 in
1271 856 1387 915 fide
1417 856 1672 936 Philippi
1704 857 1951 916 multum
1981 876 2282 938 reponere,
2305 870 2508 915 eorum

297 961 398 1010 est
427 953 528 1031 qui
558 955 745 1032 perire
778 955 958 1015 velint
980 956 1024 1030 t)
1106 958 1207 1015 23.
1252 965 1314 1014 at
1356 955 1403 1014 si
1443 974 1553 1015 nos
1582 955 1843 1015 Victoria
1870 955 2207 1035 respexerit,
2245 952 2388 1033 quid
2431 954 2509 1013 ab

295 1048 661 1123 hominibuS,
705 1072 857 1131 quos
895 1054 952 1112 in
1003 1062 1265 1113 extremo
1316 1052 1529 1113 salutis
1577 1065 1756 1133 atque
1805 1053 2116 1134 dignitatis
2166 1052 2507 1113 discrimine

297 1145 704 1223 deserueritiS,
746 1151 1179 1230 expectandum
1224 1151 1391 1210 vobis
1437 1151 1678 1230 putetis,
1724 1151 2117 1211 considerate.
2200 1153 2304 1211 24.
2350 1149 2508 1208 Nam

295 1263 696 1326 quaecumque
745 1248 913 1308 vobis
963 1247 1258 1307 sententia
1301 1247 1538 1320 sederit,
1584 1246 2049 1308 Atheniensibus
2101 1256 2258 1307 certe
2306 1244 2509 1305 omnia

295 1343 576 1420 experiri,
617 1366 811 1425 neque
860 1347 1192 1407 libertatem
1236 1345 1397 1424 prius
1440 1365 1619 1426 quam
1663 1346 1846 1405 vitam
1890 1345 2156 1406 amittere
2208 1343 2509 1404 decretum

296 1450 415 1498 est.
502 1442 860 1522 Quanquam
904 1444 1080 1503 etiarn
1126 1443 1347 1502 viribus
1396 1461 1516 1501 non
1547 1441 1912 1503 diffidimus:
1956 1443 2172 1523 quibus
2202 1441 2252 1500 si
2282 1453 2509 1500 vestras

297 1538 566 1611 sociatis,
588 1541 891 1621 conjuncti
921 1542 1127 1621 utique
1158 1541 1486 1620 superiores
1517 1542 1733 1601 erimus
1759 1540 1942 1613 hosti,
1971 1542 2064 1601 cui
2088 1538 2306 1619 singuli
2335 1552 2509 1617 pares

297 1653 438 1694 esse
466 1656 807 1716 possumus.
905 1641 1003 1699 25.
1050 1639 1186 1698 Non
1216 1638 1555 1717 ignoramus
1582 1638 1906 1720 potentiam
1935 1637 2063 1718 ejus
2090 1634 2509 1706 Athenienses,

296 1728 482 1811 qua'm
512 1734 653 1794 olim
683 1748 1029 1797 nascentem
1059 1734 1592 1815 augescentemque
1642 1732 2055 1815 praevidimusz
2101 1741 2181 1804 et,
2216 1732 2263 1790 si
2295 1731 2510 1791 ceteris
2601 1799 2609 1805 ¹

298 1829 653 1891 Graecorum
700 1833 912 1893 eadem
954 1852 1123 1893 mens
1171 1832 1400 1906 fuisset,
1448 1841 1939 1912 praecaveramu's.
2039 1831 2139 1889 26.
2183 1826 2303 1887 Diu
2351 1826 2509 1887 enim

296 1927 526 1987 bellum
571 1948 704 1989 cum
746 1949 818 1991 eo
866 1931 1182 2010 gessimus,
1223 1949 1343 1990 non
1395 1929 1470 1990 de
1515 1929 1878 2011 Amphipoli,
1925 1939 2030 1989 aut
2070 1925 2401 1997 Haloneso,
2443 1935 2513 1984 ut

296 2025 603 2106 plerisque
651 2028 1022 2101 credebatur,
1064 2027 1170 2089 sed
1220 2047 1325 2107 pro
1364 2028 1649 2087 saluteet
1674 2028 1947 2087 libertate
1978 2022 2273 2085 Groeciaez‘
2316 2020 2509 2083 donec

301 2122 580 2183 destituti
608 2125 683 2184 ab
713 2125 1007 2198 omnibuS,
1050 2144 1086 2184 a
1127 2125 1430 2185 nonnullis
1460 2124 1640 2184 etiam
1669 2122 2019 2205 oppugnati,
2062 2139 2269 2201 pacem
2301 2138 2511 2179 neces-

300 2221 520 2280 sariam
563 2222 754 2302 magis
800 2242 978 2303 quam
1024 2222 1333 2284 honestam
1383 2223 1652 2282 fecimus.
1737 2223 1837 2281 27.
1883 2219 2003 2280 Sed
2048 2237 2228 2291 nunc,
2272 2211 2511 2297 opinor,

299 2336 528 2396 praeses
577 2319 729 2380 arcis
773 2329 994 2381 nostrae
1039 2321 1330 2394 Minerva,
1370 2330 1431 2381 et
1477 2319 1696 2401 Apollo
1747 2317 1998 2400 Pythius
2047 2316 2301 2397 patrium
2339 2312 2513 2374 nobis

300 2435 546 2491 numen,
590 2419 889 2500 ceterique
918 2418 1265 2481 Graecorum
1298 2419 1395 2480 Dii
1432 2428 1787 2501 aperuerunt
1815 2416 2046 2489 oculos,
2090 2424 2149 2476 et
2195 2414 2257 2474 in
2283 2409 2518 2472 vindic-

300 2526 425 2574 tam
476 2514 651 2575 avitae
698 2516 988 2578 libertatis
1039 2517 1391 2598 populorum
1444 2535 1687 2577 suorum
1739 2515 1967 2576 animos
2012 2512 2298 2575 excitant.
2409 2510 2514 2569 28.

302 2612 483 2671 Certe
527 2612 849 2675 Herculem
891 2634 1014 2675 non
1043 2616 1172 2676 sine
1200 2616 1611 2694 indignatione
1641 2616 1820 2673 verba
1847 2613 2188 2691 legatorum·
2209 2607 2512 2668 audivisse

303 2709 574 2783 arbitror,
617 2710 895 2791 Philippo
942 2714 1182 2793 stirpem
1230 2715 1304 2773 ab
1354 2712 1456 2772 illo
1510 2712 1642 2771 Deo
1691 2709 2099 2791 repetentium.
2201 2704 2308 2764 Ille
2355 2702 2515 2763 enim

304 2814 602 2885 agnoscat
641 2809 807 2869 Deus
851 2811 1113 2870 omnium
1151 2809 1505 2891 religionum
1557 2817 2018 2873 contemtorem:
2065 2802 2339 2872 Graecus,
2378 2798 2514 2859 Ma·
2616 2879 2627 2890 j

304 2902 632 2971 cedonem:
676 2914 1015 2986 tyrannum,
1066 2927 1224 2980 osor,
1267 2907 1527 2989 punitor,
1570 2905 1893 2986 extirpator
1937 2898 2308 2984 tyrannidis!
2411 2898 2515 2958 29.

304 3000 496 3060 Nullo
538 3002 694 3061 enim
736 3003 855 3063 alio
899 3015 1246 3084 argumento
1276 3004 1529 3065 clariora
1559 3011 1700 3063 sunt
1734 2999 2010 3061 Herculis
2055 3014 2275 3077 opera:
2321 3004 2385 3055 at
2412 2994 2511 3054 ille

303 3098 607 3159 Graeciam
632 3099 939 3161 dominatu
965 3104 1180 3182 premit
1205 3122 1220 3161 ε
1263 3100 1621 3182 quibusdam
1653 3101 1829 3160 etiam
1857 3096 2196 3158 civitatibus
2226 3091 2512 3153 domesti-

303 3214 412 3255 cos
456 3205 740 3277 tyrannos
787 3199 1089 3278 imposuit,
1134 3198 1512 3259 Philistidem
1562 3198 1740 3270 Oteo,
1795 3192 2201 3275 Hipparchum
2248 3188 2512 3262 Eretriae,

307 3292 585 3354 Chalcidi
613 3295 1103 3357 Taurosthenem.
1190 3299 1288 3357 30.
1322 3297 1480 3375 Ergo
1502 3296 1626 3375 jam
1658 3293 1916 3364 Euboei,b
1945 3289 2173 3359 Achaei.
2203 3286 2516 3358 Οῡῐῑῐῑῐῖἱῆ,

308 3389 722 3470 MegarenseS,
747 3392 1047 3467 Leucadii,
1077 3395 1376 3475 Corcyraei
1405 3394 1579 3454 nobis
1611 3395 1847 3453 favent:
1893 3389 1993 3449 alii
2021 3389 2316 3447 fortunam
2346 3403 2515 3464 spec-

305 3497 486 3561 tant„
527 3508 664 3567 quae
700 3489 989 3551 hactenus
1034 3493 1271 3552 unicum
1302 3491 1714 3552 Macedonicae
1742 3486 2028 3570 potentiae
2055 3482 2355 3546 vinculum
2383 3481 2520 3553 fuit,

306 3604 426 3663 quo
465 3583 673 3646 leviter
715 3587 985 3667 abrupto,
1028 3588 1184 3649 ultro
1224 3588 1540 3649 dilabetur.
1627 3589 1726 3648 31.
1773 3585 2008 3666 Quippe
2034 3577 2327 3650 Thessali,
2355 3575 2516 3637 unde

306 3682 584 3763 Philippo
613 3685 791 3750 robur
818 3685 1115 3765 equitatus
1146 3697 1284 3759 est,‹1
1311 3687 1605 3746 neminem
1631 3700 1895 3764 unquam
1929 3680 2028 3739 diu
2059 3680 2257 3736 fovere
2282 3695 2297 3733 ε
2330 3673 2513 3753 Illyrii

305 3779 605 3860 ceterique
631 3781 1052 3842 Macedoniam
1081 3783 1418 3843 accolentes
1447 3781 1702 3854 barbari,
1747 3796 1995 3859 quorum
2018 3787 2079 3832 et
2107 3781 2319 3830 natura
2345 3771 2515 3829 ferox

306 3885 405 3938 est
428 3877 686 3949 animus,
728 3889 789 3937 et
815 3878 1224 3959 indignatione
1252 3881 1506 3940 recentis
1554 3877 1770 3939 servitii
1813 3874 2092 3942 irritatuS,
2135 3869 2185 3929 si
2228 3867 2516 3950 principia

304 3973 452 4034 belli
482 3973 763 4055 Philippo
792 3975 1033 4055 sequius
1069 3977 1391 4050 evenerint,
1415 3977 1643 4055 reliqua
1672 3993 1779 4054 pro
1808 3970 1982 4031 nobis
2012 3967 2349 4030 conficient.
2413 3969 2510 4026 32.

308 4073 436 4131 Vos
466 4069 646 4131 modo
684 4072 994 4134 nobiseum
1036 4073 1245 4134 acriter
1289 4075 1350 4132 in
1394 4074 1552 4133 hanc
1598 4089 1798 4133 curam
1838 4065 2194 4129 incumbite:
2239 4064 2512 4144 sepositis

373 4239 397 4273 δ
431 4240 709 4294 Demosth.
740 4242 808 4294 de
839 4244 1060 4298 Corona.
1092 4246 1235 4298 Plut.
1259 4235 1368 4296 De·
1511 4253 1533 4279 ⁰
1572 4244 1842 4295 Demosth.
1868 4242 1933 4292 ad
1961 4238 2191 4303 Philipp.
2214 4234 2384 4300 Epist.

306 4315 500 4368 mosih.
520 4332 574 4382 p.
590 4323 703 4369 850.
1516 4321 1539 4355 ἆ
1571 4321 1764 4375 Justin.
1788 4333 1888 4370 vn.
1906 4323 1958 4369 6.
1981 4320 2030 4368 8.
