2978 4933
483 351 614 417 154
933 369 1003 429 Q.
1048 365 1309 417 cun-ru
1360 366 1539 416 nuri
1597 366 1736 416 mn.
1784 367 1896 417 ιιι.
1943 369 2106 419 cAP.
2150 351 2213 418 l.

483 507 707 578 bello?
791 512 896 577 10.
941 512 1244 579 Ceterum
1280 515 1488 579 Dario
1530 514 1905 599 imminens,
1945 536 2147 602 quem
2197 504 2497 581 nondum
2544 512 2675 581 Eu·

488 616 767 699 phraten
784 624 810 652 ⁰
837 637 1193 701 superasse
1223 624 1643 702 cognoverat,
1672 620 1969 705 undique
1999 639 2226 685 omnes
2251 620 2487 702 copias
2514 639 2677 685 con-

487 720 721 802 trahit3
754 721 914 785 totis
932 723 1179 787 viribus
1200 723 1369 787 tanti
1386 721 1549 787 belli
1570 722 1926 788 discrimen
1953 723 2279 788 aditurus.
2310 724 2356 793 ,1
2375 722 2429 784 l.
2463 720 2679 804 Pbry-

489 822 650 906 gia?
711 829 879 900 erat,
930 844 1053 908 per
1099 844 1297 909 quam
1344 825 1716 889 ducebatur
1744 827 2118 906 exercitus3
2149 825 2457 909 pluribus
2482 822 2679 900 vicis,

487 943 686 1010 quam
716 927 998 991 urbibus
1025 926 1362 1011 frequens.
1446 928 1553 993 12.
1595 927 1787 993 Tunc
1835 928 2122 994 habebat
2167 925 2507 1011 quondam
2554 940 2681 990 no-

486 1029 688 1095 bilem
709 1029 964 1095 Midae‘*
1005 1032 1297 1113 regiam3
1343 1030 1751 1097 ‘Gordium’
1806 1051 2045 1097 nomen
2093 1036 2199 1096 est
2242 1029 2421 1105 urbi,
2474 1047 2677 1113 quam

488 1131 855 1216 Sangarius
883 1139 905 1169 ¹
969 1135 1187 1199 amnis
1237 1135 1575 1214 interfluit,
1624 1135 1769 1218 pari
1819 1134 2170 1201 intervallo
2225 1132 2519 1200 Pontico
2538 1138 2561 1166 ⁸
2611 1138 2679 1194 et

490 1232 735 1299 Cilicio
762 1235 931 1300 mari
952 1236 1327 1304 distantem.
1414 1238 1524 1304 13.
1571 1238 1758 1304 Inter
1802 1239 1950 1305 haec
2012 1238 2228 1304 maria
2276 1234 2679 1319 angustissi-

491 1356 675 1402 mum
688 1336 714 1372 '²
754 1335 945 1403 Asiae
990 1341 1283 1424 spatium
1333 1361 1481 1406 esse
1528 1342 1995 1426 comperimuS,
2041 1349 2326 1426 utroque
2356 1341 2424 1403 in
2453 1346 2676 1403 arctas

488 1439 770 1506 sauces⁰
814 1443 1250 1526 compellente
1294 1442 1585 1510 terram!
1663 1442 1838 1524 Quae
1867 1446 2025 1528 quia
2055 1442 2424 1510 continenti
2453 1441 2675 1506 adbae-

546 1597 578 1643 Ῑ
609 1600 817 1666 Utroque
837 1602 960 1653 'mari
980 1608 1246 1655 coarctante
1263 1609 1438 1655 terram
1457 1604 1511 1655 in
1531 1610 1782 1669 angustam
1800 1604 2037 1657 isthmum.

1413 1733 1473 1754 OQ

1711 1733 1774 1754 OO

488 1818 540 1863 2.
580 1812 633 1863 in
673 1816 900 1880 margine
919 1817 1315 1879 jussarum—10
1348 1820 1510 1871 Dario
1543 1819 1796 1872 inminens
1831 1822 1892 1870 de
1926 1819 2199 1870 Alexandro
2237 1832 2352 1867 cura
2388 1820 2511 1873 erat,
2544 1830 2680 1880 quein

489 1878 686 1930 Palatt.
711 1885 761 1931 2.
784 1886 831 1931 3.
866 1883 1016 1933 Voss·
1035 1889 1086 1935 2.
1123 1885 1224 1936 Ed.
1297 1901 1339 1935 r.
1363 1887 1582 1939 Venett.
1615 1886 1829 1936 Mediol.
1853 1886 2046 1935 Veron.
2071 1892 2125 1933 et
2151 1885 2286 1932 Mer.
2342 1882 2503 1959 Darep
2521 1882 2680 1931 hnmi-

488 1958 623 2005 πεπυ,
658 1961 793 2009 quem
829 1947 1049 2000 Theocr.
1085 1949 1221 2001 Dan.
1297 1959 1369 2001 ut.
1395 1952 1539 2001 Pith.
1578 1958 1633 2001 et
1673 1953 1838 2014 Bong.
1877 1954 1922 1999 1.
1963 1955 2012 1999 2.
2058 1949 2334 2000 Alexandro
2353 1947 2604 1996 immam
2623 1949 2681 1996 de

491 2009 650 2059 Dario
670 2026 785 2060 cura
805 2018 930 2077 erat,
960 2031 1095 2079 quem
1117 2014 1239 2065 Ald.
1265 2017 1430 2068 Colin.
1453 2017 1656 2082 Gryph.
1681 2017 1840 2066 Basil.
1861 2024 1916 2065 et
1939 2016 2049 2064 Col.
2083 2030 2194 2063 vero
2231 2013 2394 2062 Dareo
2421 2013 2504 2063 im.
2536 2014 2596 2061 de
2615 2012 2682 2061 A.

485 2089 601 2123 cura
623 2082 746 2139 erat,
769 2093 904 2140 quern
923 2094 1051 2129 unus
1076 2082 1243 2130 codex
1265 2078 1661 2146 snakenburgii.
1727 2081 1863 2130 Vide
1886 2081 2011 2130 Ver.
2039 2079 2165 2129 Not.
2222 2077 2483 2136 Eufraten·
2511 2076 2679 2140 Bong.

490 2146 545 2186 et
589 2141 738 2191 Voss.
760 2146 810 2191 2.
874 2146 1168 2208 Euphratem
1191 2148 1379 2224 'vulgg.
1417 2148 1539 2198 edd.
1579 2146 1856 2210 Euphraten
1894 2146 2031 2195 Dan.
2068 2144 2268 2195 Palatt.
2299 2147 2411 2191 1.2.
2446 2141 2597 2191 Leid.
2631 2149 2686 2192 et

485 2203 640 2254 Voss.
675 2211 849 2256 1.—ll
889 2210 1052 2273 Bong.
1077 2211 1317 2273 Plu-ngm
1355 2212 1502 2262 Voss.
1539 2215 1584 2261 1.
1617 2216 1666 2261 2.
1701 2211 1892 2272 Frigia.
1959 2211 2097 2259 Dan.
2130 2209 2327 2258 omittit
2358 2205 2416 2255 τὸ
2444 2207 2683 2270 pluribus.

490 2268 732 2321 Paleas.
765 2271 1041 2335 viribuosre

1041 2281 1330 2339 quenz—12
1365 2278 1532 2341 Bong.
1557 2274 1702 2325 Leid.
1728 2285 1782 2325 et
1801 2276 1951 2325 Voss.
1974 2278 2023 2323 1.
2045 2274 2244 2323 nobilem
2265 2274 2511 2336 qnondam.
2547 2273 2686 2320 Dan.

491 2333 705 2393 Medioet
740 2334 859 2387 Aia.
894 2340 1081 2402 Mydoe.
1146 2341 1343 2390 Paiatt.
1376 2346 1422 2390 1.
1457 2344 1508 2391 2.
1546 2342 1710 2402 Bong.
1734 2345 1783 2390 1.
1813 2341 1965 2390 Voss,
1991 2344 2041 2389 2.
2078 2340 2174 2389 Ed.
2217 2352 2295 2401 pr.
2327 2338 2545 2386 Venett.
2570 2337 2683 2386 Me·

489 2397 611 2449 diol.
633 2400 823 2450 Veron.
859 2403 968 2454 Col.
993 2411 1049 2453 et
1071 2404 1191 2455 Ald.
1222 2405 1464 2456 civitatem
1485 2406 1692 2468 regiam.-
1724 2404 1784 2454 τὸ
1802 2406 2047 2453 civitatem
2063 2419 2165 2453 non
2187 2404 2412 2453 habetur
2434 2403 2484 2451 in
2509 2402 2680 2465 Bong.

490 2462 831 2527 probantibus
853 2469 1034 2518 Modio
1058 2479 1114 2520 et
1135 2472 1296 2521 Cunz.
1364 2472 1593 2521 Cordium
1617 2472 1747 2521 Dan.
1769 2479 1824 2521 et
1847 2471 1993 2520 Leid.
2043 2472 2288 2519 Corduum
2322 2466 2514 2518 Faueh.
2541 2483 2689 2535 egra·⁴

487 2530 620 2579 dium
642 2532 792 2582 Voss.
813 2537 863 2583 2.
898 2543 955 2583 et
993 2535 1045 2584 in
1083 2551 1246 2600 marg.
1281 2536 1511 2586 cordium.
1572 2536 1726 2586 Voss.
1748 2541 1796 2586 1.
1818 2537 1956 2585 annis
1973 2535 2242 2600 interfluit,-
2275 2533 2507 2582 nonnulli
2530 2532 2681 2584 codd.

482 2609 544 2657 1²¹·
544 2597 787 2661 oeterfluit.
853 2602 869 2627 ‘
897 2601 1088 2652 Parum
1113 2602 1350 2664 interest,
1373 2607 1543 2651 utrum
1568 2603 1706 2667 legas
1728 2601 1982 2667 interfluit.
2013 2615 2077 2650 an
2096 2599 2418 2665 praeterflait.'
2451 2598 2683 2648 Schmie·

490 2659 602 2710 der.
674 2663 823 2713 Cilico
847 2664 1037 2716 Palatt.
1061 2671 1108 2717 1.
1132 2671 1180 2716 2.
1203 2672 1253 2717 8.
1288 2668 1401 2717 Col.
1422 2668 1574 2717 Voss.
1597 2672 1648 2717 2.
1672 2673 1728 2716 et
1751 2668 1880 2716 Dan.
1905 2681 1936 2715 a
1972 2681 2036 2715 m.
2060 2681 2139 2731 pr.
2191 2665 2351 2730 Cytico
2377 2665 2540 2725 Bong.
2570 2668 2682 2739 ¹⁸.-

489 2728 551 2774 13
587 2727 723 2777 Mer.
745 2733 1040 2793 compellente
1061 2738 1206 2783 terra.
1263 2732 1459 2784 Palatt.
1484 2736 1532 2783 1.
1555 2738 1604 2783 2.
1637 2749 1727 2797 qua
1745 2732 2023 2783 continenti.
2092 2730 2273 2781 Heius.
2296 2730 2432 2795 conj.
2464 2733 2602 2778 tenue
2632 2730 2683 2777 td

1480 2863 1695 2916 NOTAE

504 2939 508 2944 ’
552 2963 577 2989 ⁰
609 2956 911 3081 {uptun-acen]
959 2963 1042 3012 De
1079 2963 1178 3013 hoc
1199 2961 1357 3013 fluvio
1378 2961 1466 3013 lib.
1491 2977 1544 3012 v.

486 3045 604 3096 cap.
659 3067 674 3082 .

554 3115 579 3150 Ρ
615 3108 855 3173 Phrygia]
920 3112 1148 3178 Phrygia
1191 3113 1383 3178 duplex
1424 3113 1545 3178 fuit,

488 3184 683 3248 Magna
699 3195 754 3235 et
773 3187 961 3238 Parva.
996 3190 1130 3241 Haec
1149 3190 1214 3240 ad
1236 3191 1546 3256 Hellespon·

488 3267 598 3310 tum
621 3262 809 3326 posita,
826 3264 971 3328 cujus
991 3281 1111 3329 pars
1129 3268 1321 3317 Troas:
1356 3267 1447 3318 illa
1468 3270 1544 3318 in-

490 3346 572 3389 tra
591 3347 783 3403 terr-88,
814 3341 1096 3407 Galatiam,
1131 3345 1364 3411 Lydiam,
1390 3352 1545 3410 atque

491 3416 932 3480 Itycaoniam,&c.
954 3422 1325 3485 complectens.
1358 3422 1548 3473 Strabo

486 3490 579 3542 lib.
603 3506 666 3543 rr.
733 3495 818 3543 De
842 3495 943 3544 ista
965 3496 1117 3546 modo
1139 3499 1353 3549 mentio.

553 3575 579 3612 ‘1
612 3570 788 3633 Mida]
821 3572 996 3621 Midas
1027 3574 1115 3624 ille
1145 3574 1389 3640 Phrygiae
1415 3576 1550 3640 Rex,

491 3646 973 3711 poetarum‘fabulis
996 3651 1316 3703 celebr-atne.

505 3749 514 3752 -
555 3732 575 3758 ¹·
607 3725 900 3789 Sangarius]
950 3728 1037 3778 Ita
1072 3729 1293 3791 Strab03
1339 3745 1408 3780 ex
1442 3746 1546 3797 quo

489 3800 800 3851 refelluntur
843 3803 926 3868 qui
976 3804 1232 3857 Gordium
1277 3807 1342 3857 ad
1403 3810 1547 3859 Mar·

488 3877 648 3939 oyem,
680 3886 774 3926 aut
805 3878 871 3928 ad
907 3880 1231 3933 Maeandrum
1273 3885 1547 3949 collocant,

487 3965 554 4000 ne
571 3966 671 4000 non
691 3967 816 4001 vere
839 3953 1033 4005 dixisse
1056 3958 1293 4009 videatur
1314 3962 1548 4026 Curtius,

487 4032 503 4056 ⁶
529 4027 640 4090 pari
687 4028 992 4079 intervallo'
1030 4032 1270 4083 dissitum
1305 4037 1371 4086 ab
1403 4046 1549 4087 utro·

490 4119 592 4170 que
614 4105 759 4170 mari,
788 4106 991 4156 Euxiuo
1014 4114 1070 4159 et
1093 4110 1294 4161 Cilicio.
1362 4115 1547 4181 Neque

488 4181 624 4231 enim
641 4182 913 4246 aequalitas
930 4184 1019 4233 illa
1035 4185 1296 4238 distantiae
1316 4205 1434 4240 cum
1453 4209 1548 4256 op-

494 4259 736 4311 timorum
784 4258 1214 4327 Geographorum
1264 4267 1549 4322 rationibus

1626 2973 1754 3024 satis
1796 2974 2061 3025 convenit.
2131 2971 2471 3037 ‘Sangarius’
2509 2986 2682 3036 porro,

1625 3050 1715 3114 qui
1767 3049 2021 3115 hodieque
2076 3050 2307 3113 San-gani,
2361 3065 2426 3098 ex
2469 3049 2682 3099 Adoreo

1627 3134 1804 3176 monte
1843 3123 2009 3176 fluens
2051 3141 2146 3190 per
2185 3125 2487 3190 Phrygiam,
2517 3126 2681 3188 longis

1627 3199 1946 3252 anfractibus
1969 3202 2020 3251 in
2045 3203 2273 3253 Pontum
2298 3201 2551 3251 Euxinum
2576 3203 2681 3251 vol·

1630 3278 1801 3341 vitur3
1836 3294 1957 3343 non,
1980 3286 2039 3331 ut
2066 3280 2227 3330 habet
2257 3279 2448 3343 Livius,
2477 3279 2529 3328 in
2557 3279 2682 3329 Pro·

1629 3354 1911 3418 pontidem.

1693 3438 1713 3465 ⁸
1744 3432 1971 3497 Pontico]
1996 3433 2271 3483 PontIcum
2288 3446 2446 3485 mare.
2480 3432 2681 3483 Pontus

1630 3515 1713 3558 est
1733 3509 1987 3572 EuxinuS,
2004 3505 2160 3559 hodie
2185 3510 2299 3558 Mer
2320 3509 2493 3559 Noire.
2563 3509 2682 3560 cili·

1627 3587 1725 3649 cio]
1757 3587 1910 3639 Quod
1931 3587 2165 3638 Ciliciam
2191 3586 2355 3650 alluit,
2370 3586 2521 3637 hodie
2542 3587 2684 3649 Golfe

1628 3665 1686 3712 de
1707 3664 1912 3715 Satatie.

1690 3741 1707 3774 ῑ
1737 3738 2168 3803 Angustissimum]
2201 3738 2388 3803 Neque
2419 3739 2519 3790 hoc
2551 3740 2683 3805 peri-

1629 3818 1813 3877 tiorum
1856 3816 2284 3881 Geograpbornm
2327 3815 2517 3866 tabulis
2562 3832 2679 3867 con·

1627 3902 1947 3957 sentaneum,
1986 3908 2103 3957 quae
2139 3894 2225 3942 vix
2271 3907 2487 3956 usquam
2523 3896 2684 3960 majo·

1630 3985 1739 4019 rem
1760 3971 2009 4023 exhibent
2022 3969 2160 4019 Asiae
2177 3968 2315 4018 illius
2339 3968 2683 4036 latitudinem,

1629 4061 1779 4111 quam
1806 4061 1907 4110 qua
1927 4045 2181 4095 Gordium
2204 4044 2386 4096 urbem
2406 4047 2681 4099 Ponticum

1628 4122 1766 4171 inter
1786 4129 1842 4172 et
1868 4123 2107 4172 Cilicium
2131 4137 2271 4172 mare
2294 4123 2569 4175 collocant.

1693 4208 1716 4233 ²¹
1749 4200 1922 4249 Arctus
1943 4199 2137 4264 fauces]
2205 4201 2222 4229 ⁸
2246 4198 2432 4249 Arctus
2479 4199 2682 4254 faucen’

1630 4283 1780 4328 vocat
1796 4283 1962 4341 atque
1986 4280 2002 4305 ‘
2023 4282 2180 4327 tenue
2213 4275 2526 4342 discrimen,'
2550 4294 2684 4346 quae,
