2978 4933
533 333 661 401 144
1313 348 1370 396 J.
1424 328 1930 399 rRm'Nsnnmr

516 495 692 575 hujus
719 491 1061 565 Alexandri,
1086 491 1239 553 inter
1266 502 1528 572 paternae
1558 496 1718 555 necis
1763 495 2036 555 conscios
2065 493 2352 577 supplicio
2393 495 2693 557 affecisset.

520 593 580 651 9.
627 592 703 651 Et
729 609 1066 671 quanquam
1093 590 1220 669 ipse
1259 611 1433 671 poena
1476 602 1765 665 exemtus,
1791 593 2107 673 multisque
2151 605 2360 675 postea
2388 594 2695 654 honoribus

520 700 784 762 ornatus,
811 707 932 751 non
956 687 1204 768 simplex
1231 689 1579 749 beneficium
1607 691 1732 768 regi
1761 690 2024 761 deberet,
2066 691 2246 750 insita
2272 684 2471 750 animo
2492 691 2697 750 ferocia

519 798 580 846 et
606 784 947 845 dominandi
995 784 1271 864 cupidine
1308 786 1453 844 nihil
1494 786 1660 846 nefas
1711 788 1977 865 putabat,
2006 807 2110 867 per
2157 786 2318 868 quod
2349 787 2425 847 ad
2467 807 2697 867 regnum

522 882 613 941 via
644 893 1017 943 sterneretur.
1103 883 1197 942 10.
1241 881 1330 942 Re
1353 883 1412 941 in
1435 883 1748 944 consilium
1768 883 2071 957 deducta,e
2099 891 2115 918 ‘
2149 883 2492 945 facilitatem
2521 888 2666 965 regis
2685 885 2698 908 '

520 981 849 1059 arguebant
896 978 1089 1052 amici,
1114 985 1131 1013 ‘
1160 977 1322 1058 quod
1369 978 1662 1040 hominem
1708 980 1767 1039 in
1812 980 2127 1041 manifesto
2167 982 2461 1043 maleficio
2506 983 2700 1062 depre-

517 1075 768 1139 hensum
798 1095 917 1139 non
950 1074 1130 1137 modo
1173 1076 1378 1156 punire
1406 1097 1525 1137 non
1556 1078 1957 1151 sustinnisset,
2001 1098 2200 1139 verum
2233 1078 2411 1139 etiam
2458 1080 2697 1159 praerniis

518 1187 581 1235 et
605 1174 928 1235 honoribus
961 1184 1197 1235 auctum
1229 1175 1465 1254 optimoe
1488 1177 1786 1253 equitatus
1821 1175 1972 1255 parti
1998 1177 2442 1255 praeposuisset.
2528 1177 2701 1244 Quem

520 1271 801 1352 deinceps
829 1272 885 1331 ei
913 1271 1096 1333 fidum
1142 1271 1422 1345 futurum,
1450 1273 1501 1332 si
1544 1283 1755 1352 praeter
1797 1272 2205 1353 impunitatem
2254 1274 2494 1353 propior
2523 1273 2704 1332 amici·

517 1369 619 1433 tiae
665 1367 907 1447 graduS,
937 1368 1203 1429 maximae
1250 1368 1592 1447 dignitates,
1621 1362 1966 1430 honorificae
2005 1371 2394 1449 praefecturae,
2424 1368 2704 1449 parricidii

518 1485 744 1527 merces
803 1465 1045 1530 essent?
1133 1469 1226 1527 11.
1287 1467 1472 1545 Igitur
1529 1478 1754 1528 mature
1808 1467 2265 1541 emendandum,
2322 1467 2487 1547 quod
2542 1463 2706 1526 nimia

520 1565 764 1627 lenitate
818 1577 1128 1645 peccatum
1184 1576 1383 1627 esset:
1454 1566 1797 1646 priusquam
1848 1567 1969 1639 ille,
2026 1566 2341 1627 consilium
2407 1559 2706 1626 emanasse

520 1662 802 1735 sentienS,
831 1662 1247 1725 Thessalorum
1276 1662 1523 1746 mobiles
1556 1663 1782 1724 animos
1820 1663 1898 1724 ad
1928 1683 2020 1724 res
2050 1663 2359 1724 novandas
2391 1662 2707 1723 induceret.

521 1761 659 1820 Non
715 1760 1209 1822 contemnendum
1264 1780 1396 1821 esse
1452 1761 1797 1840 periculum,
1845 1781 1964 1841 quo
2019 1761 2208 1841 majus
2269 1781 2343 1821 ne
2397 1760 2709 1840 excogitari

520 1843 760 1938 quidem
791 1857 1016 1935 possit:
1060 1876 1253 1937 neque
1300 1857 1634 1938 spernenda
1662 1857 1925 1919 Deorum
1974 1869 2231 1931 ostenta,
2263 1858 2364 1938 qui
2414 1878 2615 1938 regem
2642 1857 2708 1916 de

520 1954 800 2017 cavendis
832 1953 1060 2015 insidiis
1104 1956 1407 2017 evidenter
1451 1956 1861 2019 monuissent!
1951 1959 2044 2016 12.
2091 1957 2295 2036 Nuper
2331 1949 2536 2029 enim,¹'
2578 1955 2708 2015 dum

522 2053 1007 2114 Halicarnassum
1038 2052 1338 2127 obsidens,
1367 2065 1506 2133 post
1533 2053 1744 2132 longos
1788 2073 2154 2133 magnosque
2182 2052 2415 2113 labores
2446 2051 2709 2111 meridia·

518 2152 677 2211 tione
705 2150 1285 2231 reficitur‚'hirundo,
1322 2162 1466 2214 nota
1495 2151 1774 2231 auspiciis
1821 2150 1999 2221 aviS‚⁸
2046 2170 2263 2229 magno
2294 2169 2430 2210 cum
2479 2149 2714 2228 garritu,

522 2248 741 2311 circum
783 2261 984 2329 caput,
1008 2249 1367 2327 quiescentis
1395 2249 1764 2319 mutaverat,
1793 2260 1852 2308 et
1880 2247 2056 2308 modo
2086 2249 2143 2306 in
2195 2247 2330 2318 hoc,
2359 2245 2544 2306 modo
2574 2244 2713 2305 illud

520 2343 724 2405 lectuli
766 2345 920 2405 latus
973 2365 1037 2405 se
1086 2345 1420 2417 demiserat,
1460 2345 1943 2405 turbulentiorem
1996 2342 2169 2404 solito
2196 2356 2436 2403 cantum
2488 2361 2713 2403 exorsa.

526 2443 623 2504 13.
665 2442 746 2502 Et
771 2462 873 2503 rex
913 2442 1154 2521 quidem
1197 2442 1524 2523 defatigato
1568 2460 1814 2522 corpore
1842 2461 1960 2503 non
1990 2441 2226 2521 penitus
2272 2440 2536 2502 excussit
2565 2459 2716 2500 som·

522 2560 686 2613 num,
713 2541 817 2601 sed
847 2554 1044 2602 tamen
1074 2561 1240 2603 avem
1289 2542 1572 2602 continuo
1601 2539 1852 2621 strepitu
1889 2540 2201 2600 molestam
2230 2537 2513 2610 sentiens,
2542 2557 2716 2600 manu

523 2639 711 2699 obiter
738 2637 972 2720 repulit.
1057 2638 1168 2698 Illa
1192 2637 1343 2698 adeo
1382 2657 1502 2698 non
1531 2641 1809 2700 exterrita
1856 2646 1969 2708 est,
1998 2647 2064 2695 ut
2092 2635 2270 2695 etiam
2298 2636 2356 2695 in
2406 2634 2595 2713 ipsius
2623 2654 2715 2695 ca-

433 2789 440 2796 ,
520 2737 640 2816 pite
665 2736 1030 2806 consederit,
1059 2754 1249 2814 neque
1276 2736 1438 2815 prius
1468 2746 1727 2816 strepere
1757 2734 2017 2805 desierit,
2047 2731 2226 2812 quam
2265 2734 2339 2792 ab
2383 2743 2716 2811 experrecto

524 2830 761 2890 demum
792 2834 1002 2892 abacta
1022 2842 1133 2892 est.
1222 2834 1315 2892 14.
1359 2832 1548 2910 quue
1578 2832 1662 2891 sic
1691 2833 2108 2910 interpretatus
2132 2829 2324 2890 fuerat
2352 2828 2716 2900 Aristander,

523 2937 590 2985 ut
635 2927 890 2987 ‘instare
933 2926 1293 3006 periculum'
1334 2926 1556 2987 diceret
1595 2929 1706 2988 ‘ab
1756 2929 1943 2990 amico
1988 2926 2179 3006 regis3
2227 2926 2334 2986 sed
2384 2926 2632 2986 insidias
2661 2927 2715 2985 in

525 3023 762 3084 occulto
792 3042 910 3081 non
940 3041 1289 3082 mansuras:
1331 3022 1445 3082 hoc
1485 3024 1641 3084 enim
1669 3044 1906 3086 monere
1940 3035 2209 3083 naturam
2256 3023 2403 3096 aviS‚
2435 3042 2570 3100 quse
2600 3040 2717 3100 prae

524 3119 736 3180 ceteris
766 3119 987 3179 homini
1022 3117 1345 3191 familiaris,
1373 3119 1701 3201 eademque
1748 3140 1926 3201 supra
1970 3119 2210 3182 modum
2256 3119 2495 3200 garrula
2523 3111 2718 3178 esset.’

532 3218 626 3278 1-5..
673 3217 781 3277 His
830 3217 1028 3297 itaque
1078 3216 1387 3295 diligenter
1432 3219 1726 3298 expensis,
1776 3237 1912 3278 cum
1956 3216 2241 3277 indicium
2285 3216 2537 3278 Asisinis
2586 3234 2717 3276 cum

522 3315 673 3374 vatis
703 3334 989 3394 responso
1018 3315 1329 3386 convenire
1366 3326 1653 3388 cerneret,
1684 3314 2165 3395 meminissetque
2198 3334 2261 3377 se
2305 3315 2513 3376 matris
2540 3313 2717 3376 literis

522 3412 695 3472 anxie
740 3412 1047 3484 monitum,
1096 3419 1113 3447 ‘
1144 3424 1209 3473 ut
1256 3415 1330 3473 ab
1377 3413 1492 3473 hoc
1545 3412 1783 3473 homine
1841 3412 1950 3472 sibi
2006 3410 2320 3483 caveret,'¹¹
2375 3410 2521 3472 nibil
2568 3410 2719 3469 ultra

524 3507 913 3572 differendum
956 3521 1140 3582 ratus,
1182 3510 1325 3589 quid
1374 3510 1498 3571 fieri
1543 3509 1721 3570 vellet
1766 3508 2142 3570 Parmenioni
2191 3508 2519 3587 significat:
2565 3525 2716 3576 nam,

522 3615 590 3665 ut
626 3604 902 3679 diximus,
946 3625 1081 3666 cum
1129 3606 1261 3683 ipso
1305 3607 1362 3666 in
1405 3606 1724 3686 Phrygiam
1777 3605 2325 3684 iveratLyncestes
2366 3601 2716 3666 Alexander.

536 3705 627 3761 16.
672 3702 791 3762 Sed
821 3723 895 3762 ne
924 3723 1043 3782 quo
1073 3722 1218 3764 casu
1259 3703 1573 3764 consilium
1621 3702 1776 3782 regis
1820 3721 2028 3781 parum
2060 3702 2118 3761 in
2152 3712 2416 3782 tempore
2447 3699 2718 3781 prodere·

526 3807 643 3870 tur,
687 3798 887 3860 literas
941 3801 1117 3861 scribi
1167 3821 1284 3864 non
1334 3799 1600 3881 placuit3
1660 3798 1767 3857 sed
1815 3817 1920 3875 per
1975 3797 2276 3860 homiuem
2319 3796 2504 3862 fidum
2548 3805 2718 3873 atque

528 3892 879 3956 honoratum
949 3897 1230 3959 mandata
1285 3897 1566 3978 perferri:
1619 3896 1842 3957 electus
1900 3904 1991 3955 est
2043 3895 2442 3974 Amphoterus
2499 3892 2717 3956 Crateri

600 4147 622 4173 θ
656 4140 736 4191 Id.
759 4143 846 4191 1.1.
1029 4145 1040 4150 ’
1719 4156 1744 4192 s
1778 4145 1962 4195 AElian.
1990 4146 2134 4195 Hist.
2159 4145 2336 4197 Anim.
2365 4159 2418 4196 x.
2443 4149 2521 4195 34.

595 4215 617 4250 5
646 4217 724 4266 Id.
749 4219 782 4267 l.
804 4220 839 4268 1.
1733 4222 1758 4256 ¹¹
1791 4224 1945 4273 Diod.
1969 4222 2001 4273 Ι.
2024 4224 2058 4273 l.
2083 4239 2135 4288 p.
2160 4228 2275 4274 678.
