2978 4933
710 452 716 458 .
818 413 1175 464 01...cxu.
1215 395 1281 462 2.
1356 414 1427 461 A.
1475 413 1598 461 cn.
1644 412 1719 462 Ν.
1762 396 1923 463 331.
2346 396 2479 463 315

274 565 482 645 opere
515 558 839 643 perfecto,
866 558 938 623 in
968 558 1497 635 tabernaculum,
1518 575 1609 622 ex
1638 576 1773 643 quo
1799 560 1946 622 tota
1971 556 2157 622 acies
2185 557 2477 625 hostium
2568 569 2573 572 ’

274 664 845 748 conspiciebatur,
875 662 1185 727 secessit.

345 782 540 831 rxm.
615 769 679 830 1.
726 764 914 829 Tum'
931 784 1087 829 vero
1119 765 1431 830 universa
1469 763 1674 829 futuri
1722 761 2129 830 discriminis
2170 763 2382 829 facies
2409 766 2478 830 in

274 868 494 933 oculis
531 876 707 934 erat:
755 869 954 933 armis
981 867 1351 951 insignibus
1383 868 1545 953 equi
1575 868 1835 951 virique
1858 866 2353 950 *splendebant3
2383 878 2477 947 et,

273 972 504 1036 omnia
539 972 920 1037 intentiore.
942 990 1106 1035 cura
1148 972 1523 1056 praeparari
1568 971 1747 1055 apud
1784 970 2078 1047 hostem,
2109 970 2476 1035 solicitudo

271 1081 630 1158 praetorum
662 1077 931 1158 agmina
979 1094 1106 1140 sua
1149 1075 1776 1159 interequitantium
1809 1074 2243 1138 ostendebat:
2288 1073 2354 1137 2.
2395 1093 2478 1139 ac

270 1177 591 1262 pleraque
617 1178 864 1256 inania,
896 1179 1080 1243 sicut
1106 1179 1409 1243 fremitus
1427 1178 1790 1271 hominum,
1811 1196 2138 1260 equorum
2157 1175 2477 1256 hinnitus„

270 1299 605 1345 armorum
628 1279 1156 1346 internitentium
1176 1282 1413 1363 fulgor,
1445 1281 1779 1346 solicitam
1802 1280 2272 1363 expectatione
2295 1301 2478 1346 men—

268 1389 411 1446 tem
432 1391 458 1417 ⁸
522 1385 967 1449 turbaverant.
1054 1383 1120 1449 3.
1193 1384 1405 1467 Igitur
1448 1386 1594 1449 sive
1639 1384 1885 1449 dubius
1931 1384 2159 1462 animi,
2221 1385 2366 1449 sive
2384 1389 2479 1448 ‘ut

269 1503 443 1548 suos
485 1486 916 1569 experiretur,
950 1486 1302 1553 consilium
1342 1487 1639 1567 adhibet,
1689 1490 1712 1521 ‘
1730 1486 1893 1570 quid
1934 1487 2261 1572 optimum
2292 1486 2477 1551 factu

268 1586 495 1664 esset:
542 1589 923 1673 exquirens}
1011 1591 1078 1654 4.
1123 1588 1508 1669 Parmenio,
1558 1590 2007 1675 peritissimus
2053 1591 2221 1655 inter
2266 1589 2481 1655 duces

270 1690 516 1755 artium
548 1692 734 1772 belli,
761 1697 784 1726 ‘
802 1693 1005 1773 furto,
1033 1712 1170 1758 non
1198 1694 1441 1777 praelio
1486 1712 1664 1777 opus
1687 1712 1840 1758 esse
1861 1692 1922 1733 ’⁰
1951 1693 2303 1758 censebat:
2338 1698 2359 1728 ‘
2377 1694 2478 1758 in-

141 1815 194 1856 e<
269 1800 610 1877 tempesta
654 1802 849 1861 nocte
892 1798 1181 1883 opprimi
1212 1817 1422 1881 posse
1464 1798 1740 1862 hostes:
1788 1795 2134 1861 discordes
2160 1796 2478 1874 moribus,

145 1887 148 1892 ’
257 1895 541 1977 linguis,
574 1897 808 1964 adhaec
835 1918 1075 1965 somno
1103 1906 1176 1965 et
1202 1900 1574 1985 improviso
1601 1898 1909 1984 periculo
1942 1897 2226 1975 terrim,
2268 1899 2479 1982 quan-

268 1998 361 2062 do
389 1998 466 2063 in*
501 2005 818 2065 nocturna
862 2001 1315 2087 trepidatione
1361 2002 1705 2068 coituros?
1794 2004 1877 2080 5..
1903 2000 2000 2066 At
2023 2000 2309 2065 interdiu
2338 2001 2478 2084 pri-

267 2121 449 2166 mum
474 2103 802 2169 terribiles
834 2124 1233 2172 occursuras
1275 2106 1485 2171 facies
1515 2106 1916 2189 Scytharum
1945 2104 2478 2170 Bactrianorum-

270 2224 443 2288 que:
488 2204 662 2271 hirta
705 2206 866 2271 illis.
885 2227 1006 2273 ora
1033 2215 1099 2274 et
1124 2209 1433 2273 intonsas
1465 2228 1704 2273 comas
1739 2227 1930 2288 esse3
1976 2212 2304 2292 praeterea
2333 2206 2478 2270 exio

267 2307 475 2371 miam
504 2313 846 2374 vastorum
869 2311 1395 2394 magnitudinem
1418 2331 1811 2396 corporum:
1846 2311 2039 2376 vanis
2066 2315 2136 2373 et
2166 2307 2485 2372 inanibus·

266 2409 546 2476 militem
627 2414 862 2499 magiS,
931 2434 1135 2499 quam
1198 2414 1402 2501 justis
1458 2415 1834 2482 formidinis
1892 2412 2126 2480 causis
2205 2412 2481 2478 moveri.

269 2512 537 2578 Deinde
562 2522 811 2581 tantam
836 2518 1321 2585 multitudinem
1343 2517 1370 2557 ²²
1399 2518 1839 2585 circumfundi
1862 2516 2297 2602 paucioribus
2319 2534 2478 2599 pos-³

268 2616 438 2681 set‘
480 2620 543 2681 6.
581 2638 714 2682 non
763 2620 835 2684 in
866 2621 1133 2713 Ciliciae
1180 2623 1508 2708 angustiis
1538 2630 1608 2688 et
1648 2622 1860 2692 inviis
1890 2621 2203 2698 callibus,
2244 2617 2362 2682 sed
2409 2618 2478 2682 in

333 2787 360 2811 ⁶
393 2779 615 2842 Insidiis,
635 2799 729 2832 nou
749 2790 911 2848 aperto
932 2780 1189 2836 certamine
1211 2788 1437 2837 utendum
1455 2801 1573 2836 esse.

265 2846 272 2907 j
333 2842 359 2877 ⁶
390 2846 696 2907 Macedonas,
715 2855 877 2914 utpote
895 2851 1159 2916 pauciores,
1178 2867 1208 2901 ιι
1232 2856 1365 2902 tanto
1383 2854 1646 2903 Persarum
1663 2864 1854 2900 nunnero
1869 2847 2200 2901 circumveniri
2215 2863 2369 2915 pom.

1193 2995 1556 3016 “eeeumte

263 3079 430 3124 eastra
452 3076 646 3152 muniri.
685 3078 913 3130 Florent.
936 3079 1082 3130 Leid.
1113 3080 1267 3130 Voss.
1290 3084 1339 3131 1.
1371 3082 1541 3145 Bong.
1562 3081 1784 3134 Theocr.
1807 3080 1974 3146 Lugd.
1992 3085 2050 3132 et
2064 3079 2236 3131 Amet.
2256 3075 2481 3127 successit

263 3155 370 3205 -pro
392 3148 604 3190 secessu.

334 3211 364 3255 1
401 3207 539 3256 Mer.
564 3207 950 3268 omittitsutmi.
986 3210 1139 3259 Voss.
1162 3215 1212 3261 2.
1233 3211 1416 3275 virique
1441 3211 1661 3277 undique.
1700 3212 1870 3276 Βοῦς.
1894 3215 1949 3260 et
1969 3209 2124 3259 Voss.
2148 3213 2194 3259 1.
2217 3208 2479 3258 intentione

263 3285 399 3321 cura.
469 3272 590 3320 Ald.
629 3273 763 3323 Dan.
787 3281 843 3322 et
877 3274 989 3324 Pal.
1011 3280 1059 3324 1.
1083 3277 1365 3340 proeparari.
1431 3279 1575 3341 Apud
1596 3279 1774 3326 hostem
1784 3292 1805 3335 ,·
1839 3276 2035 3340 vulgati
2054 3274 2320 3334 omittunt,
2353 3273 2479 3336 apud

266 3337 485 3393 Ιιοείεπις
519 3337 656 3401 quod
681 3337 949 3388 Acidalius
973 3347 1029 3389 et
1052 3341 1241 3391 Henm.
1265 3349 1324 3390 ut
1343 3343 1605 3404 glossema
1634 3342 1831 3390 delent.
1893 3342 2060 3402 Bong.
2083 3339 2446 3388 ostendebantur
2455 3353 2476 3394 ‚-

258 3401 508 3456 .-Florent.
536 3401 681 3453 Leid.
702 3404 854 3452 Voss.
886 3407 933 3452 1.
969 3408 1020 3453 2.
1043 3404 1165 3454 Ald.
1190 3407 1359 3456 Colin.
1385 3406 1591 3470 Gryph.
1616 3406 1973 3457 Men-‹Basaeet
1994 3404 2109 3454 Col.
2130 3402 2479 3452 ostendebatur.

267 3471 370 3515 -8
405 3468 639 3517 Florent.
665 3469 811 3519 Leid.
835 3470 987 3518 Voss.
1008 3472 1055 3518 1.
1079 3475 1128 3520 2.
1153 3478 1208 3519 et
1249 3472 1383 3522 Mer.
1404 3473 1609 3522 sollicita
1630 3471 2093 3535 exspectatione—³
2130 3468 2356 3526 Florem.
2378 3467 2478 3514 siue

267 3533 326 3582 de
347 3532 729 3583 bubiia.1.eid.
769 3538 817 3584 1.
854 3535 977 3598 quod
1011 3535 1350 3598 optimum-4
1386 3538 1646 3587 Parmenio
1677 3536 2006 3599 paratissimus
2029 3533 2262 3582 Florent.
2302 3530 2478 3591 futuro

267 3611 368 3661 pro
378 3596 523 3658 furto
554 3598 704 3647 Voss.
733 3603 779 3647 l.
788 3599 931 3660 furto
954 3599 1104 3649 deest
1126 3601 1178 3649 in
1214 3599 1384 3650 Amst.
1407 3601 1641 3661 discordis
1662 3601 1870 3650 moribus
1891 3600 2062 3662 Bong.
2089 3599 2226 3647 Dan.
2250 3596 2399 3646 Leid.
2421 3601 2478 3646 et

271 3663 421 3724 Voss.
446 3666 491 3711 1.
528 3662 762 3723 linguisve
782 3665 929 3716 Leid.
967 3666 1031 3713 od
1047 3664 1132 3714 hoc
1147 3679 1307 3717 somno
1327 3666 1559 3717 Florent.
1583 3667 1734 3716 Voss.
1759 3670 1805 3716 1.
1828 3671 1882 3714 et
1903 3665 2071 3726 Bong.
2110 3664 2174 3711 ad
2195 3663 2280 3711 hoc
2296 3675 2478 3710 summo

269 3727 423 3777 Leid.
462 3726 611 3777 adhuc
626 3744 784 3778 somno
806 3729 923 3780 Pal.
945 3734 993 3779 1.
1013 3732 1075 3777 ad
1096 3730 1196 3779 haec
1217 3735 1266 3778 et
1288 3746 1446 3780 somno
1469 3732 1521 3781 in
1546 3731 1756 3781 ceteriS.
1825 3730 1942 3779 Pal.
1968 3733 2015 3779 l.
2047 3729 2254 3791 periculo
2274 3724 2478 3775 territis.

272 3793 385 3842 Col.
408 3801 464 3842 et
502 3794 638 3844 Mer.
677 3795 794 3858 quin
826 3795 881 3843 in
916 3798 1161 3849 nocturna.
1227 3795 1378 3845 Voss.
1400 3801 1450 3847 2.
1473 3801 1752 3845 nocturnam
1769 3794 2245 3858 trepidationem—5
2279 3793 2381 3841 Aut
2402 3792 2479 3840 in·

269 3859 430 3908 ten-diu
453 3860 683 3911 Florent.
720 3860 865 3924 hyrta
886 3860 985 3910 iuis
1005 3874 1090 3909 ora
1107 3860 1261 3910 Voss.
1285 3866 1333 3911 1.
1358 3862 1489 3911 Mox
1513 3863 1661 3911 Voss.
1682 3866 1733 3912 2.
1756 3858 2231 3921 omittitjustis.—-6
2254 3857 2406 3907 Voss.
2427 3859 2478 3904 2.

269 4034 277 4041 .
1265 3993 1485 4046 NOTAE

263 4086 496 4148 Gallice,
516 4089 601 4136 des
616 4088 894 4153 palimedes.
962 4090 1109 4141 Idem
1128 4104 1335 4156 qnoque
1471 4100 1506 4128 ¹⁸
1537 4090 1775 4154 Mentem]
1808 4088 2113 4141 Alexandri.

195 4162 208 4174 ‘
276 4163 1194 4234 nomenipsiuggeri‚castrorumque
1221 4184 1337 4234 pro·
1479 4168 1506 4203 ¹³
1537 4167 1926 4231 Multitudinem]
1960 4167 2256 4220 Persarum.
2306 4163 2478 4213 Pauci·

279 4239 581 4302 pugiunculis
609 4251 707 4301 est,
738 4241 876 4305 quod
915 4243 1069 4293 vallis
1102 4248 1337 4297 munian-
1417 4247 1601 4312 oribus]
1638 4236 2051 4298 Macedonibus.-

281 4321 379 4366 tur.
443 4315 997 4398 Gallice‚m.rempurt.
1602 4316 1605 4318 ’
1656 4353 1661 4357 -
1990 4320 1999 4328 ‘
