2978 4933
782 399 898 447 οι..
945 399 1133 451 oxu.
1177 386 1241 452 2.
1315 403 1383 451 Α.
1433 406 1554 455 cn.
1606 409 1678 457 N.
1726 394 1878 460 331.
2313 405 2447 471 355

243 537 386 603 bem
418 541 626 606 tectis¹
655 550 1156 641 occupaverunt
1174 567 1196 628 ;Δ
1241 568 1363 632 per
1404 566 1529 615 xc.
1579 554 1842 621 stadiah
1893 559 2265 645 habitatur3
2311 587 2443 632 nec

242 643 465 708 omnia
495 645 817 711 continua
844 656 1036 715 sunt:
1083 651 1307 730 ored0,
1356 656 1525 739 quia
1568 658 1788 732 tutius
1826 662 2046 734 visum,
2086 675 2214 745 ost,
2244 670 2447 752 pluri·

284 764 365 809 us
392 746 565 811 locis
588 752 843 834 spargi:
890 758 1113 819 cetera
1141 763 1368 822 serunt
1406 759 1784 846 coluntque,
1813 768 1907 842 ut,
1942 767 2001 830 si
2032 774 2311 842 externa
2337 776 2442 838 vis

235 846 519 931 ingruat,
548 854 854 932 obsessis
905 856 1220 923 alimenta
1263 881 1354 925 ex
1398 864 1618 947 ipsius
1658 867 1846 932 urbis
1891 870 2039 935 solo
2085 873 2445 940 subminis-'

233 956 496 1019 trentur.
582 955 691 1021 28.
730 957 1146 1041 ,Euphratesi
1190 953 1525 1046 interfluit,
1572 988 1965 1056 magnaeque
1990 974 2192 1039 molis
2218 979 2440 1063 crepi-

234 1053 501 1121 dinibus
558 1058 925 1127 coe‘rcetur.
1013 1062 1151 1128 Sed
1203 1069 1501 1138 omnium
1550 1070 1865 1156 operumj
1914 1079 2442 1159 magnitudinem

233 1157 763 1228 circumveniunt
793 1184 1100 1232 cavernae
1128 1166 1457 1251 ingentes,
1501 1174 1573 1240 in
1617 1176 2037 1244 altitudinem
2066 1199 2321 1265 pressae
2354 1184 2442 1249 ad

230 1263 696 1347 accipiendum
723 1268 1048 1354 impetum
1069 1267 1094 1307 ¹‘
1146 1271 1521 1359 fluminis3e
1564 1280 1745 1364 quod
1777 1281 1892 1346 ubi
1925 1283 2265 1367 appositae
2297 1305 2444 1353 cre-v

295 1443 325 1478 ¹
357 1438 587 1519 Ingentia
606 1441 707 1491 hoeo
728 1458 871 1506 opera
893 1442 1107 1494 ambiunt
1129 1417 1326 1509 maguoe‘
1337 1462 1504 1514 specus
1526 1452 1578 1502 in
1597 1469 1828 1507 summum
1855 1457 2230 1520 profunditatem
2251 1461 2438 1525 depres-

229 1516 315 1565 ooe,
333 1504 398 1551 ad
417 1508 937 1573 excipiendumflumen
956 1513 1217 1562 exundans.
2437 1527 2444 1554 ³

232 1722 370 1794 rent.
398 1718 544 1770 Laid.
565 1715 719 1774 Voss.
742 1725 790 1772 1.
807 1728 864 1773 et
878 1724 1048 1799 ljong.
1067 1740 1157 1790 per
1176 1726 1410 1780 LXXX.
1432 1731 1592 1784 stadia
1605 1749 1624 1791 ,-
1674 1731 1865 1783 Fauch.
1885 1746 1973 1797 per
1996 1736 2239 1800 octog-into
2259 1739 2437 1789 stadia.

229 1783 381 1860 Leid-
407 1790 463 1834 et
483 1784 633 1837 Voss.
656 1790 778 1838 1..2.
797 1789 1116 1853 habitabatur,
1137 1793 1396 1856 probante
1417 1794 1677 1849 Acidalio.
1742 1799 1866 1848 Bas.
1891 1798 2046 1849 Frob.
2068 1801 2240 1865 Lugd.
2264 1802 2437 1853 Amst.

230 1850 452 1913 ahaeque
488 1857 621 1901 vett.
661 1853 781 1903 edd.
818 1855 1043 1918 contigua
1062 1862 1174 1907 sunt
1191 1873 1212 1916 ,-
1247 1859 1341 1909 sed
1365 1861 1596 1912 Florent.
1639 1862 1786 1913 Leid.
1809 1871 1864 1913 et
1884 1865 2036 1915 Voss.
2062 1869 2110 1914 1.
2133 1869 2183 1915 2.
2217 1869 2441 1917 continua

135 1975 137 1977 v
228 1920 362 1963 sunt.
427 1914 657 1968 Florent.
687 1917 831 1968 Leid.
856 1920 993 1970 Dan.
1013 1922 1131 1974 Pal.
1159 1927 1216 1975 l..
1240 1930 1298 1974 et
1334 1926 1503 1990 Bong.
1524 1927 1677 1978 visum
1705 1933 1755 1978 et
1785 1929 2003 1991 pluribus
2021 1946 2042 1988 ,-
2098 1930 2242 1981 Pitn.
2283 1932 2440 1982 visum

228 1984 302 2055 ρει
323 1984 373 2028 et
392 1981 621 2055 pluribus.
689 1983 799 2033 Pro
819 1985 1019 2047 ingruat
1040 1986 1267 2039 Floreat.
1295 1990 1439 2041 Leid.
1464 1993 1615 2044 Voss.
1638 1997 1686 2041 1.
1709 2000 1762 2043 et
1787 1994 1953 2058 Bong.
1975 1994 2237 2056 ingravat:
2289 1999 2433 2048 Dan.

227 2051 468 2121 ing-rapit,
502 2052 558 2095 et
578 2055 874 2099 correctum
893 2051 1135 2113 ingravat.
1204 2054 1353 2105 Voss.
1375 2060 1425 2106 2.
1463 2071 1579 2107 cum
1625 2059 1857 2122 plurimis
1896 2058 2018 2107 edd.
2048 2066 2173 2110 ante
2205 2061 2447 2121 Freinsh.

225 2110 588 2186 suurn-nursinae
602 2128 621 2170 ,·
670 2114 903 2165 Florent.
928 2114 1077 2166 Leid.
1102 2118 1255 2167 Voss.
1283 2123 1329 2170 1.
1361 2121 1529 2185 Bong.
1555 2124 1697 2174 Dan.
1719 2124 1845 2173 Pur.
1869 2123 2010 2175 Pith.
2033 2134 2088 2173 et
2111 2126 2304 2176 Faucb.
2327 2128 2435 2177 sub-

226 2179 707 2228 ministratum—28
740 2180 853 2229 Pal.
878 2184 925 2229 1.
945 2182 1356 2245 crepitudinilms3
1393 2187 1622 2240 Floreat.
1649 2188 1795 2238 Leid.
1817 2194 1873 2238 et
1896 2189 2051 2239 Voss.
2079 2192 2124 2239 1.
2147 2191 2436 2243 cohercetur.

229 2240 348 2290 Pal.
369 2244 417 2293 1.
435 2248 492 2292 et
510 2243 663 2293 Voss.
688 2248 738 2295 2.
758 2259 972 2296 cavernae
994 2247 1206 2310 ingentis
1223 2251 1566 2305 multitudinis.
1594 2285 1597 2288 ι
1623 2254 1739 2304 Pal.
1760 2259 1806 2304 l.
1829 2254 2026 2305 omittit
2047 2255 2133 2318 qui
2159 2263 2283 2307 ante
2304 2258 2437 2308 exci-

1285 2388 1334 2437 N
1341 2386 1497 2443 0⁷1·AE

227 2494 369 2547 nem,
406 2480 732 2553 longitudine
767 2484 944 2553 dupla.
1012 2487 1295 2541 Constabat

226 2560 368 2610 enirn
392 2576 456 2615 ex
481 2561 676 2626 duplici
693 2569 816 2620 actu
835 2565 1181 2630 quadrato‚ut
1207 2557 1293 2616 vo-

224 2645 373 2700 cant,
429 2639 577 2702 cujus
631 2640 796 2689 latera
840 2641 1041 2704 singula
1083 2649 1293 2693 centum

225 2715 414 2778 viginti
439 2715 631 2778 pedum
654 2723 819 2767 erant.
887 2718 1045 2769 Hunc
1069 2725 1293 2782 veteres,

224 2801 368 2845 teste
393 2795 681 2845 Columella
713 2797 802 2847 lib.
836 2812 892 2847 v.
922 2813 1039 2862 cap.
1065 2801 1111 2847 1.
1144 2802 1161 2827 ’
1178 2797 1294 2848 Ari·

225 2870 488 2938 pennem’
522 2872 815 2935 vocabant;
851 2874 989 2925 unde
1029 2876 1291 2940 vulgatum

222 2965 416 3001 nomen
436 2955 622 3013 arpent.
664 2949 771 3000 Sed
788 2951 1038 3009 hodierna
1053 2967 1294 3007 mensura

222 3028 340 3081 aliis
379 3027 509 3078 locis
546 3027 651 3083 alia
684 3032 783 3078 est.
847 3028 1099 3092 ,iugerum
1134 3029 1297 3094 aliqui

222 3104 469 3155 ducentis
503 3105 668 3159 solum
705 3104 925 3168 pedibus
956 3105 1294 3171 definierunt,

221 3180 320 3230 sed
344 3180 552 3231 Graecis
571 3180 810 3233 nimirum
828 3182 937 3236 sive
958 3182 1296 3249 Philetreriis,

221 3259 310 3323 qui
355 3257 578 3322 pedibus
624 3258 826 3313 Italicis
866 3266 1077 3315 centum
1112 3260 1294 3325 viginti

222 3335 562 3401 aequivaleut.
627 3336 745 3391 Qua
782 3335 984 3393 ratione
1025 3350 1132 3386 non
1165 3351 1295 3401 pug-

222 3419 322 3462 nat
346 3413 535 3465 Curtio
571 3412 852 3476 Diodorus,
873 3413 961 3479 qui
989 3414 1293 3478 pomoerium

219 3489 592 3554 Babylonium,
612 3488 716 3554 (ita
731 3489 869 3543 enim
892 3491 1162 3554 appellant
1173 3505 1296 3555 spus

220 3567 354 3616 tium
378 3566 522 3619 inter
542 3580 717 3623 muros
739 3566 884 3618 urbis
906 3567 1183 3632 domosque
1205 3584 1290 3617 va-

220 3657 406 3707 cuum,
423 3643 579 3708 quasi
610 3644 625 3672 ‘
647 3643 1056 3709 postmuriumss)
1089 3636 1292 3711 duobus

219 3717 443 3784 πλέθροις
477 3718 711 3777 metitur,
775 3722 911 3778 Nam
946 3718 1149 3787 πλέθρον
1179 3722 1290 3772 Sui-

219 3801 317 3850 das
342 3800 422 3851 ait
438 3812 555 3849 esse
576 3805 787 3850 centum
814 3798 1024 3863 pedum.
1091 3801 1190 3855 Est
1214 3813 1292 3847 er-

218 3895 286 3943 go
323 3884 477 3928 actus
510 3876 793 3943 quadratus
821 3877 904 3926 vel
926 3876 1294 3941 semijugerum

219 3958 536 4008 Romanum.
585 3954 721 4006 Vide
739 3955 955 4007 Salmas.
980 3955 1032 4007 in
1054 3954 1217 4013 Solin.
1241 3969 1295 4019 p.

285 4108 314 4143 ¹¹
338 4110 464 4163 Xe.
478 4109 659 4174 stadia]
680 4111 790 4165 Per
803 4110 1039 4167 undecim
1060 4109 1298 4168 milliaria

217 4194 276 4236 et
302 4186 671 4253 quadrantem.
741 4188 935 4252 Tutius]
969 4188 1196 4251 Propter
1217 4188 1293 4237 in-

217 4263 435 4314 cendia.
502 4265 707 4330 Ser-unt]
763 4267 985 4316 Videtur
1029 4265 1292 4323 Diodorus

216 4340 314 4393 lib.
337 4355 406 4393 11.
432 4357 550 4409 cap.
571 4347 618 4394 9.
641 4342 1066 4410 significare,non
1087 4344 1165 4394 ita
1184 4342 1297 4394 fac-

1377 2497 1484 2540 tum
1529 2488 1595 2541 ab
1639 2489 1805 2543 initio.
1879 2483 2202 2558 ‘Babylonis
2249 2493 2438 2557 exigua

1374 2565 1612 2631 quaedam
1646 2567 1818 2631 portio
1861 2582 1998 2623 nunc
2028 2568 2325 2631 habitatur,’
2359 2568 2437 2617 in-

1375 2643 1509 2709 quit,
1545 2643 1561 2672 ‘
1582 2644 1906 2710 maximaque
1940 2645 2080 2694 iutra
2116 2659 2285 2694 muros
2318 2659 2436 2708 pars

1374 2733 1616 2783 agrorum
1641 2720 1803 2769 cultui
1825 2727 1908 2770 est
1929 2720 2203 2785 exposita?
2270 2719 2436 2770 Nimi-

1374 2811 1488 2847 rum
1533 2797 1632 2847 etsi
1671 2811 1793 2861 pars
1837 2811 2044 2861 semper
2088 2796 2258 2862 aliqua
2299 2796 2438 2845 intra

1374 2886 1545 2924 muros
1588 2871 1773 2922 sationi
1810 2871 2032 2934 vacavit,
2063 2872 2226 2922 multo
2261 2877 2438 2921 tamen

1373 2951 1539 3015 major
1560 2950 1680 3008 fuit,
1695 2965 1761 3000 ex
1780 2965 1882 3015 quo
1902 2949 2241 3014 migrantibus
2259 2948 2438 3000 Seleu-

1372 3027 1506 3078 ciam
1551 3028 1732 3078 incolis
1778 3027 2014 3092 Babylon
2055 3026 2223 3078 deseri
2262 3032 2445 3091 coepta

1374 3112 1472 3156 est.

1439 3182 1455 3223 -¹
1483 3182 1776 3247 Euphrates]
1809 3185 1928 3239 Non
1951 3188 2108 3241 totus,
2131 3181 2223 3231 sed
2244 3195 2436 3245 unoex

1373 3258 1613 3323 pluribus
1634 3259 1802 3325 alveo,
1826 3259 1916 3324 qui
1939 3259 2217 3322 Euphratis
2251 3270 2447 3313 nomen,

1373 3334 1586 3392 retinet.
1650 3336 1787 3386 Nam
1820 3349 1990 3401 neque
2023 3336 2318 3387 Maarsares
2346 3332 2435 3382 ille

1373 3417 1484 3477 est,
1499 3418 1559 3462 ut
1595 3426 1660 3462 ex
1696 3412 1967 3462 Ptolemaei
2006 3411 2097 3461 lib.
2122 3424 2176 3460 v.
2199 3425 2319 3474 cap.
2351 3415 2435 3459 20.

1374 3489 1655 3554 perspicue
1684 3488 2051 3552 intelligimus;
2083 3502 2180 3551 nec
2214 3487 2439 3538 Basilius

1374 3566 1489 3614 sive
1508 3565 1699 3629 regius,
1717 3572 1776 3614 ut
1798 3580 1864 3615 ex
1882 3564 2064 3615 eodem
2086 3571 2296 3615 constat
2317 3579 2433 3628 cap.

1377 3648 1456 3693 18.
1526 3640 1678 3693 Prius
1722 3643 1848 3693 illud
1891 3657 1994 3701 non
2033 3644 2164 3693 satis
2205 3642 2438 3693 advertit

1374 3722 1593 3772 Latinus
1609 3723 1910 3787 Interpres5
1945 3735 2041 3770 nec
2062 3721 2318 3784 posterius
2338 3721 2434 3770 boc

1376 3799 1462 3864 qui
1488 3799 1657 3857 Notas
1686 3797 1888 3863 adjecit
1908 3797 1973 3848 ad
1996 3798 2246 3849 Tabulam
2268 3801 2447 3852 Quam.

1374 3880 1478 3929 tam
1505 3875 1665 3925 Asiae.
1952 3919 1954 3922 ,

1430 3949 1450 3994 J
1488 3951 1720 4015 Operum]
1768 3952 1890 4002 Non
1933 3953 2089 4002 solius
2133 3953 2434 4018 crepidinis,

1373 4030 1465 4081 sed
1489 4030 1650 4080 totius
1671 4029 1835 4095 urbis,
1864 4035 1923 4080 ut
1943 4042 2011 4080 ex
2034 4028 2307 4091 Herodoto
2329 4031 2438 4080 col-

1375 4107 1605 4172 ligimus.
1667 4105 1749 4157 Ac
1773 4107 1949 4170 nescio
1971 4120 2036 4156 an
2068 4121 2173 4157 non
2195 4121 2440 4172 respexe-

1374 4185 1443 4234 rit
1465 4184 1677 4234 Curtius
1699 4184 1763 4245 ad
1801 4185 2064 4248 ingentem
2101 4184 2240 4233 illum
2264 4184 2436 4234 lacum

1372 4279 1404 4314 a
1454 4263 1794 4313 Semiramide
1835 4261 2075 4312 effossum
2124 4263 2437 4326 excipiendo

1378 4342 1655 4410 Euphrati,
1678 4341 1744 4393 de
1769 4357 1870 4409 quo
1896 4340 2114 4392 Diodor.
2139 4341 2226 4391 lib.
2253 4354 2316 4390 u.
