2978 4933
493 335 626 403 442
957 353 1027 413 Q.
1073 349 1335 402 cunm
1383 349 1568 401 num
1620 352 1763 401 ma.
1817 352 1919 402 vi.
1971 354 2138 404 car.
2178 337 2243 404 4.

496 494 687 581 [sibi]
725 494 1187 561 interemisset.
1279 496 1387 563 11.
1438 492 1632 562 Nihil
1663 516 1811 562 esse
1845 497 2110 564 miseris
2136 500 2525 566 mortalibus
2552 502 2677 584 spi·

498 601 628 664 ritu
655 599 916 663 carius:
962 618 1188 664 amore
1219 598 1368 684 ejus
1410 599 1501 665 ad
1529 600 1765 667 ultima
1793 620 1946 666 esse
1973 603 2367 687 propulsum
2396 624 2411 662 ε
2445 602 2560 667 sed
2599 622 2675 667 ea

491 701 707 784 magis
736 719 890 766 esse
922 709 1253 781 secutum,
1281 722 1434 787 quae
1478 702 1815 785 coegisset
1861 707 2254 785 necessitas,
2300 726 2503 791 quam
2533 723 2678 788 quae

498 810 826 888 optasset.
912 804 1019 870 12.
1063 805 1144 871 In
1177 807 1516 871 communi
1546 807 1933 873 calamitate
1983 828 2169 873 suam
2212 829 2540 894 quemque
2578 809 2685 873 ha·

495 909 655 973 bere
674 906 1029 972 fortunam.
1117 908 1191 973 Si
1223 908 1447 973 venire
1478 928 1552 972 se
1569 907 1866 992 juberet,
1899 908 2043 974 sine
2075 915 2253 974 metu
2281 929 2431 975 esse
2459 914 2683 974 ventu-

495 1030 664 1077 rum.
755 1009 913 1075 Non
958 1008 1213 1089 timere,
1266 1030 1354 1075 ne
1400 1009 1602 1074 fidem
1648 1009 1875 1075 datam
1928 1016 2155 1076 tantus
2202 1031 2324 1075 rex
2371 1011 2684 1076 violaret:

496 1112 691 1179 Deos
722 1132 766 1178 a
794 1109 985 1179 Deoi
1025 1112 1172 1178 falli
1204 1132 1340 1178 non
1370 1114 1603 1179 solere.
1691 1114 1796 1179 13.
1842 1113 2160 1179 Ceterum
2208 1115 2292 1192 si,
2336 1114 2447 1177 cui
2490 1112 2683 1177 fidem

498 1214 712 1294 daret,
740 1215 1078 1281 videretur
1106 1216 1441 1297 indignuS,
1470 1216 1689 1280 multa
1713 1215 1924 1280 exilia
1955 1223 2187 1300 patere
2215 1216 2530 1298 fugienti:
2575 1234 2687 1298 pa·

405 1394 416 1398 ⁶
497 1315 695 1383 triam
716 1337 891 1397 esse,
920 1317 1321 1404 ubicumque
1349 1318 1453 1383 vir
1479 1317 1671 1384 fortis
1721 1318 1948 1384 sedem
1989 1318 2307 1400 elegerit?
2393 1317 2505 1383 14.
2548 1316 2689 1381 Nec

497 1418 832 1493 dubitavit
867 1417 1263 1500 Alexander,
1299 1419 1522 1497 fidem,
1551 1439 1685 1504 quo
1715 1418 1948 1486 Persae
1969 1416 2209 1485 'modo-³
2252 1419 2687 1504 accipiebant,

504 1522 685 1600 dare,
715 1525 736 1555 ‘
759 1522 1173 1600 inviolatum,
1202 1523 1264 1587 si
1306 1521 1627 1600 venisset,
1653 1520 1866 1586 forest
1951 1520 2303 1600 Quadrato
2333 1529 2557 1585 tamen
2585 1541 2690 1605 ag-

500 1624 673 1689 mine
704 1631 775 1688 et
802 1623 1180 1709 composito
1221 1624 1405 1706 ibat3
1447 1623 1906 1708 speculatores
1944 1622 2232 1689 subinde
2259 1623 2689 1707 praemittens,

501 1728 621 1813 qui
651 1728 1077 1811 explorarent
1104 1728 1301 1794 loca:
1349 1730 1452 1796 15.
1506 1728 1680 1794 levis
1728 1732 2061 1793 armatura
2100 1727 2387 1793 ducebat
2418 1746 2690 1809 agmen3

500 1830 793 1916 phalanx
820 1850 970 1894 eam
1000 1832 1396 1915 sequebatur
1419 1850 1438 1911 3
1467 1835 1627 1915 post
1655 1829 1920 1913 pedites
1948 1834 2136 1894 erant
2180 1828 2689 1912 impedimenta:

502 1941 574 1997 et
602 1953 764 2015 gens
789 1933 1117 1999 bellicosa
1141 1942 1210 1998 et
1238 1942 1477 1999 natura
1506 1932 1681 1998 situs
1714 1931 2011 1998 difficilis
2040 1932 2227 2001 aditu
2256 1951 2485 1996 curam
2525 1930 2689 2011 regis

502 2034 953 2101 intenderant!
1038 2036 1144 2101 16.
1190 2034 1503 2119 Namque
1557 2040 1883 2120 perpetua
1927 2032 2125 2099 vallis
2142 2028 2170 2068 ¹‘
2211 2032 2422 2117 Jacet,
2482 2049 2689 2114 usque

567 2240 596 2275 ἒ
628 2233 877 2300 Datafide
896 2236 1108 2298 polliceri
1114 2236 1342 2296 futurum
1362 2234 1518 2298 iprum
1537 2233 1808 2284 molum
1827 2234 1872 2284 ri
1889 2234 1954 2283 ad
1976 2232 2157 2297 Regem
2176 2232 2464 2283 accersisset.

569 2294 599 2328 ⁸
631 2299 901 2349 Alexandri
919 2301 1268 2351 solicitudinem
1286 2305 1507 2350 auxerat.
2054 2352 2059 2357 .

1422 2444 1784 2468 OOOWOOO

508 2541 917 2593 memma-11
954 2547 1122 2611 Βοῦς.
1141 2551 1188 2597 t.
1210 2550 1273 2598 ad
1293 2549 1531 2611 ultimum,
1554 2550 1828 2613 exsculpto
1849 2563 1913 2605 a,-
1934 2554 1987 2597 et
2007 2561 2129 2597 mox
2149 2545 2373 2595 omittite
2405 2545 2688 2607 propalam:

510 2607 595 2656 ced
634 2623 690 2657 ea
723 2610 877 2671 magis
907 2625 1023 2663 esse.
1094 2614 1239 2663 Voss.
1260 2617 1311 2665 2.
1344 2630 1444 2664 esre
1465 2630 1696 2666 securum.
1765 2614 1878 2672 Pal.
1901 2618 1950 2663 1.
1972 2613 2196 2662 omittit:
2231 2626 2335 2675 quae
2365 2610 2590 2671 coegisset
2617 2622 2689 2655 ae-

510 2674 738 2730 cessim,-
770 2675 924 2726 Voss.
953 2681 999 2724 1.
1017 2681 1066 2726 2.
1090 2683 1144 2726 et
1166 2679 1332 2742 Bong.
1356 2680 1515 2728 etiam
1537 2680 1806 2740 omittunt,
1827 2692 1993 2743 quam3
2015 2678 2246 2728 Florem,
2271 2682 2324 2723 et
2347 2674 2498 2728 Leid.
2518 2672 2688 2726 etiam:

604 2753 651 2786 m
672 2743 923 2802 qma—12
947 2741 1063 2793 Pal.
1086 2746 1133 2792 1.
1156 2749 1211 2792 et
1234 2743 1370 2793 Dan.
1406 2745 1538 2793 Deos
1557 2745 1673 2794 adeo
1681 2744 1950 2803 ,ἰωὰ-13
1975 2743 2204 2791 Florent.
2229 2739 2379 2790 Leid.
2403 2739 2556 2788 Voss.
2577 2742 2621 2786 2.
2642 2742 2690 2784 et

629 2818 678 2867 g.
694 2804 850 2852 sedem
871 2804 966 2853 sibi
984 2808 1333 2868 elegerin—14
1366 2808 1570 2858 Verba:
1605 2823 1695 2872 quo
1714 2809 1885 2858 Persa·
1915 2808 2046 2855 modo
2075 2805 2369 2868 accipiebant
2401 2802 2615 2852 deerant
2644 2800 2687 2847 in

511 2865 667 2917 codd.
697 2867 880 2916 Modii.
949 2871 1099 2920 Voss.
1124 2876 1169 2922 1.
1204 2878 1252 2921 et
1275 2874 1583 2936 incomposito
1603 2873 1851 2922 ibon—15
1888 2873 2118 2922 Florent.
2142 2870 2287 2922 Leid.
2308 2869 2463 2923 Voss.
2482 2870 2532 2917 1.
2568 2867 2688 2939 Dan.

510 2927 678 2993 Bong.
703 2938 759 2979 et
782 2932 917 2981 Mer.
941 2939 990 2983 et
1010 2942 1198 2986 natam·
1220 2938 1360 2987 situs·
1427 2939 1544 2990 Pal.
1569 2942 1616 2988 1.
1646 2938 1855 3002 difficilis
1881 2937 2061 2986 aditus.
2125 2935 2261 2984 Mer.
2281 2939 2337 2981 et
2360 2934 2483 2982 Bas.
2504 2930 2606 2992 regi
2623 2944 2687 2977 ta-

513 2995 728 3044 emanat
743 3011 763 3053 ,·
796 2996 1017 3047 Theocr.
1052 3000 1376 3067 intenderant,
1410 3002 1547 3066 quod
1583 3002 1786 3065 recepit
1816 3000 2133 3050 Schmieder.
2157 2999 2324 3048 ceteri
2354 3011 2533 3052 omnes
2553 2992 2688 3044 codd.

515 3063 573 3106 et
595 3055 713 3108 edd.
738 3059 1158 3113 intendam—16
1191 3067 1422 3117 Floreat.
1445 3065 1593 3118 Leid.
1611 3067 1763 3116 Voss.
1781 3070 1827 3116 1.
1849 3067 2019 3130 Bong.
2037 3069 2088 3116 2.
2108 3070 2165 3113 et
2188 3064 2327 3114 Dan.
2349 3063 2509 3113 cauea.
2558 3060 2693 3109 voss.

1500 3179 1720 3261 NoTAE

511 3320 707 3384 partim
729 3332 793 3369 ne
809 3320 1019 3372 nimium
1043 3321 1276 3387 ingratus
1292 3336 1417 3389 erga
1432 3323 1569 3374 bene

511 3396 755 3460 meritum
778 3396 1060 3450 videretur.

573 3470 590 3503 ¹
610 3471 743 3521 Deos
763 3486 793 3519 a
812 3473 944 3537 Deo]
967 3474 1073 3524 Per
1095 3474 1441 3526 adulationem
1462 3476 1572 3526 dic-

513 3551 642 3609 tum,
664 3546 798 3611 qnod
820 3549 978 3597 sciret
997 3549 1349 3601 Alexandrum
1365 3566 1463 3617 pro
1480 3552 1572 3605 Jo-

513 3624 590 3672 vis
612 3622 717 3674 filio
738 3623 920 3675 haberi
943 3629 1097 3678 velle.
1447 3633 1450 3638 “

574 3698 593 3741 3
629 3702 734 3756 Quo
762 3702 930 3751 Persoe
963 3704 1118 3768 modo]
1167 3705 1347 3757 Fidem
1378 3707 1574 3756 dabant

504 3774 695 3838 juncta
736 3791 854 3826 cum
888 3781 1249 3846 praesentibus,
1285 3783 1387 3845 vel,
1416 3784 1460 3833 si
1482 3782 1572 3833 ab·

514 3856 707 3912 essem,
724 3859 838 3906 cum
856 3854 1187 3907 internuntiis
1202 3858 1440 3909 dextera.
1478 3860 1573 3909 Vi-

516 3924 584 3973 de
595 3925 825 3977 Brisson.
839 3929 1198 3983 Nabarzanem
1212 3934 1437 3986 abfuisse
1448 3938 1576 3987 Cur-

517 4001 639 4057 tius,
662 4000 868 4054 affuisse
884 4006 1131 4060 Arrianus
1155 4013 1353 4065 scribit.

583 4074 611 4110 k
643 4065 881 4142 Perpetua
910 4084 1072 4147 callis]
1128 4086 1448 4151 Hyrcaniam
1483 4089 1577 4139 de·

519 4154 722 4218 scribit,
755 4154 960 4209 felicem
999 4161 1253 4225 inprimis,
1295 4177 1574 4215 amoenam-

521 4244 621 4297 qne
655 4232 951 4298 regionem:
1008 4238 1157 4301 cujus
1198 4240 1389 4293 limites
1435 4248 1573 4306 sunt,

1650 3337 1766 3375 eum
1786 3322 1997 3386 proprie
2032 3320 2242 3382 dicitur,
2274 3320 2339 3369 ab
2361 3319 2559 3370 Austro
2579 3318 2694 3367 Par·

1651 3399 1760 3450 thia
1801 3400 1988 3461 Vetus,
2034 3398 2099 3447 ab
2156 3397 2362 3447 Occasu
2408 3397 2697 3460 Tropatena

1651 3477 1849 3526 Mediae
1893 3490 2034 3539 pars,
2079 3490 2109 3524 a
2149 3472 2536 3539 Septemtrione
2584 3472 2696 3521 Cas·

1652 3555 1790 3619 pium
1814 3555 2239 3619 siveHyrcanum
2259 3566 2421 3615 mare,
2438 3553 2502 3602 ad
2528 3552 2698 3602 Orien·

1653 3638 1760 3682 tem
1778 3632 2067 3695 Margiana.
2135 3630 2240 3680 Sed
2258 3643 2375 3680 cnm
2400 3629 2556 3678 latius
2577 3623 2697 3676 acci-

1652 3707 1812 3772 pitur,
1834 3708 1899 3756 ad
1926 3707 2128 3758 Ochum
2166 3721 2326 3771 usque
2359 3704 2570 3755 fluvium
2593 3715 2697 3767 per-

1654 3784 1805 3847 tinet,
1829 3784 2256 3848 Margianamque
2284 3780 2554 3833 Ptolemaei
2572 3792 2698 3831 com·

1654 3860 1924 3924 plectitur,
1955 3860 2110 3908 immo
2145 3867 2200 3917 et
2243 3858 2510 3907 Parthiam
2546 3857 2696 3919 ipsam

1655 3936 1918 3985 Veterem.
2001 3934 2153 3984 Hanc
2211 3935 2347 3983 enim
2400 3932 2698 3983 Macedones

1654 4010 1857 4075 ipsique
1881 4011 2060 4060 Persae
2083 4025 2201 4059 cum
2218 4010 2486 4075 Hyrcania
2506 4020 2697 4059 censue·

1655 4098 1797 4150 runt,
1831 4088 2001 4153 inquit
2031 4089 2220 4138 Strabo
2256 4089 2348 4139 lib.
2377 4102 2458 4138 ιι.
2512 4087 2693 4152 Hyrca-

1652 4166 1789 4215 niam
1823 4166 2147 4216 recentiores
2163 4173 2352 4216 vocant
2373 4166 2690 4222 Mmmdmn,

1655 4242 1743 4292 alii
1772 4241 2077 4307 raban-esem,
2097 4242 2183 4293 alii
2209 4230 2500 4307 &acroama
2533 4240 2613 4292 sed
2628 4237 2691 4288 ui-
