2978 4933
482 377 613 445 374

485 533 956 621 Pamphyliam
1002 533 1394 617 aperuerat:
1436 532 1593 592 tnnc
1642 518 2006 589 haesitabat
2030 515 2450 602 deprehensa
2480 510 2685 578 felici-

485 648 678 721 tas;¹
726 659 846 704 nec
875 636 1060 704 aliud
1090 633 1455 699 remedium
1497 633 1660 707 etat,
1709 645 1915 710 quam
1962 620 2204 688 reverti
2234 637 2372 703 qua
2396 618 2687 682 venerat.

486 744 596 809 23.
650 744 890 826 Itaque
946 741 1139 822 signo
1179 735 1482 820 receptui
1510 732 1699 810 dato,
1746 734 1765 765 ‘
1787 727 2088 794 densatis
2115 723 2512 808 agminibus,
2542 738 2688 784 scu·

488 847 711 929 tisqne
740 863 939 928 super
964 842 1196 926 capita
1224 837 1576 914 consertiS‚
1623 839 1801 900 retro
1849 831 2130 897 evadere
2177 848 2265 893 ex
2313 819 2687 907 angustiis'

484 950 701 1034 jubet.
750 963 951 1012 xxx.
983 944 1164 1010 fuere
1193 942 1461 1020 stadia,⁰
1482 959 1638 1024 quae
1669 935 1955 1003 remensi
1986 938 2159 1000 sunt.
2464 953 2473 959 ·
2556 926 2559 927 ⁷

581 1071 687 1117 lv.
747 1053 812 1116 1.
842 1050 1018 1116 Tum
1045 1048 1283 1115 castris
1310 1044 1608 1129 undique
1635 1050 1874 1128 aperto
1903 1040 2053 1105 loco
2080 1033 2348 1122 positiS,
2377 1049 2505 1095 non
2536 1048 2693 1093 con-

493 1157 739 1224 sultare
776 1155 978 1221 modo
1022 1152 1225 1239 ‘quid
1276 1149 1606 1233 agendum
1636 1143 1862 1223 esset,’
1902 1142 2024 1207 sed
2055 1147 2549 1220 vatesffquoque
2579 1131 2695 1196 ad-

491 1261 720 1326 hibere
770 1258 983 1342 coepit
1031 1276 1075 1322 a
1125 1251 1640 1338 superstitione⁸
1695 1249 1920 1314 animi.
1993 1246 2074 1310 ’2.
2121 1242 2258 1307 Sed
2317 1237 2480 1324 quid
2535 1243 2693 1300 tnnc

494 1363 864 1448 praedicere
900 1358 1322 1435 Aristander,
1350 1346 1460 1423 cni
1491 1359 1629 1419 tum
1656 1353 2018 1439 plurimum
2062 1345 2381 1413 credebat
2409 1359 2504 1406 ex
2531 1339 2700 1403 vati-

494 1471 654 1548 buS,
704 1466 1013 1552 poterat‘l
1101 1464 1342 1547 Itaque
1394 1460 1730 1527 damnatis
1774 1451 2272 1540 intempestivis
2324 1443 2695 1520 sacrificiiS,

956 390 1025 450 Q·
1072 383 1336 439 cumn
1387 380 1573 431 num
1625 378 1768 427 ms.
1813 376 1883 425 v,
1930 376 2096 426 οΑΡ.
2144 358 2209 423 4.

564 1633 593 1667 1
628 1626 759 1678 Tm
777 1628 1048 1679 Alexandri
1052 1627 1271 1691 felicitas
1292 1626 1557 1689 interceptu
1574 1622 1841 1674 vacillabat.

1427 1772 1491 1793 Oe

502 1876 553 1922 2.
576 1876 632 1921 et
664 1873 805 1923 Dan.
841 1888 972 1924 mare
1008 1888 1105 1936 pro
1142 1873 1283 1924 muri.
1348 1873 1579 1923 Florent.
1601 1870 1749 1922 Leid.
1773 1875 1829 1920 et
1849 1867 2003 1918 Voss.
2026 1869 2072 1915 1.
2095 1867 2142 1913 2.
2174 1862 2226 1911 in
2252 1853 2578 1921 Pamphyliam
2597 1858 2704 1928 αρν.

502 1936 736 1990 Florent.
755 1940 901 1991 Leid.
924 1947 981 1989 et
1004 1940 1153 1989 Voss.
1176 1943 1223 1988 1.
1244 1946 1572 2002 aperuenerae.
1606 1937 1726 1986 Pal.
1752 1939 1799 1984 1.
1822 1950 1912 1998 quo
1933 1931 2279 1982 reveren—23
2316 1925 2544 2001 Florent.
2562 1917 2704 1968 Leid.

495 2008 562 2052 *et
581 2000 734 2054 Voss.
758 2010 804 2054 1.
824 2008 871 2054 2.
895 2005 1109 2055 densatis
1130 2004 1391 2060 ordinibus,
1412 2002 1668 2069 probante
1686 2001 1902 2051 Cunzio.
1967 1997 2121 2060 Vulg.
2141 2000 2264 2044 ante
2286 1987 2520 2040 Freinsh.
2540 1999 2629 2034 τα
2647 1997 2707 2032 ex

504 2068 745 2129 augustiis
759 2086 779 2127 ,·
813 2072 918 2119 Elz.
943 2086 1032 2120 rex
1052 2070 1307 2132 angustiis.
2365 2121 2378 2134 ‚

575 2138 603 2182 1
636 2133 653 2161 ‘
675 2134 781 2183 Vix
798 2134 982 2185 dubito
1006 2136 1129 2200 quin
1153 2133 1482 2186 scribendum
1505 2132 1573 2183 sit
1595 2147 1609 2181 ε
1643 2133 1728 2181 sed
1741 2136 1875 2183 vates
1894 2143 2070 2194 quoque
2092 2124 2316 2176 adhibere
2334 2120 2400 2185 (ι.
2424 2133 2474 2169 e.
2497 2109 2711 2176 addere)

506 2197 644 2261 ooept‘l
683 2202 748 2248 ad
784 2201 1170 2264 superstitionem
1207 2199 1392 2251 animai!
1441 2199 1631 2249 Bothe.
1698 2200 1868 2260 Bong.
1905 2193 2103 2246 omittit
2139 2195 2564 2256 praepositionem
2601 2195 2712 2228 c.—

507 2266 542 2312 2
577 2263 676 2312 Sed
699 2264 814 2326 quid
846 2271 946 2315 tum
967 2267 1120 2316 Voss.
1155 2270 1205 2315 2.
1226 2265 1373 2314 Leid.
1398 2266 1629 2315 Florent.
1654 2271 1710 2313 et
1732 2264 1898 2326 Βοῦς.
1966 2261 2065 2310 Sed
2085 2258 2198 2321 quid
2218 2269 2342 2304 nunc
2373 2253 2499 2301 Bas.
2522 2245 2639 2296 Col.
2659 2248 2713 2292 et

510 2327 649 2377 Mer.
681 2331 937 2392 producere
960 2331 1253 2380 Aristander
1274 2330 1390 2379 Pal.
1417 2334 1465 2380 1.
1485 2330 1565 2379 cui
1594 2333 1708 2379 tunc
1729 2328 1869 2378 Mer.
1902 2327 2128 2376 remitum
2151 2323 2375 2372 Florent.
2414 2323 2470 2365 et
2492 2313 2646 2361 Voss.
2672 2312 2717 2357 1.

512 2396 614 2441 mm
637 2393 789 2444 deest
819 2396 872 2444 in
905 2395 1052 2445 Leid.
1085 2397 1362 2446 credebatur
1382 2394 1527 2446 Pitli.
1563 2394 1687 2444 Put.
1726 2393 1918 2443 Fauch.
1953 2391 2052 2441 Ed.
2074 2403 2155 2453 pr.
2178 2389 2397 2437 Venett.
2421 2383 2570 2431 Rom.
2608 2375 2718 2425 Me-

514 2458 637 2509 diol.
660 2459 856 2511 Veron.
879 2459 1174 2512 hut-Bas.
1197 2461 1319 2511 Ald.
1343 2460 1511 2511 Colin.
1536 2460 1740 2525 Gryph.
1771 2460 1884 2511 Col.
1916 2456 2074 2508 Frob.
2099 2452 2269 2518 Lugd.
2293 2456 2352 2501 et
2375 2449 2598 2498 recentt.
2620 2454 2717 2491 cre·

511 2523 651 2575 ciebat
686 2526 803 2580 Pal..
825 2532 872 2579 1.
893 2528 1033 2578 Dan.
1073 2529 1243 2593 Boug.
1265 2529 1420 2579 Voss.
1459 2532 1507 2577 1.
1529 2531 1579 2577 2.
1619 2526 1767 2577 Leid.
1800 2533 1857 2576 et
1884 2526 2110 2575 Florent.
2135 2517 2275 2585 quod
2298 2515 2495 2582 primus
2521 2506 2719 2571 recepit

1510 2658 1732 2710 No'rAE

513 2757 735 2820 nrbem‚'
756 2759 925 2824 inquit
949 2759 1139 2810 Strabo
1168 2757 1259 2809 lib.
1286 2772 1404 2810 xlv.
1425 2758 1440 2786 ⁸
1459 2762 1581 2807 sunt

513 2835 580 2885 ad
603 2850 743 2884 mare
763 2836 1012 2898 angustiae
1031 2851 1127 2900 per
1144 2851 1271 2903 quas
1288 2836 1580 2886 exercitum

514 2913 751 2962 traduxit
786 2912 1103 2964 Alexander.
1188 2914 1287 2963 Est
1327 2912 1463 2961 enim
1508 2911 1582 2961 ibi

514 3008 661 3044 mons
685 2993 907 3057 climax,
941 2993 1251 3058 Pamphylio
1283 2990 1582 3042 incumbens

515 3072 665 3133 mari,
685 3077 741 3120 et
764 3078 985 3135 propter
1016 3071 1164 3121 littus
1198 3076 1401 3120 arctum
1426 3069 1584 3118 relin-

519 3162 684 3214 quens
707 3148 981 3197 transitum
1001 3163 1017 3208 3
1041 3148 1130 3213 qui
1155 3146 1432 3212 tranquillo
1456 3145 1587 3194 mari

518 3223 763 3289 nudatur,
785 3230 842 3275 et
864 3240 896 3274 a
922 3225 1208 3275 viatoribus
1236 3211 1587 3288 perambulari

519 3307 724 3366 potest:
749 3302 880 3351 mari
897 3302 1213 3365 exundante,
1227 3299 1476 3352 fluctibns
1496 3299 1585 3350 ob·

520 3378 754 3444 tegitur!
820 3380 1068 3430 Exundat
1098 3386 1290 3441 autem,
1323 3385 1384 3428 ut
1425 3376 1588 3427 tradit

520 3459 795 3521 Arrianus,
819 3458 836 3486 ‘
851 3460 1427 3510 Austroinvalescente.
1455 3460 1588 3508 Tum

522 3550 649 3585 vero
669 3551 735 3585 ex
752 3535 1147 3603 vehementibus
1166 3536 1376 3585 Austris
1393 3536 1590 3585 Borea-

521 3612 599 3661 les
642 3613 784 3662 venti
818 3614 989 3663 exorti
1023 3611 1230 3662 facilem
1265 3627 1328 3663 ac
1364 3613 1588 3662 celerem

524 3690 799 3738 transitum
839 3689 1228 3754 praebuerunt3'
1282 3690 1359 3740 ita
1396 3697 1589 3747 tamen,

525 3765 673 3815 addit
694 3766 902 3829 Strabo,
926 3767 942 3795 ‘
967 3775 1024 3817 ut
1046 3773 1211 3818 totum
1236 3767 1374 3816 diem
1397 3767 1588 3817 milites

525 3855 624 3905 per
654 3857 839 3907 aquam
878 3844 980 3894 iter
1022 3843 1277 3903 facerent,
1318 3860 1480 3910 nsque
1525 3844 1592 3895 ad

525 3917 828 3968 umbilicum
860 3921 910 3969 in
946 3936 1059 3971 eam
1082 3922 1343 3974 demersi.'
1413 3925 1593 3976 Quare

528 3994 719 4043 merito
747 4002 991 4046 notantur
1020 4013 1049 4048 a
1078 3999 1366 4049 Plutarcho
1390 4001 1477 4066 qui
1503 4015 1597 4065 pro

531 4068 783 4119 miraculo
819 4073 1091 4125 transitum
1117 4076 1261 4127 illum
1289 4078 1595 4143 jactarunt3

533 4160 650 4195 cum
672 4146 785 4211 ipse
812 4148 1108 4201 Alexander
1136 4153 1189 4202 in
1213 4156 1316 4205 suis
1350 4156 1598 4220 Epistolis

533 4222 661 4271 nihil
682 4223 733 4272 iu
757 4239 821 4273 ea
846 4239 901 4273 re
920 4228 1201 4293 prodigiosi
1225 4239 1489 4293 agnoscat.
1523 4231 1600 4281 Ut

535 4298 795 4367 imperite,
814 4315 878 4352 ne
905 4303 1074 4355 dicam
1097 4306 1274 4372 impie,
1297 4307 1484 4359 fecisse
1505 4309 1597 4362 Jo-

1660 2758 1847 2823 sephus
1871 2756 2135 2815 videatur,
2155 2751 2246 2817 qui
2281 2751 2496 2798 narrato
2519 2737 2719 2793 Israeli·

1661 2843 1828 2885 tarum
1847 2832 2065 2884 transitu
2082 2845 2177 2895 per
2192 2827 2423 2879 Rubrum
2439 2822 2612 2882 Mare,
2625 2830 2718 2881 quo

1661 2910 1915 2961 credibile
1962 2909 2207 2973 probaret
2240 2916 2357 2952 esse
2402 2895 2719 2951 miraculum,

1663 2989 1830 3039 simile
1853 2986 2097 3053 quiddam
2123 2978 2418 3031 Alexandro
2450 2971 2719 3043 contigisse

1665 3065 1920 3129 agnoscit,
1943 3071 1998 3113 et
2019 3062 2086 3113 ab
2106 3058 2344 3110 omnibus
2364 3049 2608 3103 affirmari
2629 3055 2721 3097 tra·

1665 3143 1763 3205 dit,
1783 3143 1872 3210 qui
1897 3157 1982 3191 res
2003 3141 2116 3205 ejus
2139 3143 2315 3203 gestas
2332 3132 2503 3183 literis
2521 3125 2723 3179 manda·

1665 3228 1805 3271 runt.
1841 3217 2171 3284 Pamphylia,
2192 3215 2286 3264 lib.
2304 3225 2389 3261 ιιι.
2411 3223 2531 3271 cap.
2557 3212 2602 3256 1.
2738 3211 2743 3220 ’

1731 3305 1755 3331 ⁰
1791 3296 1978 3347 XXX.
1986 3296 2132 3356 suere
2148 3288 2330 3352 stadia]
2354 3288 2596 3339 Quatuor
2617 3293 2723 3345 pro-

1667 3375 1944 3443 pemodum
1968 3371 2223 3422 milliaria.
2284 3365 2388 3415 Sed
2410 3363 2479 3413 ad
2501 3363 2730 3411 trecenta

1666 3467 1833 3517 nsque
1869 3450 2038 3501 stadia
2079 3457 2452 3509 retrogressus,
2484 3437 2623 3505 quod
2662 3434 2729 3484 ait

1670 3528 1952 3591 Diodorus,
1973 3525 2160 3576 castris
2186 3524 2357 3572 locum
2377 3517 2564 3581 elegit.

1733 3613 1758 3640 ἢ
1779 3607 1824 3656 A
1841 3601 2198 3669 superstitione]
2220 3600 2298 3648 Ex
2319 3596 2405 3645 vel
2432 3608 2542 3658 prae
2562 3604 2735 3655 super-

1672 3684 1904 3746 stitione,
1939 3677 2193 3746 quomodo
2225 3673 2422 3735 Livius,
2454 3668 2555 3719 ‘ab
2579 3670 2655 3718 ira
2683 3673 2735 3715 et

1671 3760 1829 3812 odio.'
1888 3768 1903 3789 ⁸
1926 3749 2325 3822 superstitiosi,'
2360 3748 2533 3813 inquit
2557 3746 2736 3796 Cicero

1672 3840 1738 3889 de
1764 3838 1891 3889 Nat.
1913 3837 2075 3885 Deor.
2099 3832 2191 3882 lib.
2216 3843 2280 3879 11.
2314 3830 2331 3855 ‘
2350 3825 2485 3875 dieti
2506 3828 2627 3873 sunt
2655 3819 2738 3885 qni

1673 3927 1816 3972 totos
1859 3918 1974 3969 dies
2014 3912 2364 3981 precabantur
2414 3914 2474 3956 et
2517 3902 2738 3954 immola·

1679 3998 1826 4060 bant,
1873 4003 1932 4045 ut
1969 3994 2067 4044 sibi
2112 3991 2191 4040 sui
2236 3986 2387 4038 liberi
2433 3981 2737 4047 superstites

1678 4073 1889 4125 essent!
1915 4072 2082 4122 Aliam
2100 4078 2272 4118 tamen
2292 4058 2735 4118 Lucretius‚aliam

1678 4150 2002 4212 Lactantius,
2037 4144 2287 4207 originem
2324 4137 2464 4187 vocis
2502 4133 2733 4184 afferunt.

1678 4229 1810 4279 Inde
1834 4225 2030 4293 quaevis
2053 4224 2348 4285 importuna
2382 4219 2439 4263 et
2466 4214 2640 4276 inepta
2662 4223 2733 4259 re·

1678 4306 1804 4371 ligio
1827 4297 2213 4368 superstitionis
2237 4306 2426 4345 nomen
2449 4290 2640 4340 habuit.
