2978 4933
468 344 620 411 236.
940 364 1010 422 Q.
1057 361 1319 411 cmz'ru
1373 362 1552 411 num
1605 363 1746 412 mn.
1796 364 1895 411 ιν.
1944 366 2109 412 cAP.
2154 350 2217 413 2.

477 510 725 587 gerent,
774 506 1111 571 manantis
1157 507 1502 590 sanguinis
1550 514 1773 590 guttas
1825 513 2260 574 notaverunt:
2309 508 2665 593 territoque

474 629 650 692 rege,
681 608 1075 674 Aristander
1103 611 1549 693 peritissimus
1592 621 1850 691 vatum,
1898 617 1918 647 ‘
1940 612 2000 678 si
2027 613 2439 677 extrinsecus
2484 632 2671 677 cruor

475 713 811 791 fluxisset,
844 712 1330 777 Macedonibus
1357 714 1438 778 id·
1453 715 1638 779 triste
1660 713 1954 779 futurum
1974 714 1991 740 '
2020 715 2157 779 ait:
2205 718 2226 749 ‘
2247 722 2505 791 contra,
2527 733 2676 778 cum

479 817 567 881 ab
597 817 906 881 interiore
939 821 1128 901 parte
1157 820 1541 896 manaverit,
1574 819 1743 895 urbi,
1777 839 1982 902 quam
2014 817 2322 882 obsidere
2352 817 2677 881 destinas-

479 927 648 997 sent,
680 921 958 985 exitium
991 920 1430 1004 portendere.'
1517 921 1625 986 15.
1673 922 2082 998 Alexander,
2108 941 2257 985 cum
2290 928 2358 984 et
2386 920 2678 984 classem

477 1023 709 1107 procul
739 1023 1033 1102 haberet,
1057 1034 1126 1088 et
1153 1025 1421 1107 longam
1454 1027 1868 1090 obsidionem
1900 1043 2142 1108 magno
2174 1024 2304 1087 sibi
2335 1022 2423 1087 ad
2455 1027 2683 1087 cetera

478 1126 951 1209 impedimento
982 1127 1236 1192 videret
1263 1127 1408 1196 fore
1430 1120 1460 1210 3>
1488 1130 1994 1205 caduceatoreS,
2026 1129 2143 1212 qui
2173 1128 2258 1191 ad
2285 1146 2529 1210 pacem
2566 1144 2681 1190 eos

480 1230 976 1312 compellerent,
1002 1230 1213 1296 misit:
1260 1252 1428 1315 quos
1455 1233 1646 1318 Tyrii
1678 1241 1915 1298 contra
1934 1233 2055 1317 jus
2087 1231 2383 1313 gentium
2412 1229 2681 1293 occisos

480 1333 1073 1417 praecipitaverunt
1101 1335 1171 1397 in
1201 1336 1442 1403 altum:
1489 1343 1690 1421 atque
1722 1338 1861 1415 ille,
1893 1355 2165 1401 suorum
2220 1340 2359 1398 tam
2403 1332 2684 1414 indigna

480 1454 648 1498 nece
698 1441 1089 1512 commotuS,
1139 1436 1378 1501 urbem
1438 1438 1749 1504 obsidere
1809 1441 2061 1504 statuit.
2151 1439 2255 1502 16.
2345 1435 2482 1499 Sed
2532 1439 2686 1498 ante

475 1536 800 1620 jacienda
842 1539 1053 1602 moles
1097 1549 1263 1617 erat,
1323 1538 1474 1624 quae
1518 1542 1755 1606 urbem
1798 1540 2167 1606 continenti
2217 1539 2682 1603 committeret.

485 1640 734 1723 Ingens
765 1661 920 1724 ergo
965 1643 1228 1707 animos
1273 1643 1557 1710 militum
1606 1645 1994 1729 desperatio
2039 1641 2340 1719 incessit,
2387 1643 2684 1724 [cernen-

484 1743 680 1825 tium]
713 1744 1159 1828 ‘profundum
1205 1768 1408 1826 mare,
1454 1749 1649 1839 quod(
1671 1749 1791 1814 vix
1838 1747 2071 1813 divina
2116 1764 2246 1829 ope
2277 1751 2523 1826 posset
2566 1744 2684 1807 im-

406 1838 416 1848 ’
484 1847 692 1931 pleri:
737 1868 891 1931 quae
944 1867 1115 1913 saxa
1166 1855 1303 1914 tam
1361 1859 1578 1928 vasta,
1633 1870 1805 1936 quas
1849 1857 1986 1916 tam
2031 1866 2351 1933 proceras
2411 1847 2686 1911 arbores

483 1969 684 2033 posse
714 1953 1037 2035 reperiri?
1070 1948 1086 1987 ¹
1129 1952 1618 2018 exhauriendas
1650 1973 1807 2017 esse
1838 1952 2168 2035 regioneS,
2198 1956 2273 2017 ut
2324 1948 2495 2013 illud
2528 1969 2689 2033 spa·

484 2053 649 2118 tium
708 2061 1128 2138 aggeraretur
1152 2063 1212 2125 ε]
1257 2062 1322 2121 et
1366 2065 1748 2123 exaestuare
1799 2054 2057 2140 semper
2109 2054 2373 2129 fretum,
2404 2072 2686 2147 quoque

387 2188 390 2193 ·
487 2158 736 2222 arctius
766 2160 1135 2225 volutetur*
1177 2162 1345 2227 inter
1373 2161 1662 2226 insulam
1693 2168 1760 2225 et
1787 2160 2265 2234 continentem,
2284 2156 2431 2235 ,hoc
2466 2157 2688 2221 acrius

484 2259 745 2324 furere?
830 2263 935 2328 17.
1004 2261 1101 2328 At
1150 2264 1261 2329 ille
1319 2264 1847 2348 haudquaquam
1893 2262 2075 2328 rudis
2136 2259 2465 2326 tractandi
2515 2260 2691 2323 mili-

489 2368 664 2427 tares
710 2364 991 2444 animoS,
1042 2371 1062 2400 ‘
1089 2369 1384 2469 speciem
1434 2369 1564 2433 sibi
1611 2368 1929 2437 Herculis
1976 2366 2048 2430 in
2093 2383 2328 2429 somno
2383 2362 2690 2427 oblatam

544 2554 572 2602 θ’
606 2558 796 2621 Aggere
813 2560 1106 2625 impleretur.
1367 2562 1391 2595 1
1429 2563 1497 2612 Et
1519 2547 1608 2631 q'uo
1628 2562 1905 2627 angustiore
1917 2562 2070 2630 spatio
2091 2562 2318 2611 volvitur.

1409 2706 1470 2728 00
1472 2707 1775 2730 OOOOOOOO

494 2823 728 2873 Florent.
753 2826 900 2877 Leid.
927 2827 1077 2877 Voss.
1103 2831 1150 2876 1.
1170 2832 1221 2877 2.
1257 2828 1425 2890 Βοῦς.
1463 2828 1631 2891 Lugd.
1666 2835 1723 2877 et
1756 2827 1927 2877 Amst.
1942 2825 2249 2887 frangerent,
2285 2822 2420 2888 quod
2458 2823 2701 2886 reposuit

491 2888 809 2941 Sclxmieder.
844 2894 998 2943 Voss.
1021 2898 1070 2942 2.
1092 2894 1275 2954 peritus
1296 2899 1474 2943 vatum.
1512 2894 1738 2942 Florem.
1762 2891 1911 2942 Leid.
1936 2892 2083 2939 Voss.
2109 2894 2154 2939 l.
2177 2894 2226 2939 2.
2251 2896 2308 2938 et
2335 2890 2504 2952 Bong.
2541 2889 2697 2938 omit-

493 2959 612 3002 tunt
627 2957 881 3017 respondit.
915 2959 1063 3007 VosS.
1085 2963 1136 3006 2.
1159 2958 1373 3007 manibus
1396 2957 1863 3020 provMacedonibus.
1902 2957 2138 3005 Florent.
2159 2954 2305 3014 Leid„
2330 2954 2484 3003 Voss.
2507 2959 2553 3003 1.
2575 2958 2629 3005 2.
2646 2962 2701 3003 et

493 3017 616 3067 Ald.
626 3020 851 3078 futurum
872 3023 961 3072 ait.
996 3024 1011 3050 ‘
1031 3023 1160 3071 Cum
1196 3024 1493 3073 melioribus
1516 3020 1669 3074 codd.
1690 3037 1868 3072 vocem
1892 3021 2135 3085 respondit
2156 3020 2323 3081 omisi,
2346 3027 2402 3068 et
2423 3019 2496 3068 ait
2516 3020 2697 3069 addidi

492 3090 614 3146 post
624 3083 883 3143 futurum?
914 3086 1230 3138 Schmie'der.
1295 3088 1429 3138 Dan.
1464 3104 1570 3137 cum
1592 3103 1654 3138 ex
1686 3087 1916 3136 interiore
1931 3103 1951 3144 ,·
1987 3086 2151 3149 Lugd.
2176 3091 2231 3134 et
2255 3084 2423 3133 Amst.
2444 3099 2548 3138 cum
2571 3084 2698 3133 inee-

491 3150 638 3208 riore,
662 3150 847 3198 omisso
882 3152 959 3202 ab.
1027 3153 1256 3201 Florent.
1295 3152 1443 3202 Leid.
1482 3154 1635 3202 Voss.
1679 3157 1726 3203 l.
1767 3156 1818 3201 2.
1852 3152 2022 3214 Bong.
2062 3158 2118 3200 et
2155 3150 2269 3199 Pal.
2313 3153 2359 3198 1.
2398 3155 2700 3200 nzanoeverat.

491 3213 709 3278 Theocr.
733 3223 788 3264 et
805 3216 952 3265 Voss.
976 3221 1024 3266 2.
1045 3217 1346 3268 destinasset.
1378 3218 1501 3268 Bas.
1525 3218 1707 3267 assum
1724 3219 2148 3281 portendere.-l5
2185 3213 2395 3265 Modius
2421 3225 2474 3264 et
2502 3215 2696 3264 Henm.

493 3278 788 3329 maluerunt
811 3298 823 3329 ε
846 3282 1008 3347 itaque
1024 3282 1104 3331 ille
1123 3298 1332 3347 suorum,
1354 3285 1434 3346 &a
1467 3285 1621 3333 Voss.
1646 3287 1694 3333 2.
1716 3283 1915 3332 omittit
1936 3287 2035 3331 tam
2059 3288 2181 3331 ante
2203 3281 2402 3341 indigna
2419 3296 2440 3338 ,⁰
2462 3280 2698 3329 Florent.

491 3343 640 3393 Leia.
667 3345 792 3395 Ald.
817 3349 927 3396 Col.
953 3348 1075 3397 Bas.
1116 3356 1170 3397 et
1207 3349 1342 3397 Mer.
1366 3349 1474 3409 jam
1496 3349 1716 3412 indigna,
1752 3348 2010 3413 probante
2047 3346 2398 3397 Schmiedero.
2465 3345 2700 3395 Florent-

495 3408 645 3460 Leid.
669 3411 819 3462 Voss.
843 3417 888 3461 1.
913 3416 962 3462 2.
984 3415 1121 3463 Dan.
1143 3413 1257 3462 Pal.
1287 3418 1333 3463 l.
1357 3421 1410 3462 et
1434 3414 1599 3477 Bong.
1624 3420 1775 3464 morte
1798 3428 1892 3477 pro
1924 3416 2183 3463 ηοω-16
2215 3411 2449 3460 Floreat.
2474 3411 2620 3460 Leid.
2642 3419 2699 3460 et

491 3474 643 3525 Voss.
678 3480 724 3526 1.
752 3481 802 3527 2.
834 3478 1098 3528 continenti
1118 3479 1294 3528 urbem.
1360 3480 1592 3530 Florent.
1613 3480 1761 3529 Leid.
1794 3486 1851 3529 et
1872 3479 2024 3529 Voss.
2048 3482 2099 3527 1.
2134 3476 2422 3539 disperatio5
2454 3476 2623 3539 Bong.
2649 3481 2697 3527 1.

491 3539 749 3603 disperatio
784 3542 1006 3605 incensit,
1043 3544 1444 3608 superscriptae
1462 3562 1482 3604 ,·
1517 3546 1662 3595 Pith.
1695 3545 1906 3595 incendit
1943 3543 2221 3607 desperatio.
2287 3542 2521 3590 Florem.
2546 3540 2696 3591 Leid.

494 3604 648 3657 Voss.
675 3610 720 3655 1.
755 3609 893 3658 Dan.
925 3617 980 3659 et
1009 3609 1175 3673 Bong.
1210 3611 1507 3660 cernentibus
1523 3627 1575 3675 p.
1598 3624 1748 3661 mare.
1814 3610 1943 3659 Mox
1967 3608 2108 3659 Pith.
2128 3613 2177 3656 et
2197 3607 2512 3664 hamiendam
2547 3605 2696 3662 Leid.

492 3671 822 3725 exauriendas.
889 3674 1122 3734 Floreat.
1161 3675 1309 3728 Leid.
1343 3677 1494 3726 Voss.
1534 3682 1582 3727 l.
1604 3680 1655 3726 2.
1691 3683 1745 3725 et
1767 3675 1992 3725 Theocr.
2011 3678 2404 3735 exaggeraretur.
2471 3672 2619 3719 Voss·
2646 3675 2695 3721 2.

491 3734 634 3786 Pith.
658 3742 712 3787 et
733 3740 869 3790 Mer.
894 3745 941 3789 et
966 3745 1169 3791 <estuare
1183 3757 1203 3798 ;
1240 3741 1406 3805 Bong.
1427 3746 1474 3791 2.
1502 3741 1692 3792 Fauch.
1719 3741 1953 3791 Florent.
1977 3738 2126 3789 Leid.
2153 3738 2305 3787 Voss.
2329 3741 2376 3786 1.
2402 3743 2456 3786 et
2476 3737 2692 3785 Theocr.

492 3807 755 3853 exoestuure
768 3820 787 3862 ‚·
837 3807 1006 3868 Bong.
1042 3811 1090 3856 1.
1129 3811 1350 3862 (estuare,
1390 3808 1580 3857 omisso
1613 3812 1680 3858 et.
1745 3806 1893 3855 Voss.
1933 3809 1983 3856 2.
2018 3804 2176 3854 acrius
2201 3802 2510 3866 fluere—17
2546 3800 2692 3850 Leid.

489 3863 721 3918 Florem.
744 3870 897 3921 Voss.
936 3875 983 3919 1.
1002 3874 1051 3922 2.
1076 3872 1211 3923 Dan.
1232 3879 1287 3921 et
1310 3874 1479 3940 Bong.
1505 3877 1553 3922 1.
1580 3870 1924 3936 pertractandi.
1989 3870 2125 3919 Dan.
2164 3875 2220 3917 et
2243 3866 2384 3917 Pith.
2420 3867 2474 3915 in
2495 3866 2690 3917 εοηιηίο.

1479 4004 1530 4055 N
1537 4004 1701 4055 01*AE

555 4110 569 4146 ¹
608 4112 753 4163 Posse
772 4114 1000 4178 reperiri]
1032 4113 1149 4165 Hoc
1183 4123 1340 4181 atque
1375 4117 1553 4167 simili·
1634 4113 2044 4167 subaudiendum
2089 4110 2407 4178 ‘putarent‚’
2447 4110 2533 4160 vel
2570 4110 2690 4175 qnid

491 4191 589 4241 bus
628 4191 755 4241 locis
797 4207 916 4257 quae
954 4206 1094 4258 saepe
1128 4201 1425 4256 occurrunt,
1464 4194 1553 4244 nbi
1636 4194 1832 4255 simile3
1865 4189 2119 4258 quomodo
2141 4190 2302 4239 etiam
2329 4187 2535 4256 Gallice
2567 4186 2688 4238 diei-

494 4282 590 4334 per
630 4266 833 4319 infinita
874 4268 1037 4319 verba
1086 4269 1148 4319 fit
1186 4270 1552 4333 interrogatio,
1635 4284 1768 4333 mus,
1784 4271 1848 4319 οὑ
1870 4273 2081 4330 trouver,
2095 4267 2187 4328 250.-
