2978 4933
775 396 1034 448 surra.
1081 397 1162 447 m
1210 398 1279 460 Q.
1327 395 1681 448 oua-rium
1728 397 1874 447 mn.
1925 399 1978 447 1.
2387 372 2473 448 71

277 558 457 622 supra
482 550 633 603 erat.
686 543 871 603 'Nam
898 563 1034 605 cum
1064 553 1225 605 esset
1243 542 1440 604 laudis
1470 542 1870 619 avidissimus,
1909 562 2025 605 non
2060 543 2472 623 undecumque

276 652 407 698 eam
437 638 776 712 affectabat,
805 639 912 701 sed
940 641 1177 722 optimis
1205 640 1541 721 quibusque
1586 642 1909 723 comparari
1954 642 2262 722 gaudebat·
2285 660 2343 703 :¹¹
2385 641 2484 700 in·

277 736 526 816 gloriam
557 756 632 797 ex
658 737 872 799 vilibus
902 738 1160 819 palmam
1184 738 1548 819 intelligens,
1576 749 1862 820 tantoque
1890 741 2262 802 illustriorem
2285 742 2472 801 victo-

278 832 447 905 riam,
474 843 702 913 quanto
729 855 882 914 quos
909 834 1150 897 vicisset
1178 836 1360 917 pluris
1404 835 1792 898 haberentur.·
1873 840 1964 899 17.
2015 840 2176 919 Ergo
2224 839 2474 899 dicenti·

278 930 416 1001 bus,
458 937 475 965 ‘
499 933 778 1011 quoniam
821 953 1000 994 cursu
1045 934 1357 1014 plurimum
1402 933 1643 1009 valeret,
1692 935 1908 996 debere
1955 937 2214 1016 profiteri
2260 956 2477 998 nomen

282 1046 456 1087 suum
500 1029 653 1090 inter
690 1049 814 1102 eos,
854 1032 971 1112 qui¹
1005 1032 1335 1114 olympicis
1365 1032 1522 1093 ludis
1550 1034 2076 1109 certaturiessent,
2105 1034 2476 1115 cognominis

283 1124 394 1184 sibi
416 1127 570 1206 regis
593 1129 866 1208 exemplo
884 1149 901 1198 ς
920 1135 943 1161 ⁰
986 1151 1262 1210 magnam
1292 1150 1364 1192 ea
1391 1151 1453 1191 re
1483 1152 1585 1212 per
1608 1130 1901 1193 Graeciam
1935 1134 2045 1193 sibi
2072 1133 2289 1193 famam
2316 1151 2479 1192 com-

283 1233 622 1301 paraturum
647 1224 683 1287 ε’
734 1233 750 1262 ‘
783 1227 1103 1303 Facerem‚'
1141 1229 1351 1309 inquit,
1394 1236 1410 1264 ‘
1438 1230 1489 1287 si
1536 1249 1707 1308 reges
1749 1228 2025 1291 haberem
2070 1228 2480 1291 adversarios!

292 1322 384 1379 18.
444 1321 691 1390 Quoties
741 1335 846 1383 aut
897 1325 1184 1404 proeclara
1230 1327 1432 1406 aliqua
1476 1346 1678 1406 pugna
1733 1327 2038 1409 Philippus
2084 1328 2323 1399 vicerat,
2378 1320 2482 1385 aut

286 1417 570 1497 oppidum
620 1421 966 1500 opulentum
1013 1422 1074 1481 in
1125 1433 1483 1503 potestatem
1531 1423 1874 1503 redegerat:
1929 1424 2267 1484 laetantibus
2325 1423 2478 1494 aliis,

284 1514 413 1593 ipse
442 1515 605 1577 haud
634 1519 884 1580 obscure
920 1519 1421 1581 indolescebatt⁹
1461 1532 1832 1602 exceptaque
1881 1541 1996 1582 vox
2043 1532 2136 1582 est
2182 1521 2492 1602 querentis
2537 1580 2547 1586 .

287 1612 440 1675 inter
466 1616 751 1695 aequales,
794 1623 811 1652 ‘
835 1616 981 1677 nihil
1008 1618 1219 1698 reliqui
1253 1618 1545 1679 facturum
1586 1630 1811 1698 patrem
1861 1620 1972 1679 sibi
2022 1619 2305 1700 ipsisque,
2347 1638 2483 1678 cum

288 1709 688 1775 adolevissent
712 1714 748 1775 :'
788 1715 1007 1796 quippe
1057 1714 1453 1797 deperiturum
1477 1715 1683 1795 gloriae
1713 1718 2042 1788 verebatur,
2071 1715 2354 1795 quicquid
2384 1733 2484 1773 ac-

287 1810 570 1873 cessisset
595 1814 848 1892 opibus:
880 1834 989 1875 nec
1011 1823 1132 1874 tam
1155 1814 1361 1875 harum
1381 1812 1779 1895 possessione,
1807 1833 1983 1894 quam
2013 1814 2183 1873 istius
2207 1812 2486 1893 cupidine

288 1911 649 1972 movebatur.
727 1914 822 1973 19.
866 1912 1072 1972 Somni
1099 1921 1308 1972 natura
1335 1912 1737 1992 parcissimus,
1764 1913 1940 1972 etiam
1970 1923 2093 1971 arte
2120 1909 2487 1989 vigilantiam

289 2008 651 2088 adjuvabat:
696 2010 748 2070 si
789 2010 931 2090 quid
977 2010 1354 2084 occurrisset,
1398 2010 1561 2091 quod
1612 2009 1765 2071 seria
1805 2008 2189 2070 meditatione
2239 2006 2486 2086 dignum

289 2106 621 2177 videretur;
664 2108 1093 2189 comprehensa
1133 2108 1255 2190 pila
1302 2114 1632 2188 argentea,‘⁸
1684 2106 1992 2167 brachium
2045 2117 2212 2166 extra
2265 2104 2485 2165 lectum

289 2205 646 2286 porrigebat,
664 2217 732 2267 ut
747 2207 808 2267 in
827 2207 1152 2288 subjectam
1169 2206 1630 2288 pelvimillapsa,
1648 2204 1907 2267 excitato
1937 2203 2157 2275 sonitu,
2191 2212 2487 2282 torporem

291 2305 367 2362 inss
400 2324 675 2365 somnum
716 2305 1047 2368 deficientis
1092 2307 1434 2368 discuteret.
1537 2308 1637 2365 20.
1699 2305 1863 2364 Deos
1908 2303 1983 2363 ab
2024 2302 2265 2362 ineunte
2309 2308 2492 2359 aetate

293 2402 602 2483 magnifice
630 2403 856 2464 coluit.r
935 2404 1117 2465 Sacro
1145 2403 1406 2485 quodam
1444 2402 1528 2464 ita
1557 2401 1873 2463 liberaliter
1902 2400 2076 2461 thura
2103 2400 2355 2459 flammis
2399 2398 2490 2456 in-

293 2499 446 2574 tulit,
475 2512 543 2561 ut
570 2502 886 2575 Leonidas,
914 2503 999 2564 vir
1038 2523 1278 2565 severus
1330 2513 1394 2564 et
1427 2522 1666 2586 parcus,
1708 2501 2108 2582 profusionem
2152 2499 2326 2559 istam
2367 2515 2489 2556 non

292 2597 513 2670 ferens,
559 2599 939 2674 exclamaret,
984 2610 1004 2638 ‘
1033 2601 1119 2662 sic
1159 2601 1450 2675 adolebis,
1496 2621 1632 2662 cum
1682 2599 1954 2679 regiones
2004 2596 2332 2674 subegeris,
2388 2592 2489 2652 ubi

291 2694 422 2755 baec
473 2697 838 2759 nascuntur!
920 2701 1022 2761 21.
1064 2699 1251 2778 Cujus
1282 2699 1444 2760 vocis
1474 2717 1717 2768 memor,
1746 2716 1882 2756 cum
1912 2703 2123 2775 postea
2149 2687 2492 2752 thuriferam

292 2793 574 2854 Arabiam
614 2804 873 2874 pacaret,
901 2796 1086 2857 multa
1114 2795 1362 2858 odorum
1391 2795 1615 2857 talenta
1645 2792 1807 2854 misit
1836 2791 2290 2864 Leonidae,‘cum
2322 2782 2491 2848 mad-

294 2889 472 2963 datis,
513 2898 532 2926 ‘
565 2912 638 2952 ne
656 2892 913 2971 posthac
938 2894 996 2953 in
1026 2894 1286 2955 Deorum
1311 2893 1632 2954 honoribus
1655 2891 1944 2952 astrictior
1966 2909 2100 2950 esse
2118 2887 2317 2959 vellet,
2337 2893 2491 2966 quos

220 3011 229 3018 ·
293 2986 650 3067 intelligeret
678 2990 839 3050 dona
866 2991 1128 3052 hilariter
1155 2991 1357 3052 oblata
1384 2999 1507 3050 tam
1544 2990 1712 3069 larga
1738 3007 1918 3048 manu
1944 2983 2309 3066 rependere.’
2391 2984 2491 3042 22.

293 3086 490 3146 Animi
521 3086 787 3147 sublimis
813 3098 883 3164 et
900 3108 1119 3169 magna
1145 3088 1413 3149 conaturi
1433 3088 1793 3149 documenta
1815 3096 2042 3146 mature
2061 3083 2262 3143 dedit.
2293 3081 2492 3142 Persis

293 3202 366 3243 ea
417 3195 772 3263 tempestate
830 3186 1205 3259 Artaxerxes,
1260 3197 1676 3265 cognomento·
1716 3184 1943 3258 Ochus,
1984 3191 2254 3264 praeerat.
2341 3179 2493 3238 Eum

295 3281 624 3341 Artabazus
666 3291 729 3340 et
774 3280 1049 3362 Menapis
1097 3295 1374 3362 satrapae,
1424 3278 1831 3359 Memnonque
1875 3280 2171 3353 Rhodius,
2219 3275 2494 3357 egregius

299 3376 443 3449 dux,
491 3377 650 3438 bello
696 3378 1192 3450 lacessiverant3⁸
1249 3378 1357 3440 sed
1400 3376 1673 3462 potentia
1717 3378 1900 3457 regis
1927 3378 2217 3460 oppressi,
2258 3375 2498 3435 deserta

298 3474 444 3535 Asia
467 3475 544 3535 ad
565 3475 900 3560 Philippum
931 3480 1335 3560 profugerant.
1419 3482 1522 3542 23.
1566 3479 1677 3540 His
1701 3476 2194 3540 tum·Alexander
2223 3470 2499 3554 septenni

299 3572 487 3633 minor
515 3575 658 3634 mire
682 3572 1123 3645 delectabatur;
1154 3577 1479 3657 crebroque
1504 3576 1580 3637 de
1597 3577 1776 3637 rebus
1798 3576 2055 3637 Persicis
2074 3571 2498 3649 interrogabat,

300 3671 445 3730 nibil
470 3671 712 3751 quidem
741 3674 967 3752 puerile
987 3661 1395 3748 et'sordidum,
1418 3675 1526 3735 sed
1554 3681 1571 3709 ‘
1598 3675 1809 3754 quibus
1831 3674 2088 3732 ‘maxime
2118 3665 2497 3729 firmamentis

301 3786 442 3847 opes
493 3770 675 3850 regiae
721 3771 1122 3834 niterentur&
1164 3772 1297 3853 quis
1338 3785 1631 3834 armorum
1681 3789 1846 3845 usus,
1880 3791 2018 3850 quae
2061 3765 2310 3828 audacia
2337 3762 2500 3833 viris,

363 3925 386 3950 u
408 3916 551 3967 Ptut.
570 3917 719 3968 Alex.
743 3933 795 3983 p.
816 3924 932 3971 ese.
997 3921 1080 3972 Id.
1114 3921 1180 3972 de
1216 3891 1358 3991 sort„
1458 3932 1465 3937 ·
1503 3928 1522 3954 r
1544 3897 1683 3972 Prin.
1701 3918 1985 3970 niseum.
2009 3891 2320 3965 x'n.'14.1⁷.
2354 3910 2505 3963 Plut.

305 3996 452 4046 Alex.
477 4008 516 4047 1.
538 3998 617 4045 13.
638 3994 907 4062 Apopbtb.
923 4002 1006 4049 36.
1030 3998 1288 4050 Herodot.
1307 4013 1361 4050 ν.
1437 3998 1593 4049 Alex.
1628 4014 1677 4063 p.
1697 4000 1813 4047 679.
2116 4021 2128 4028 ν

304 4078 384 4126 ²2·
1503 4084 1522 4109 ⁸
1550 4072 1831 4126 Diod.Sic.
1850 4084 1970 4122 xvr.
1993 4084 2044 4136 p.
2059 4072 2173 4121 ⁶37.
2188 4080 2332 4133 seqq.
2349 4059 2520 4117 Curt.

366 4158 390 4182 ⁰
408 4150 548 4201 Just.
572 4163 674 4202 vn.
697 4154 745 4201 2.
767 4154 848 4203 14.
1444 4169 1521 4207 vt.
1542 4159 1591 4205 4.
1608 4158 1694 4205 25.
1739 4189 1742 4192 ι
1787 4173 1792 4188 ¹

369 4239 394 4271 ¹>
410 4232 551 4281 Plut.
573 4231 725 4282 Alex.
745 4230 1202 4297 p.666.Apophth.
1219 4245 1263 4283 c.
1277 4238 1356 4284 86.
1504 4234 1520 4266 ῑ
1556 4233 1698 4282 Plut.
1724 4229 1875 4279 Alex.
1893 4242 1945 4291 p.
1964 4229 2078 4276 666.

369 4317 393 4349 ‘¹
417 4306 674 4359 Ammian.
700 4314 993 4367 Marcellin.
1015 4328 1132 4365 xvi.
1153 4320 1229 4365 6.-
1741 4345 1745 4350 ·
2023 4347 2026 4350 -
