<?xml version="1.0" encoding="UTF-8"?>
<!DOCTYPE html PUBLIC "-//W3C//DTD XHTML 1.0 Transitional//EN"
    "http://www.w3.org/TR/xhtml1/DTD/xhtml1-transitional.dtd">
<html xmlns="http://www.w3.org/1999/xhtml" xml:lang="en" lang="en">
 <head>
  <title>
</title>
<meta http-equiv="Content-Type" content="text/html;charset=utf-8" />
  <meta name='ocr-system' content='tesseract 3.04.00' />
  <meta name='ocr-capabilities' content='ocr_page ocr_carea ocr_par ocr_line ocrx_word'/>
</head>
<body>
  <div class='ocr_page' id='page_1' title='image "./quinticurtiiruf03rufugoog_0442.png"; bbox 0 0 2978 4933; ppageno 0'>
   <div class='ocr_carea' id='block_1_1' title="bbox 484 389 618 455">
    <p class='ocr_par' dir='ltr' id='par_1_1' title="bbox 484 389 618 455">
     <span class='ocr_line' id='line_1_1' title="bbox 484 389 618 455; baseline 0 0"><span class='ocrx_word' id='word_1_1' title='bbox 484 389 618 455; x_wconf 81' lang='lat'>396</span> 
     </span>
    </p>
   </div>
   <div class='ocr_carea' id='block_1_2' title="bbox 484 545 2697 1454">
    <p class='ocr_par' dir='ltr' id='par_1_2' title="bbox 484 545 2695 921">
     <span class='ocr_line' id='line_1_2' title="bbox 486 545 2691 633; baseline -0.002 -18"><span class='ocrx_word' id='word_1_2' title='bbox 486 548 1028 633; x_wconf 85' lang='lat' dir='ltr'>supplementum</span> <span class='ocrx_word' id='word_1_3' title='bbox 1052 566 1374 613; x_wconf 85' lang='lat' dir='ltr'>novorum</span> <span class='ocrx_word' id='word_1_4' title='bbox 1403 546 1686 613; x_wconf 85' lang='lat' dir='ltr'>militum</span> <span class='ocrx_word' id='word_1_5' title='bbox 1740 566 1782 611; x_wconf 86' lang='lat' dir='ltr'>a</span> <span class='ocrx_word' id='word_1_6' title='bbox 1827 545 2072 614; x_wconf 87' lang='lat' dir='ltr'>Cilicia</span> <span class='ocrx_word' id='word_1_7' title='bbox 2115 546 2447 611; x_wconf 86' lang='lat' dir='ltr'>occurrit:</span> <span class='ocrx_word' id='word_1_8' title='bbox 2494 546 2691 630; x_wconf 63' lang='lat' dir='ltr'>pedii</span> 
     </span>
     <span class='ocr_line' id='line_1_3' title="bbox 485 650 2695 735; baseline -0.001 -18"><span class='ocrx_word' id='word_1_9' title='bbox 485 660 631 717; x_wconf 87' lang='lat' dir='ltr'>tum</span> <span class='ocrx_word' id='word_1_10' title='bbox 679 658 869 715; x_wconf 88' lang='lat' dir='ltr'>erant</span> <span class='ocrx_word' id='word_1_11' title='bbox 918 650 1208 734; x_wconf 89' lang='lat' dir='ltr'>quinque</span> <span class='ocrx_word' id='word_1_12' title='bbox 1256 650 1495 729; x_wconf 88' lang='lat' dir='ltr'>millia,</span> <span class='ocrx_word' id='word_1_13' title='bbox 1547 651 1815 734; x_wconf 80' lang='lat' dir='ltr'><strong>equites</strong></span> <span class='ocrx_word' id='word_1_14' title='bbox 1861 650 2086 715; x_wconf 86' lang='lat' dir='ltr'>mille:</span> <span class='ocrx_word' id='word_1_15' title='bbox 2136 650 2442 735; x_wconf 86' lang='lat' dir='ltr'>utrisque</span> <span class='ocrx_word' id='word_1_16' title='bbox 2482 650 2695 714; x_wconf 86' lang='lat' dir='ltr'>Plato</span> 
     </span>
     <span class='ocr_line' id='line_1_4' title="bbox 484 751 2693 837; baseline -0.001 -19"><span class='ocrx_word' id='word_1_17' title='bbox 484 751 919 818; x_wconf 82' lang='lat' dir='ltr'><strong>Atheniensis</strong></span> <span class='ocrx_word' id='word_1_18' title='bbox 949 758 1265 837; x_wconf 76' lang='lat' dir='ltr'>praeerat:</span> <span class='ocrx_word' id='word_1_19' title='bbox 1309 753 1412 816; x_wconf 91' lang='lat' dir='ltr'>his</span> <span class='ocrx_word' id='word_1_20' title='bbox 1468 754 1696 836; x_wconf 85' lang='lat' dir='ltr'>copiis</span> <span class='ocrx_word' id='word_1_21' title='bbox 1745 761 1984 818; x_wconf 86' lang='lat' dir='ltr'>auctus</span> <span class='ocrx_word' id='word_1_22' title='bbox 2035 754 2316 819; x_wconf 83' lang='lat' dir='ltr'>Darium</span> <span class='ocrx_word' id='word_1_23' title='bbox 2362 754 2693 836; x_wconf 83' lang='lat' dir='ltr'>persequi</span> 
     </span>
     <span class='ocr_line' id='line_1_5' title="bbox 486 855 786 921; baseline -0.013 0"><span class='ocrx_word' id='word_1_24' title='bbox 486 855 737 921; x_wconf 79' lang='lat' dir='ltr'><strong>statuit.</strong></span> <span class='ocrx_word' id='word_1_25' title='bbox 781 912 786 917; x_wconf 80' lang='grc'><strong>.</strong></span> 
     </span>
    </p>

    <p class='ocr_par' dir='ltr' id='par_1_3' title="bbox 484 957 2697 1454">
     <span class='ocr_line' id='line_1_6' title="bbox 573 957 2694 1044; baseline 0 -22"><span class='ocrx_word' id='word_1_26' title='bbox 573 973 742 1022; x_wconf 81' lang='lat' dir='ltr'>vm.</span> <span class='ocrx_word' id='word_1_27' title='bbox 787 958 850 1021; x_wconf 89' lang='lat' dir='ltr'>l.</span> <span class='ocrx_word' id='word_1_28' title='bbox 940 957 1068 1022; x_wconf 89' lang='lat' dir='ltr'>Ille</span> <span class='ocrx_word' id='word_1_29' title='bbox 1088 957 1239 1042; x_wconf 86' lang='lat' dir='ltr'>jam</span> <span class='ocrx_word' id='word_1_30' title='bbox 1279 958 1641 1025; x_wconf 80' lang='lat' dir='ltr'>Ecbatana</span> <span class='ocrx_word' id='word_1_31' title='bbox 1663 968 1689 995; x_wconf 76' lang='lat'>⁸</span> <span class='ocrx_word' id='word_1_32' title='bbox 1711 967 2127 1044; x_wconf 86' lang='lat' dir='ltr'>pervenerat,</span> <span class='ocrx_word' id='word_1_33' title='bbox 2158 965 2362 1044; x_wconf 85' lang='lat' dir='ltr'>caput</span> <span class='ocrx_word' id='word_1_34' title='bbox 2390 958 2646 1023; x_wconf 84' lang='lat' dir='ltr'>Mediae</span> <span class='ocrx_word' id='word_1_35' title='bbox 2675 980 2694 1023; x_wconf 71' lang='grc' dir='ltr'><strong><em>ε</em></strong></span> 
     </span>
     <span class='ocr_line' id='line_1_7' title="bbox 485 1060 2696 1148; baseline -0.001 -21"><span class='ocrx_word' id='word_1_36' title='bbox 485 1062 744 1146; x_wconf 89' lang='lat' dir='ltr'>[urbem</span> <span class='ocrx_word' id='word_1_37' title='bbox 767 1060 973 1141; x_wconf 90' lang='lat' dir='ltr'>hanc]</span> <span class='ocrx_word' id='word_1_38' title='bbox 1003 1081 1176 1127; x_wconf 89' lang='lat' dir='ltr'>nunc</span> <span class='ocrx_word' id='word_1_39' title='bbox 1205 1067 1425 1128; x_wconf 86' lang='lat' dir='ltr'>tenent</span> <span class='ocrx_word' id='word_1_40' title='bbox 1457 1063 1747 1143; x_wconf 69' lang='lat' dir='ltr'>Parthi,b</span> <span class='ocrx_word' id='word_1_41' title='bbox 1773 1084 1988 1148; x_wconf 85' lang='lat' dir='ltr'>eaque</span> <span class='ocrx_word' id='word_1_42' title='bbox 2018 1066 2265 1129; x_wconf 86' lang='lat' dir='ltr'>aestiva</span> <span class='ocrx_word' id='word_1_43' title='bbox 2284 1071 2307 1097; x_wconf 83' lang='lat'>‘²</span> <span class='ocrx_word' id='word_1_44' title='bbox 2337 1063 2696 1144; x_wconf 82' lang='lat' dir='ltr'>agentibus</span> 
     </span>
     <span class='ocr_line' id='line_1_8' title="bbox 485 1162 2693 1242; baseline -0.001 -14"><span class='ocrx_word' id='word_1_45' title='bbox 485 1163 679 1229; x_wconf 83' lang='lat' dir='ltr'>sedes</span> <span class='ocrx_word' id='word_1_46' title='bbox 709 1164 889 1229; x_wconf 78' lang='lat' dir='ltr'>est.⁶&#39;</span> <span class='ocrx_word' id='word_1_47' title='bbox 951 1162 1161 1229; x_wconf 80' lang='lat' dir='ltr'>Adire</span> <span class='ocrx_word' id='word_1_48' title='bbox 1203 1166 1443 1231; x_wconf 89' lang='lat' dir='ltr'>deinde</span> <span class='ocrx_word' id='word_1_49' title='bbox 1492 1168 1743 1233; x_wconf 87' lang='lat' dir='ltr'>Bactra</span> <span class='ocrx_word' id='word_1_50' title='bbox 1790 1168 2217 1232; x_wconf 86' lang='lat' dir='ltr'>decreverat:</span> <span class='ocrx_word' id='word_1_51' title='bbox 2261 1166 2380 1230; x_wconf 87' lang='lat' dir='ltr'>sed</span> <span class='ocrx_word' id='word_1_52' title='bbox 2409 1164 2693 1242; x_wconf 79' lang='lat' dir='ltr'>verituS,</span> 
     </span>
     <span class='ocr_line' id='line_1_9' title="bbox 484 1265 2697 1353; baseline -0.001 -21"><span class='ocrx_word' id='word_1_53' title='bbox 484 1287 571 1332; x_wconf 90' lang='lat' dir='ltr'>ne</span> <span class='ocrx_word' id='word_1_54' title='bbox 598 1266 938 1337; x_wconf 83' lang='lat' dir='ltr'>celeritate</span> <span class='ocrx_word' id='word_1_55' title='bbox 959 1265 1337 1333; x_wconf 83' lang='lat' dir='ltr'>Alexandri</span> <span class='ocrx_word' id='word_1_56' title='bbox 1368 1270 1852 1353; x_wconf 75' lang='lat' dir='ltr'>occuparetur,⁶</span> <span class='ocrx_word' id='word_1_57' title='bbox 1881 1269 2233 1334; x_wconf 88' lang='lat' dir='ltr'>consilium</span> <span class='ocrx_word' id='word_1_58' title='bbox 2262 1269 2519 1350; x_wconf 86' lang='lat' dir='ltr'>iterque</span> <span class='ocrx_word' id='word_1_59' title='bbox 2549 1287 2697 1330; x_wconf 89' lang='lat' dir='ltr'>mu-</span> 
     </span>
     <span class='ocr_line' id='line_1_10' title="bbox 486 1365 2691 1454; baseline -0.001 -20"><span class='ocrx_word' id='word_1_60' title='bbox 486 1369 671 1434; x_wconf 87' lang='lat' dir='ltr'>tavit.</span> <span class='ocrx_word' id='word_1_61' title='bbox 759 1368 824 1433; x_wconf 80' lang='lat'>2.</span> <span class='ocrx_word' id='word_1_62' title='bbox 871 1370 1130 1434; x_wconf 82' lang='lat' dir='ltr'>Aberat</span> <span class='ocrx_word' id='word_1_63' title='bbox 1180 1370 1267 1434; x_wconf 90' lang='lat' dir='ltr'>ab</span> <span class='ocrx_word' id='word_1_64' title='bbox 1311 1390 1394 1434; x_wconf 91' lang='lat' dir='ltr'>eo</span> <span class='ocrx_word' id='word_1_65' title='bbox 1455 1368 1843 1436; x_wconf 84' lang='lat' dir='ltr'>Alexander</span> <span class='ocrx_word' id='word_1_66' title='bbox 1895 1370 2121 1436; x_wconf 86' lang='lat' dir='ltr'>stadia</span> <span class='ocrx_word' id='word_1_67' title='bbox 2168 1365 2329 1433; x_wconf 63' lang='grc' dir='ltr'>Μι).ἃ</span> <span class='ocrx_word' id='word_1_68' title='bbox 2376 1368 2498 1433; x_wconf 85' lang='lat' dir='ltr'>sed</span> <span class='ocrx_word' id='word_1_69' title='bbox 2540 1368 2691 1454; x_wconf 87' lang='lat' dir='ltr'>jam</span> 
     </span>
    </p>
   </div>
   <div class='ocr_carea' id='block_1_3' title="bbox 960 385 2219 464">
    <p class='ocr_par' dir='ltr' id='par_1_4' title="bbox 960 385 2219 464">
     <span class='ocr_line' id='line_1_11' title="bbox 960 385 2219 464; baseline -0.001 -13"><span class='ocrx_word' id='word_1_70' title='bbox 960 404 1030 464; x_wconf 83' lang='lat' dir='ltr'>Q.</span> <span class='ocrx_word' id='word_1_71' title='bbox 1079 400 1344 450; x_wconf 75' lang='lat' dir='ltr'>cunm</span> <span class='ocrx_word' id='word_1_72' title='bbox 1397 400 1580 449; x_wconf 74' lang='lat' dir='ltr'>nuri</span> <span class='ocrx_word' id='word_1_73' title='bbox 1636 400 1780 448; x_wconf 77' lang='lat' dir='ltr'>mn.</span> <span class='ocrx_word' id='word_1_74' title='bbox 1831 398 1896 446; x_wconf 87' lang='lat' dir='ltr'>v.</span> <span class='ocrx_word' id='word_1_75' title='bbox 1946 402 2110 449; x_wconf 82' lang='lat' dir='ltr'>OAP.</span> <span class='ocrx_word' id='word_1_76' title='bbox 2155 385 2219 450; x_wconf 83' lang='lat'>8.</span> 
     </span>
    </p>
   </div>
   <div class='ocr_carea' id='block_1_4' title="bbox 548 1548 1652 1678">
    <p class='ocr_par' dir='ltr' id='par_1_5' title="bbox 548 1548 1652 1678">
     <span class='ocr_line' id='line_1_12' title="bbox 548 1548 1589 1613; baseline -0.001 -15"><span class='ocrx_word' id='word_1_77' title='bbox 548 1557 571 1579; x_wconf 82' lang='lat'>‘¹</span> <span class='ocrx_word' id='word_1_78' title='bbox 607 1548 708 1598; x_wconf 80' lang='lat' dir='ltr'>Hic</span> <span class='ocrx_word' id='word_1_79' title='bbox 731 1549 858 1599; x_wconf 77' lang='lat' dir='ltr'>locus</span> <span class='ocrx_word' id='word_1_80' title='bbox 878 1555 949 1599; x_wconf 79' lang='lat' dir='ltr'>est</span> <span class='ocrx_word' id='word_1_81' title='bbox 970 1549 1022 1598; x_wconf 74' lang='lat' dir='ltr'>in</span> <span class='ocrx_word' id='word_1_82' title='bbox 1045 1564 1134 1613; x_wconf 73' lang='lat' dir='ltr'>quo</span> <span class='ocrx_word' id='word_1_83' title='bbox 1155 1554 1368 1598; x_wconf 78' lang='lat' dir='ltr'>oestatem</span> <span class='ocrx_word' id='word_1_84' title='bbox 1390 1551 1589 1610; x_wconf 67' lang='lat' dir='ltr'>degunt.</span> 
     </span>
     <span class='ocr_line' id='line_1_13' title="bbox 548 1611 1652 1678; baseline -0.001 -15"><span class='ocrx_word' id='word_1_85' title='bbox 548 1611 569 1645; x_wconf 81' lang='lat'><em>⁶</em></span> <span class='ocrx_word' id='word_1_86' title='bbox 604 1614 684 1663; x_wconf 88' lang='lat' dir='ltr'>Ne</span> <span class='ocrx_word' id='word_1_87' title='bbox 705 1615 972 1665; x_wconf 77' lang='lat' dir='ltr'>Alexandri</span> <span class='ocrx_word' id='word_1_88' title='bbox 986 1615 1241 1678; x_wconf 76' lang='lat' dir='ltr'>diligentia</span> <span class='ocrx_word' id='word_1_89' title='bbox 1261 1619 1652 1664; x_wconf 74' lang='lat' dir='ltr'>anteverterelur.</span> 
     </span>
    </p>
   </div>
   <div class='ocr_carea' id='block_1_5' title="bbox 1386 1756 1751 1777">
    <p class='ocr_par' dir='ltr' id='par_1_6' title="bbox 1386 1756 1751 1777">
     <span class='ocr_line' id='line_1_14' title="bbox 1386 1756 1751 1777; baseline 0 0"><span class='ocrx_word' id='word_1_90' title='bbox 1386 1756 1751 1777; x_wconf 60' lang='lat' dir='ltr'>mNWOOO</span> 
     </span>
    </p>
   </div>
   <div class='ocr_carea' id='block_1_6' title="bbox 406 1832 2694 1905">
    <p class='ocr_par' dir='ltr' id='par_1_7' title="bbox 406 1832 2694 1905">
     <span class='ocr_line' id='line_1_15' title="bbox 406 1832 2694 1905; baseline 0.002 -18"><span class='ocrx_word' id='word_1_91' title='bbox 406 1832 415 1837; x_wconf 54' lang='lat'><em>⁷</em></span> <span class='ocrx_word' id='word_1_92' title='bbox 487 1839 621 1888; x_wconf 76' lang='lat' dir='ltr'>Hinc</span> <span class='ocrx_word' id='word_1_93' title='bbox 640 1840 693 1889; x_wconf 77' lang='lat' dir='ltr'>in</span> <span class='ocrx_word' id='word_1_94' title='bbox 713 1840 966 1902; x_wconf 74' lang='lat' dir='ltr'>regionem.</span> <span class='ocrx_word' id='word_1_95' title='bbox 1001 1842 1227 1891; x_wconf 74' lang='lat' dir='ltr'>Florent-</span> <span class='ocrx_word' id='word_1_96' title='bbox 1263 1840 1414 1891; x_wconf 87' lang='lat' dir='ltr'>Leid.</span> <span class='ocrx_word' id='word_1_97' title='bbox 1434 1849 1491 1892; x_wconf 84' lang='lat' dir='ltr'>et</span> <span class='ocrx_word' id='word_1_98' title='bbox 1516 1841 1665 1890; x_wconf 85' lang='lat' dir='ltr'>Voss.</span> <span class='ocrx_word' id='word_1_99' title='bbox 1688 1844 1738 1889; x_wconf 77' lang='lat'>2.</span> <span class='ocrx_word' id='word_1_100' title='bbox 1761 1855 1787 1888; x_wconf 85' lang='lat' dir='ltr'>e</span> <span class='ocrx_word' id='word_1_101' title='bbox 1812 1839 1983 1889; x_wconf 81' lang='lat' dir='ltr'>Cilicia</span> <span class='ocrx_word' id='word_1_102' title='bbox 2002 1841 2226 1891; x_wconf 79' lang='lat' dir='ltr'>militum.</span> <span class='ocrx_word' id='word_1_103' title='bbox 2280 1843 2392 1892; x_wconf 86' lang='lat' dir='ltr'>Pal.</span> <span class='ocrx_word' id='word_1_104' title='bbox 2411 1845 2458 1892; x_wconf 88' lang='lat'>1.</span> <span class='ocrx_word' id='word_1_105' title='bbox 2480 1843 2694 1905; x_wconf 77' lang='lat' dir='ltr'>peditum</span> 
     </span>
    </p>
   </div>
   <div class='ocr_carea' id='block_1_7' title="bbox 483 1904 2691 2365">
    <p class='ocr_par' dir='ltr' id='par_1_8' title="bbox 483 1904 2691 2086">
     <span class='ocr_line' id='line_1_16' title="bbox 484 1904 2691 1971; baseline 0.002 -19"><span class='ocrx_word' id='word_1_106' title='bbox 484 1909 606 1955; x_wconf 82' lang='lat' dir='ltr'>erat.</span> <span class='ocrx_word' id='word_1_107' title='bbox 655 1906 888 1957; x_wconf 77' lang='lat' dir='ltr'>Floreat.</span> <span class='ocrx_word' id='word_1_108' title='bbox 913 1907 971 1957; x_wconf 84' lang='lat' dir='ltr'>V.</span> <span class='ocrx_word' id='word_1_109' title='bbox 985 1907 1155 1956; x_wconf 78' lang='lat' dir='ltr'>millia.</span> <span class='ocrx_word' id='word_1_110' title='bbox 1213 1906 1346 1956; x_wconf 88' lang='lat' dir='ltr'>Dan.</span> <span class='ocrx_word' id='word_1_111' title='bbox 1363 1905 1506 1956; x_wconf 89' lang='lat' dir='ltr'>Pith.</span> <span class='ocrx_word' id='word_1_112' title='bbox 1523 1904 1785 1954; x_wconf 83' lang='lat' dir='ltr'>Faucb.et</span> <span class='ocrx_word' id='word_1_113' title='bbox 1805 1906 1967 1967; x_wconf 60' lang='grc' dir='ltr'><strong>Βοῦς.</strong></span> <span class='ocrx_word' id='word_1_114' title='bbox 1990 1911 2037 1955; x_wconf 91' lang='grc'>1.</span> <span class='ocrx_word' id='word_1_115' title='bbox 2053 1908 2298 1957; x_wconf 88' lang='lat' dir='ltr'>omittunt</span> <span class='ocrx_word' id='word_1_116' title='bbox 2318 1907 2515 1971; x_wconf 74' lang='lat' dir='ltr'>equites·</span> <span class='ocrx_word' id='word_1_117' title='bbox 2583 1907 2691 1956; x_wconf 88' lang='lat' dir='ltr'>Pro</span> 
     </span>
     <span class='ocr_line' id='line_1_17' title="bbox 483 1968 2688 2037; baseline 0.002 -21"><span class='ocrx_word' id='word_1_118' title='bbox 483 1969 613 2018; x_wconf 79' lang='lat' dir='ltr'>mille</span> <span class='ocrx_word' id='word_1_119' title='bbox 644 1970 784 2019; x_wconf 86' lang='lat' dir='ltr'>Pith.</span> <span class='ocrx_word' id='word_1_120' title='bbox 809 1972 885 2020; x_wconf 91' lang='grc' dir='ltr'>Μ.</span> <span class='ocrx_word' id='word_1_121' title='bbox 919 1972 1032 2022; x_wconf 91' lang='lat' dir='ltr'>Bon</span> <span class='ocrx_word' id='word_1_122' title='bbox 1074 2006 1088 2022; x_wconf 88' lang='lat'><strong>.</strong></span> <span class='ocrx_word' id='word_1_123' title='bbox 1111 1975 1157 2020; x_wconf 85' lang='lat' dir='ltr'>l.</span> <span class='ocrx_word' id='word_1_124' title='bbox 1181 1971 1416 2021; x_wconf 78' lang='lat' dir='ltr'>Floreat.</span> <span class='ocrx_word' id='word_1_125' title='bbox 1437 1980 1494 2021; x_wconf 89' lang='lat' dir='ltr'>et</span> <span class='ocrx_word' id='word_1_126' title='bbox 1515 1970 1661 2020; x_wconf 80' lang='lat' dir='ltr'>Leid.</span> <span class='ocrx_word' id='word_1_127' title='bbox 1700 1979 1786 2032; x_wconf 72' lang='grc' dir='ltr'>ω,</span> <span class='ocrx_word' id='word_1_128' title='bbox 1820 1977 1879 2019; x_wconf 88' lang='lat' dir='ltr'>ut</span> <span class='ocrx_word' id='word_1_129' title='bbox 1912 1968 2024 2020; x_wconf 82' lang='lat' dir='ltr'>fere</span> <span class='ocrx_word' id='word_1_130' title='bbox 2056 1986 2293 2037; x_wconf 82' lang='lat' dir='ltr'>semper3</span> <span class='ocrx_word' id='word_1_131' title='bbox 2327 1973 2417 2021; x_wconf 87' lang='lat' dir='ltr'>sed</span> <span class='ocrx_word' id='word_1_132' title='bbox 2454 1972 2608 2022; x_wconf 84' lang='lat' dir='ltr'>deest</span> <span class='ocrx_word' id='word_1_133' title='bbox 2637 1973 2688 2021; x_wconf 87' lang='lat' dir='ltr'>in</span> 
     </span>
     <span class='ocr_line' id='line_1_18' title="bbox 485 2033 1761 2086; baseline 0.003 -5"><span class='ocrx_word' id='word_1_134' title='bbox 485 2033 677 2083; x_wconf 86' lang='lat' dir='ltr'>Fauch.</span> <span class='ocrx_word' id='word_1_135' title='bbox 726 2036 905 2085; x_wconf 75' lang='lat' dir='ltr'>Platon</span> <span class='ocrx_word' id='word_1_136' title='bbox 928 2035 1020 2086; x_wconf 89' lang='lat' dir='ltr'>Lei</span> <span class='ocrx_word' id='word_1_137' title='bbox 1061 2070 1075 2085; x_wconf 88' lang='lat'><strong>.</strong></span> <span class='ocrx_word' id='word_1_138' title='bbox 1093 2037 1242 2086; x_wconf 85' lang='lat' dir='ltr'>Voss.</span> <span class='ocrx_word' id='word_1_139' title='bbox 1264 2040 1315 2086; x_wconf 76' lang='lat'>2.</span> <span class='ocrx_word' id='word_1_140' title='bbox 1339 2037 1477 2086; x_wconf 86' lang='lat' dir='ltr'>Dan.</span> <span class='ocrx_word' id='word_1_141' title='bbox 1503 2042 1559 2084; x_wconf 86' lang='lat' dir='ltr'>et</span> <span class='ocrx_word' id='word_1_142' title='bbox 1578 2035 1692 2084; x_wconf 88' lang='lat' dir='ltr'>Pal.</span> <span class='ocrx_word' id='word_1_143' title='bbox 1714 2040 1761 2085; x_wconf 87' lang='lat'>1.</span> 
     </span>
    </p>

    <p class='ocr_par' dir='ltr' id='par_1_9' title="bbox 483 2098 2691 2365">
     <span class='ocr_line' id='line_1_19' title="bbox 551 2098 2689 2151; baseline 0.001 -5"><span class='ocrx_word' id='word_1_144' title='bbox 551 2101 576 2146; x_wconf 90' lang='lat' dir='ltr'>l</span> <span class='ocrx_word' id='word_1_145' title='bbox 614 2098 705 2148; x_wconf 81' lang='lat' dir='ltr'>Ille</span> <span class='ocrx_word' id='word_1_146' title='bbox 733 2099 785 2148; x_wconf 79' lang='lat' dir='ltr'>in</span> <span class='ocrx_word' id='word_1_147' title='bbox 810 2101 1058 2150; x_wconf 74' lang='lat' dir='ltr'>Ecbatana</span> <span class='ocrx_word' id='word_1_148' title='bbox 1079 2102 1228 2150; x_wconf 90' lang='lat' dir='ltr'>Voss.</span> <span class='ocrx_word' id='word_1_149' title='bbox 1252 2105 1301 2150; x_wconf 81' lang='lat'>2.</span> <span class='ocrx_word' id='word_1_150' title='bbox 1347 2099 1460 2150; x_wconf 75' lang='lat' dir='ltr'>urbs</span> <span class='ocrx_word' id='word_1_151' title='bbox 1480 2101 1581 2149; x_wconf 72' lang='lat' dir='ltr'>haec</span> <span class='ocrx_word' id='word_1_152' title='bbox 1610 2101 1844 2150; x_wconf 77' lang='lat' dir='ltr'>Florent-</span> <span class='ocrx_word' id='word_1_153' title='bbox 1897 2098 2049 2149; x_wconf 90' lang='lat' dir='ltr'>Leid.</span> <span class='ocrx_word' id='word_1_154' title='bbox 2074 2102 2224 2151; x_wconf 85' lang='lat' dir='ltr'>Voss.</span> <span class='ocrx_word' id='word_1_155' title='bbox 2241 2105 2291 2151; x_wconf 78' lang='lat'>2.</span> <span class='ocrx_word' id='word_1_156' title='bbox 2330 2100 2443 2150; x_wconf 86' lang='lat' dir='ltr'>Pal.</span> <span class='ocrx_word' id='word_1_157' title='bbox 2471 2105 2519 2150; x_wconf 90' lang='lat'>1.</span> <span class='ocrx_word' id='word_1_158' title='bbox 2556 2101 2689 2149; x_wconf 83' lang='lat' dir='ltr'>Dan.</span> 
     </span>
     <span class='ocr_line' id='line_1_20' title="bbox 484 2162 2691 2229; baseline 0.001 -18"><span class='ocrx_word' id='word_1_159' title='bbox 484 2162 653 2226; x_wconf 86' lang='lat' dir='ltr'>Bong.</span> <span class='ocrx_word' id='word_1_160' title='bbox 680 2169 726 2213; x_wconf 92' lang='lat'>1.</span> <span class='ocrx_word' id='word_1_161' title='bbox 749 2171 804 2214; x_wconf 87' lang='lat' dir='ltr'>et</span> <span class='ocrx_word' id='word_1_162' title='bbox 826 2166 1020 2215; x_wconf 86' lang='lat' dir='ltr'>Fauch.</span> <span class='ocrx_word' id='word_1_163' title='bbox 1071 2167 1202 2215; x_wconf 75' lang='lat' dir='ltr'>urbis</span> <span class='ocrx_word' id='word_1_164' title='bbox 1222 2166 1322 2214; x_wconf 70' lang='lat' dir='ltr'>liaec</span> <span class='ocrx_word' id='word_1_165' title='bbox 1340 2166 1483 2216; x_wconf 87' lang='lat' dir='ltr'>Pith.</span> <span class='ocrx_word' id='word_1_166' title='bbox 1532 2182 1586 2214; x_wconf 83' lang='lat' dir='ltr'>ea</span> <span class='ocrx_word' id='word_1_167' title='bbox 1613 2165 1787 2216; x_wconf 74' lang='lat' dir='ltr'>‹estiva</span> <span class='ocrx_word' id='word_1_168' title='bbox 1809 2165 1923 2214; x_wconf 88' lang='lat' dir='ltr'>Col.</span> <span class='ocrx_word' id='word_1_169' title='bbox 1948 2172 2004 2214; x_wconf 91' lang='lat' dir='ltr'>et</span> <span class='ocrx_word' id='word_1_170' title='bbox 2027 2166 2163 2216; x_wconf 90' lang='lat' dir='ltr'>Mer.</span> <span class='ocrx_word' id='word_1_171' title='bbox 2187 2167 2271 2214; x_wconf 84' lang='lat' dir='ltr'>alii</span> <span class='ocrx_word' id='word_1_172' title='bbox 2292 2182 2306 2215; x_wconf 75' lang='lat' dir='ltr'><em>z</em></span> <span class='ocrx_word' id='word_1_173' title='bbox 2343 2167 2516 2216; x_wconf 73' lang='lat' dir='ltr'>oestica</span> <span class='ocrx_word' id='word_1_174' title='bbox 2532 2166 2691 2229; x_wconf 73' lang='lat' dir='ltr'>genti·</span> 
     </span>
     <span class='ocr_line' id='line_1_21' title="bbox 483 2225 2691 2295; baseline 0.001 -20"><span class='ocrx_word' id='word_1_175' title='bbox 483 2225 582 2275; x_wconf 76' lang='lat' dir='ltr'>bus.</span> <span class='ocrx_word' id='word_1_176' title='bbox 632 2228 783 2278; x_wconf 84' lang='lat' dir='ltr'>Voss.</span> <span class='ocrx_word' id='word_1_177' title='bbox 808 2234 857 2279; x_wconf 83' lang='lat'>2.</span> <span class='ocrx_word' id='word_1_178' title='bbox 879 2230 1043 2280; x_wconf 75' lang='lat' dir='ltr'>deinde</span> <span class='ocrx_word' id='word_1_179' title='bbox 1076 2231 1251 2280; x_wconf 84' lang='lat' dir='ltr'>Batra.</span> <span class='ocrx_word' id='word_1_180' title='bbox 1297 2231 1449 2280; x_wconf 84' lang='lat' dir='ltr'>Voss.</span> <span class='ocrx_word' id='word_1_181' title='bbox 1484 2235 1533 2280; x_wconf 87' lang='lat'>1.</span> <span class='ocrx_word' id='word_1_182' title='bbox 1569 2236 1705 2280; x_wconf 78' lang='lat' dir='ltr'>verat</span> <span class='ocrx_word' id='word_1_183' title='bbox 1731 2243 1826 2293; x_wconf 88' lang='lat' dir='ltr'>pro</span> <span class='ocrx_word' id='word_1_184' title='bbox 1855 2232 2145 2282; x_wconf 75' lang='lat' dir='ltr'>decreverat.</span> <span class='ocrx_word' id='word_1_185' title='bbox 2211 2231 2226 2258; x_wconf 90' lang='lat'>‘</span> <span class='ocrx_word' id='word_1_186' title='bbox 2245 2231 2354 2280; x_wconf 87' lang='lat' dir='ltr'>Pro</span> <span class='ocrx_word' id='word_1_187' title='bbox 2378 2231 2691 2295; x_wconf 83' lang='lat' dir='ltr'>iuterpreta-</span> 
     </span>
     <span class='ocr_line' id='line_1_22' title="bbox 484 2292 2691 2365; baseline 0.003 -25"><span class='ocrx_word' id='word_1_188' title='bbox 484 2294 625 2342; x_wconf 88' lang='lat' dir='ltr'>tione</span> <span class='ocrx_word' id='word_1_189' title='bbox 661 2292 828 2344; x_wconf 84' lang='lat' dir='ltr'>habeo</span> <span class='ocrx_word' id='word_1_190' title='bbox 867 2295 1051 2346; x_wconf 84' lang='lat' dir='ltr'>verba:</span> <span class='ocrx_word' id='word_1_191' title='bbox 1086 2297 1326 2345; x_wconf 73' lang='lat' dir='ltr'>celeritate</span> <span class='ocrx_word' id='word_1_192' title='bbox 1361 2294 1672 2346; x_wconf 63' lang='lat' dir='ltr'>Alexandri!</span> <span class='ocrx_word' id='word_1_193' title='bbox 1707 2294 1898 2344; x_wconf 86' lang='lat' dir='ltr'>Bothe.</span> <span class='ocrx_word' id='word_1_194' title='bbox 1959 2295 2099 2365; x_wconf 70' lang='lat' dir='ltr'>Vide</span> <span class='ocrx_word' id='word_1_195' title='bbox 2135 2296 2264 2347; x_wconf 89' lang='lat' dir='ltr'>Not.</span> <span class='ocrx_word' id='word_1_196' title='bbox 2296 2297 2524 2346; x_wconf 66' lang='lat' dir='ltr'>Van-»2</span> <span class='ocrx_word' id='word_1_197' title='bbox 2560 2296 2691 2346; x_wconf 87' lang='lat' dir='ltr'>Dan.</span> 
     </span>
    </p>
   </div>
   <div class='ocr_carea' id='block_1_8' title="bbox 1474 2427 1689 2479">
    <p class='ocr_par' dir='ltr' id='par_1_10' title="bbox 1474 2427 1689 2479">
     <span class='ocr_line' id='line_1_23' title="bbox 1474 2427 1689 2479; baseline -0.005 0"><span class='ocrx_word' id='word_1_198' title='bbox 1474 2427 1689 2479; x_wconf 80' lang='lat' dir='ltr'><strong>NOTAE</strong></span> 
     </span>
    </p>
   </div>
   <div class='ocr_carea' id='block_1_9' title="bbox 479 2521 1546 3436">
    <p class='ocr_par' dir='ltr' id='par_1_11' title="bbox 479 2521 1546 3048">
     <span class='ocr_line' id='line_1_24' title="bbox 483 2521 1546 2590; baseline 0.005 -21"><span class='ocrx_word' id='word_1_199' title='bbox 483 2521 684 2584; x_wconf 79' lang='lat' dir='ltr'>perium</span> <span class='ocrx_word' id='word_1_200' title='bbox 721 2523 785 2573; x_wconf 82' lang='lat' dir='ltr'>ad</span> <span class='ocrx_word' id='word_1_201' title='bbox 821 2525 1014 2588; x_wconf 77' lang='lat' dir='ltr'>Cyrum</span> <span class='ocrx_word' id='word_1_202' title='bbox 1046 2538 1227 2590; x_wconf 83' lang='lat' dir='ltr'>usque,</span> <span class='ocrx_word' id='word_1_203' title='bbox 1258 2532 1318 2574; x_wconf 90' lang='lat' dir='ltr'>ut</span> <span class='ocrx_word' id='word_1_204' title='bbox 1340 2525 1430 2576; x_wconf 89' lang='lat' dir='ltr'>lib.</span> <span class='ocrx_word' id='word_1_205' title='bbox 1463 2540 1546 2576; x_wconf 76' lang='lat' dir='ltr'>iv.</span> 
     </span>
     <span class='ocr_line' id='line_1_25' title="bbox 483 2600 1544 2667; baseline 0.005 -20"><span class='ocrx_word' id='word_1_206' title='bbox 483 2600 723 2650; x_wconf 76' lang='lat' dir='ltr'>diximus.</span> <span class='ocrx_word' id='word_1_207' title='bbox 786 2602 888 2651; x_wconf 88' lang='lat' dir='ltr'>Sed</span> <span class='ocrx_word' id='word_1_208' title='bbox 936 2602 1000 2651; x_wconf 88' lang='lat' dir='ltr'>de</span> <span class='ocrx_word' id='word_1_209' title='bbox 1046 2604 1156 2666; x_wconf 87' lang='lat' dir='ltr'>ejus</span> <span class='ocrx_word' id='word_1_210' title='bbox 1196 2602 1343 2651; x_wconf 85' lang='lat' dir='ltr'>initio</span> <span class='ocrx_word' id='word_1_211' title='bbox 1388 2609 1544 2667; x_wconf 83' lang='lat' dir='ltr'>atque</span> 
     </span>
     <span class='ocr_line' id='line_1_26' title="bbox 481 2677 1545 2742; baseline 0.003 -17"><span class='ocrx_word' id='word_1_212' title='bbox 481 2677 754 2728; x_wconf 83' lang='lat' dir='ltr'>intervallo</span> <span class='ocrx_word' id='word_1_213' title='bbox 791 2693 980 2742; x_wconf 80' lang='lat' dir='ltr'>magna</span> <span class='ocrx_word' id='word_1_214' title='bbox 1006 2686 1088 2727; x_wconf 88' lang='lat' dir='ltr'>est</span> <span class='ocrx_word' id='word_1_215' title='bbox 1107 2679 1419 2742; x_wconf 88' lang='lat' dir='ltr'>scriptorum</span> <span class='ocrx_word' id='word_1_216' title='bbox 1443 2679 1545 2728; x_wconf 87' lang='lat' dir='ltr'>dis-</span> 
     </span>
     <span class='ocr_line' id='line_1_27' title="bbox 482 2754 1546 2820; baseline 0.004 -18"><span class='ocrx_word' id='word_1_217' title='bbox 482 2754 679 2817; x_wconf 88' lang='lat' dir='ltr'>cordia,</span> <span class='ocrx_word' id='word_1_218' title='bbox 698 2754 764 2804; x_wconf 89' lang='lat' dir='ltr'>de</span> <span class='ocrx_word' id='word_1_219' title='bbox 783 2770 885 2820; x_wconf 84' lang='lat' dir='ltr'>qna</span> <span class='ocrx_word' id='word_1_220' title='bbox 908 2755 1024 2803; x_wconf 84' lang='lat' dir='ltr'>vide</span> <span class='ocrx_word' id='word_1_221' title='bbox 1042 2755 1312 2805; x_wconf 80' lang='lat' dir='ltr'>Petavium</span> <span class='ocrx_word' id='word_1_222' title='bbox 1336 2755 1546 2806; x_wconf 86' lang='lat' dir='ltr'>Ration.</span> 
     </span>
     <span class='ocr_line' id='line_1_28' title="bbox 483 2829 1545 2894; baseline 0.004 -16"><span class='ocrx_word' id='word_1_223' title='bbox 483 2829 635 2879; x_wconf 84' lang='lat' dir='ltr'>Part.</span> <span class='ocrx_word' id='word_1_224' title='bbox 661 2844 725 2880; x_wconf 85' lang='lat' dir='ltr'>u.</span> <span class='ocrx_word' id='word_1_225' title='bbox 757 2831 847 2880; x_wconf 83' lang='lat' dir='ltr'>lib.</span> <span class='ocrx_word' id='word_1_226' title='bbox 861 2843 946 2880; x_wconf 53' lang='grc' dir='ltr'>κιι.</span> <span class='ocrx_word' id='word_1_227' title='bbox 981 2844 1100 2894; x_wconf 85' lang='lat' dir='ltr'>cap.</span> <span class='ocrx_word' id='word_1_228' title='bbox 1128 2835 1206 2881; x_wconf 77' lang='lat'>14.</span> <span class='ocrx_word' id='word_1_229' title='bbox 1229 2831 1354 2880; x_wconf 86' lang='lat' dir='ltr'>etin</span> <span class='ocrx_word' id='word_1_230' title='bbox 1380 2832 1545 2882; x_wconf 84' lang='lat' dir='ltr'>Parte</span> 
     </span>
     <span class='ocr_line' id='line_1_29' title="bbox 479 2906 1545 2972; baseline 0.004 -18"><span class='ocrx_word' id='word_1_231' title='bbox 479 2918 544 2958; x_wconf 80' lang='grc' dir='ltr'>ιι.</span> <span class='ocrx_word' id='word_1_232' title='bbox 579 2906 647 2956; x_wconf 85' lang='lat' dir='ltr'>de</span> <span class='ocrx_word' id='word_1_233' title='bbox 683 2907 846 2956; x_wconf 86' lang='lat' dir='ltr'>Doct.</span> <span class='ocrx_word' id='word_1_234' title='bbox 876 2908 1059 2972; x_wconf 86' lang='lat' dir='ltr'>Temp.</span> <span class='ocrx_word' id='word_1_235' title='bbox 1092 2907 1182 2959; x_wconf 82' lang='lat' dir='ltr'>lib.</span> <span class='ocrx_word' id='word_1_236' title='bbox 1217 2920 1274 2958; x_wconf 81' lang='lat' dir='ltr'>x.</span> <span class='ocrx_word' id='word_1_237' title='bbox 1307 2908 1545 2958; x_wconf 72' lang='lat' dir='ltr'>Marsas-</span> 
     </span>
     <span class='ocr_line' id='line_1_30' title="bbox 481 2985 1309 3048; baseline 0.002 -14"><span class='ocrx_word' id='word_1_238' title='bbox 481 2998 621 3034; x_wconf 76' lang='lat' dir='ltr'>nsmn</span> <span class='ocrx_word' id='word_1_239' title='bbox 643 2985 696 3034; x_wconf 91' lang='lat' dir='ltr'>in</span> <span class='ocrx_word' id='word_1_240' title='bbox 721 2985 998 3048; x_wconf 84' lang='lat' dir='ltr'>Chronico,</span> <span class='ocrx_word' id='word_1_241' title='bbox 1019 2989 1120 3036; x_wconf 73' lang='grc' dir='ltr'>διο.</span> <span class='ocrx_word' id='word_1_242' title='bbox 1250 3031 1256 3036; x_wconf 91' lang='grc'><strong>.</strong></span> <span class='ocrx_word' id='word_1_243' title='bbox 1304 3011 1309 3016; x_wconf 87' lang='grc'><em>·</em></span> 
     </span>
    </p>

    <p class='ocr_par' dir='ltr' id='par_1_12' title="bbox 479 3061 1546 3436">
     <span class='ocr_line' id='line_1_31' title="bbox 547 3061 1545 3125; baseline 0.003 -14"><span class='ocrx_word' id='word_1_244' title='bbox 547 3066 573 3093; x_wconf 82' lang='lat'>⁸</span> <span class='ocrx_word' id='word_1_245' title='bbox 621 3061 892 3125; x_wconf 75' lang='lat' dir='ltr'>Ecbatana]</span> <span class='ocrx_word' id='word_1_246' title='bbox 942 3063 1074 3112; x_wconf 88' lang='lat' dir='ltr'>Erat</span> <span class='ocrx_word' id='word_1_247' title='bbox 1104 3063 1219 3112; x_wconf 79' lang='lat' dir='ltr'>baec</span> <span class='ocrx_word' id='word_1_248' title='bbox 1257 3062 1311 3112; x_wconf 90' lang='lat' dir='ltr'>in</span> <span class='ocrx_word' id='word_1_249' title='bbox 1347 3062 1545 3114; x_wconf 78' lang='lat' dir='ltr'>Mediae</span> 
     </span>
     <span class='ocr_line' id='line_1_32' title="bbox 481 3136 1546 3203; baseline 0.002 -16"><span class='ocrx_word' id='word_1_250' title='bbox 481 3136 704 3200; x_wconf 86' lang='lat' dir='ltr'>Majoris</span> <span class='ocrx_word' id='word_1_251' title='bbox 737 3152 902 3203; x_wconf 81' lang='lat' dir='ltr'>prope</span> <span class='ocrx_word' id='word_1_252' title='bbox 926 3145 1112 3189; x_wconf 87' lang='lat' dir='ltr'>centro</span> <span class='ocrx_word' id='word_1_253' title='bbox 1136 3138 1370 3202; x_wconf 81' lang='lat' dir='ltr'>condita,</span> <span class='ocrx_word' id='word_1_254' title='bbox 1408 3139 1546 3190; x_wconf 80' lang='lat' dir='ltr'>utin</span> 
     </span>
     <span class='ocr_line' id='line_1_33' title="bbox 479 3211 1545 3281; baseline 0.002 -17"><span class='ocrx_word' id='word_1_255' title='bbox 479 3211 715 3264; x_wconf 78' lang='lat' dir='ltr'>Judithae</span> <span class='ocrx_word' id='word_1_256' title='bbox 741 3213 875 3265; x_wconf 88' lang='lat' dir='ltr'>libro</span> <span class='ocrx_word' id='word_1_257' title='bbox 916 3216 1157 3279; x_wconf 81' lang='lat' dir='ltr'>legimus,</span> <span class='ocrx_word' id='word_1_258' title='bbox 1187 3216 1253 3266; x_wconf 89' lang='lat' dir='ltr'>ab</span> <span class='ocrx_word' id='word_1_259' title='bbox 1274 3215 1545 3281; x_wconf 83' lang='lat' dir='ltr'>Arphaxa·</span> 
     </span>
     <span class='ocr_line' id='line_1_34' title="bbox 480 3290 1545 3359; baseline 0.006 -20"><span class='ocrx_word' id='word_1_260' title='bbox 480 3290 549 3340; x_wconf 87' lang='lat' dir='ltr'>do</span> <span class='ocrx_word' id='word_1_261' title='bbox 572 3291 843 3342; x_wconf 85' lang='lat' dir='ltr'>Medorum</span> <span class='ocrx_word' id='word_1_262' title='bbox 868 3293 1031 3356; x_wconf 77' lang='lat' dir='ltr'>Rege,</span> <span class='ocrx_word' id='word_1_263' title='bbox 1062 3309 1214 3358; x_wconf 85' lang='lat' dir='ltr'>quem</span> <span class='ocrx_word' id='word_1_264' title='bbox 1246 3296 1398 3359; x_wconf 81' lang='lat' dir='ltr'>vulgo</span> <span class='ocrx_word' id='word_1_265' title='bbox 1422 3295 1545 3345; x_wconf 86' lang='lat' dir='ltr'>Dei·</span> 
     </span>
     <span class='ocr_line' id='line_1_35' title="bbox 479 3372 1545 3436; baseline 0.003 -18"><span class='ocrx_word' id='word_1_266' title='bbox 479 3383 629 3419; x_wconf 83' lang='lat' dir='ltr'>ocem</span> <span class='ocrx_word' id='word_1_267' title='bbox 669 3383 781 3419; x_wconf 84' lang='lat' dir='ltr'>esse</span> <span class='ocrx_word' id='word_1_268' title='bbox 829 3377 1039 3435; x_wconf 87' lang='lat' dir='ltr'>putant,</span> <span class='ocrx_word' id='word_1_269' title='bbox 1074 3385 1190 3421; x_wconf 88' lang='lat' dir='ltr'>eum</span> <span class='ocrx_word' id='word_1_270' title='bbox 1226 3373 1313 3436; x_wconf 87' lang='lat' dir='ltr'>qui</span> <span class='ocrx_word' id='word_1_271' title='bbox 1348 3372 1545 3436; x_wconf 86' lang='lat' dir='ltr'>primus</span> 
     </span>
    </p>
   </div>
   <div class='ocr_carea' id='block_1_10' title="bbox 480 3444 1581 3518">
    <p class='ocr_par' dir='ltr' id='par_1_13' title="bbox 480 3444 1581 3518">
     <span class='ocr_line' id='line_1_36' title="bbox 480 3444 1581 3518; baseline 0.001 -24"><span class='ocrx_word' id='word_1_272' title='bbox 480 3444 756 3495; x_wconf 86' lang='lat' dir='ltr'>Medorum</span> <span class='ocrx_word' id='word_1_273' title='bbox 781 3458 958 3509; x_wconf 79' lang='lat' dir='ltr'>regum</span> <span class='ocrx_word' id='word_1_274' title='bbox 990 3446 1057 3518; x_wconf 78' lang='lat' dir='ltr'>ab</span> <span class='ocrx_word' id='word_1_275' title='bbox 1092 3445 1366 3497; x_wconf 84' lang='lat' dir='ltr'>Herodoto</span> <span class='ocrx_word' id='word_1_276' title='bbox 1400 3448 1544 3510; x_wconf 88' lang='lat' dir='ltr'>poni·</span> <span class='ocrx_word' id='word_1_277' title='bbox 1580 3471 1581 3474; x_wconf 36' lang='lat'>¹</span> 
     </span>
    </p>
   </div>
   <div class='ocr_carea' id='block_1_11' title="bbox 477 3523 1545 4354">
    <p class='ocr_par' dir='ltr' id='par_1_14' title="bbox 477 3523 1545 4354">
     <span class='ocr_line' id='line_1_37' title="bbox 481 3523 1545 3589; baseline 0.002 -17"><span class='ocrx_word' id='word_1_278' title='bbox 481 3529 588 3586; x_wconf 77' lang='lat' dir='ltr'>tur,</span> <span class='ocrx_word' id='word_1_279' title='bbox 607 3525 763 3588; x_wconf 81' lang='lat' dir='ltr'>longe</span> <span class='ocrx_word' id='word_1_280' title='bbox 781 3523 1013 3573; x_wconf 84' lang='lat' dir='ltr'>diversus</span> <span class='ocrx_word' id='word_1_281' title='bbox 1033 3524 1097 3573; x_wconf 85' lang='lat' dir='ltr'>ab</span> <span class='ocrx_word' id='word_1_282' title='bbox 1116 3524 1206 3574; x_wconf 88' lang='lat' dir='ltr'>illo</span> <span class='ocrx_word' id='word_1_283' title='bbox 1222 3523 1433 3575; x_wconf 81' lang='lat' dir='ltr'>Arbace</span> <span class='ocrx_word' id='word_1_284' title='bbox 1455 3525 1545 3589; x_wconf 90' lang='lat' dir='ltr'>qui</span> 
     </span>
     <span class='ocr_line' id='line_1_38' title="bbox 482 3599 1542 3666; baseline 0.003 -18"><span class='ocrx_word' id='word_1_285' title='bbox 482 3599 742 3653; x_wconf 76' lang='lat' dir='ltr'>ademtam</span> <span class='ocrx_word' id='word_1_286' title='bbox 774 3600 999 3666; x_wconf 75' lang='lat' dir='ltr'>Assyriis</span> <span class='ocrx_word' id='word_1_287' title='bbox 1031 3601 1300 3666; x_wconf 84' lang='lat' dir='ltr'>imperium</span> <span class='ocrx_word' id='word_1_288' title='bbox 1338 3602 1405 3651; x_wconf 88' lang='lat' dir='ltr'>ad</span> <span class='ocrx_word' id='word_1_289' title='bbox 1424 3603 1542 3652; x_wconf 89' lang='lat' dir='ltr'>Me·</span> 
     </span>
     <span class='ocr_line' id='line_1_39' title="bbox 480 3677 1543 3734; baseline 0.006 -8"><span class='ocrx_word' id='word_1_290' title='bbox 480 3677 576 3726; x_wconf 82' lang='lat' dir='ltr'>dos</span> <span class='ocrx_word' id='word_1_291' title='bbox 598 3679 918 3728; x_wconf 69' lang='lat' dir='ltr'>transtulisse</span> <span class='ocrx_word' id='word_1_292' title='bbox 951 3680 1196 3728; x_wconf 85' lang='lat' dir='ltr'>scribitur</span> <span class='ocrx_word' id='word_1_293' title='bbox 1229 3695 1260 3728; x_wconf 87' lang='lat' dir='ltr'>a</span> <span class='ocrx_word' id='word_1_294' title='bbox 1294 3680 1543 3734; x_wconf 82' lang='lat' dir='ltr'>Diodoro..</span> 
     </span>
     <span class='ocr_line' id='line_1_40' title="bbox 479 3756 1543 3821; baseline 0.004 -18"><span class='ocrx_word' id='word_1_295' title='bbox 479 3756 673 3806; x_wconf 81' lang='lat' dir='ltr'>Verum</span> <span class='ocrx_word' id='word_1_296' title='bbox 707 3758 975 3806; x_wconf 80' lang='lat' dir='ltr'>enimvero</span> <span class='ocrx_word' id='word_1_297' title='bbox 1003 3757 1268 3807; x_wconf 87' lang='lat' dir='ltr'>Diodorus</span> <span class='ocrx_word' id='word_1_298' title='bbox 1289 3757 1408 3821; x_wconf 83' lang='lat' dir='ltr'>ipse·</span> <span class='ocrx_word' id='word_1_299' title='bbox 1426 3756 1543 3821; x_wconf 83' lang='lat' dir='ltr'>jam</span> 
     </span>
     <span class='ocr_line' id='line_1_41' title="bbox 479 3830 1544 3894; baseline 0.004 -14"><span class='ocrx_word' id='word_1_300' title='bbox 479 3830 775 3894; x_wconf 77' lang='lat' dir='ltr'>imperante</span> <span class='ocrx_word' id='word_1_301' title='bbox 796 3833 1133 3884; x_wconf 76' lang='lat' dir='ltr'>Semiramide</span> <span class='ocrx_word' id='word_1_302' title='bbox 1157 3833 1427 3884; x_wconf 74' lang='lat' dir='ltr'>Ecbatana</span> <span class='ocrx_word' id='word_1_303' title='bbox 1463 3834 1544 3883; x_wconf 81' lang='lat' dir='ltr'>fu·</span> 
     </span>
     <span class='ocr_line' id='line_1_42' title="bbox 479 3909 1543 3976; baseline 0.004 -18"><span class='ocrx_word' id='word_1_304' title='bbox 479 3910 582 3959; x_wconf 85' lang='lat' dir='ltr'>isse</span> <span class='ocrx_word' id='word_1_305' title='bbox 605 3910 779 3973; x_wconf 83' lang='lat' dir='ltr'>prodit</span> <span class='ocrx_word' id='word_1_306' title='bbox 797 3909 886 3960; x_wconf 88' lang='lat' dir='ltr'>lib.</span> <span class='ocrx_word' id='word_1_307' title='bbox 907 3925 975 3962; x_wconf 83' lang='grc' dir='ltr'>ιι.</span> <span class='ocrx_word' id='word_1_308' title='bbox 1011 3912 1097 3961; x_wconf 74' lang='lat' dir='ltr'>lta</span> <span class='ocrx_word' id='word_1_309' title='bbox 1111 3912 1219 3961; x_wconf 80' lang='lat' dir='ltr'>sive</span> <span class='ocrx_word' id='word_1_310' title='bbox 1241 3910 1543 3976; x_wconf 82' lang='lat' dir='ltr'>Arpbaxad,</span> 
     </span>
     <span class='ocr_line' id='line_1_43' title="bbox 477 3980 1540 4054; baseline 0.008 -21"><span class='ocrx_word' id='word_1_311' title='bbox 477 3986 590 4034; x_wconf 82' lang='lat' dir='ltr'>sive</span> <span class='ocrx_word' id='word_1_312' title='bbox 628 3980 851 4036; x_wconf 85' lang='lat' dir='ltr'>Deioces</span> <span class='ocrx_word' id='word_1_313' title='bbox 889 3988 996 4052; x_wconf 80' lang='lat' dir='ltr'>ille,</span> <span class='ocrx_word' id='word_1_314' title='bbox 1024 3989 1258 4054; x_wconf 82' lang='lat' dir='ltr'>quisquis</span> <span class='ocrx_word' id='word_1_315' title='bbox 1290 3990 1411 4054; x_wconf 85' lang='lat' dir='ltr'>fnit,</span> <span class='ocrx_word' id='word_1_316' title='bbox 1433 4006 1540 4041; x_wconf 90' lang='lat' dir='ltr'>non</span> 
     </span>
     <span class='ocr_line' id='line_1_44' title="bbox 480 4062 1544 4131; baseline 0.007 -20"><span class='ocrx_word' id='word_1_317' title='bbox 480 4070 685 4124; x_wconf 79' lang='lat' dir='ltr'>auctor,</span> <span class='ocrx_word' id='word_1_318' title='bbox 705 4062 795 4111; x_wconf 88' lang='lat' dir='ltr'>sed</span> <span class='ocrx_word' id='word_1_319' title='bbox 835 4064 1153 4115; x_wconf 79' lang='lat' dir='ltr'>instaurator</span> <span class='ocrx_word' id='word_1_320' title='bbox 1173 4067 1544 4131; x_wconf 78' lang='lat' dir='ltr'>amplificator-</span> 
     </span>
     <span class='ocr_line' id='line_1_45' title="bbox 481 4137 1541 4206; baseline 0.004 -17"><span class='ocrx_word' id='word_1_321' title='bbox 481 4154 544 4189; x_wconf 83' lang='lat' dir='ltr'>ve</span> <span class='ocrx_word' id='word_1_322' title='bbox 568 4137 834 4188; x_wconf 84' lang='lat' dir='ltr'>habendus</span> <span class='ocrx_word' id='word_1_323' title='bbox 857 4147 1008 4190; x_wconf 88' lang='lat' dir='ltr'>esset.</span> <span class='ocrx_word' id='word_1_324' title='bbox 1072 4143 1159 4191; x_wconf 88' lang='lat' dir='ltr'>De</span> <span class='ocrx_word' id='word_1_325' title='bbox 1193 4142 1382 4206; x_wconf 88' lang='lat' dir='ltr'>quibus</span> <span class='ocrx_word' id='word_1_326' title='bbox 1418 4157 1541 4193; x_wconf 85' lang='lat' dir='ltr'>con-</span> 
     </span>
     <span class='ocr_line' id='line_1_46' title="bbox 481 4214 1542 4280; baseline 0.008 -18"><span class='ocrx_word' id='word_1_327' title='bbox 481 4214 595 4263; x_wconf 79' lang='lat' dir='ltr'>sule</span> <span class='ocrx_word' id='word_1_328' title='bbox 636 4227 766 4278; x_wconf 81' lang='lat' dir='ltr'>quos</span> <span class='ocrx_word' id='word_1_329' title='bbox 799 4214 929 4277; x_wconf 84' lang='lat' dir='ltr'>dixi,</span> <span class='ocrx_word' id='word_1_330' title='bbox 971 4215 1262 4280; x_wconf 75' lang='lat' dir='ltr'>petavium,</span> <span class='ocrx_word' id='word_1_331' title='bbox 1306 4219 1542 4269; x_wconf 80' lang='lat' dir='ltr'>Marsba-</span> 
     </span>
     <span class='ocr_line' id='line_1_47' title="bbox 479 4290 1540 4354; baseline 0.005 -14"><span class='ocrx_word' id='word_1_332' title='bbox 479 4305 638 4354; x_wconf 84' lang='lat' dir='ltr'>mum,</span> <span class='ocrx_word' id='word_1_333' title='bbox 651 4292 753 4342; x_wconf 65' lang='lat' dir='ltr'>dcc.</span> <span class='ocrx_word' id='word_1_334' title='bbox 822 4290 1014 4341; x_wconf 79' lang='lat' dir='ltr'>Errant</span> <span class='ocrx_word' id='word_1_335' title='bbox 1032 4297 1206 4343; x_wconf 85' lang='lat' dir='ltr'>autem</span> <span class='ocrx_word' id='word_1_336' title='bbox 1222 4294 1540 4347; x_wconf 83' lang='lat' dir='ltr'>recentiores</span> 
     </span>
    </p>
   </div>
   <div class='ocr_carea' id='block_1_12' title="bbox 1627 2526 2690 2662">
    <p class='ocr_par' dir='ltr' id='par_1_15' title="bbox 1627 2526 2690 2662">
     <span class='ocr_line' id='line_1_48' title="bbox 1628 2526 2690 2593; baseline -0.001 -15"><span class='ocrx_word' id='word_1_337' title='bbox 1628 2528 1953 2593; x_wconf 81' lang='lat' dir='ltr'>Geographi‚</span> <span class='ocrx_word' id='word_1_338' title='bbox 1972 2527 2061 2592; x_wconf 86' lang='lat' dir='ltr'>qui</span> <span class='ocrx_word' id='word_1_339' title='bbox 2095 2539 2211 2576; x_wconf 89' lang='lat' dir='ltr'>cum</span> <span class='ocrx_word' id='word_1_340' title='bbox 2235 2526 2541 2577; x_wconf 87' lang='lat' dir='ltr'>hodiernum</span> <span class='ocrx_word' id='word_1_341' title='bbox 2568 2527 2690 2577; x_wconf 70' lang='lat' dir='ltr'>Tau·</span> 
     </span>
     <span class='ocr_line' id='line_1_49' title="bbox 1627 2603 2689 2662; baseline -0.003 -7"><span class='ocrx_word' id='word_1_342' title='bbox 1627 2605 1700 2655; x_wconf 79' lang='lat' dir='ltr'>ris</span> <span class='ocrx_word' id='word_1_343' title='bbox 1721 2614 1903 2655; x_wconf 84' lang='lat' dir='ltr'>vetera</span> <span class='ocrx_word' id='word_1_344' title='bbox 1924 2603 2190 2653; x_wconf 80' lang='lat' dir='ltr'>Ecbatana</span> <span class='ocrx_word' id='word_1_345' title='bbox 2213 2618 2326 2653; x_wconf 90' lang='lat' dir='ltr'>esse</span> <span class='ocrx_word' id='word_1_346' title='bbox 2359 2604 2540 2662; x_wconf 84' lang='lat' dir='ltr'>velint,</span> <span class='ocrx_word' id='word_1_347' title='bbox 2562 2604 2689 2653; x_wconf 85' lang='lat' dir='ltr'>illud</span> 
     </span>
    </p>
   </div>
   <div class='ocr_carea' id='block_1_13' title="bbox 1627 2677 2786 2743">
    <p class='ocr_par' dir='ltr' id='par_1_16' title="bbox 1627 2677 2786 2743">
     <span class='ocr_line' id='line_1_50' title="bbox 1627 2677 2786 2743; baseline -0.001 -14"><span class='ocrx_word' id='word_1_348' title='bbox 1627 2682 1876 2731; x_wconf 84' lang='lat' dir='ltr'>tamenin</span> <span class='ocrx_word' id='word_1_349' title='bbox 1901 2677 2201 2743; x_wconf 85' lang='lat' dir='ltr'>Atropatia,</span> <span class='ocrx_word' id='word_1_350' title='bbox 2234 2681 2332 2728; x_wconf 87' lang='lat' dir='ltr'>hoc</span> <span class='ocrx_word' id='word_1_351' title='bbox 2364 2687 2468 2742; x_wconf 85' lang='lat' dir='ltr'>est,</span> <span class='ocrx_word' id='word_1_352' title='bbox 2489 2679 2540 2727; x_wconf 91' lang='lat' dir='ltr'>in</span> <span class='ocrx_word' id='word_1_353' title='bbox 2564 2680 2689 2728; x_wconf 91' lang='lat' dir='ltr'>Pro·</span> <span class='ocrx_word' id='word_1_354' title='bbox 2782 2701 2786 2708; x_wconf 85' lang='lat'><strong>·</strong></span> 
     </span>
    </p>
   </div>
   <div class='ocr_carea' id='block_1_14' title="bbox 1619 2755 2689 4363">
    <p class='ocr_par' dir='ltr' id='par_1_17' title="bbox 1625 2755 2689 3284">
     <span class='ocr_line' id='line_1_51' title="bbox 1626 2755 2688 2807; baseline -0.004 0"><span class='ocrx_word' id='word_1_355' title='bbox 1626 2758 1797 2807; x_wconf 79' lang='lat' dir='ltr'>vincia</span> <span class='ocrx_word' id='word_1_356' title='bbox 1835 2756 2015 2806; x_wconf 65' lang='lat' dir='ltr'>Sin-can</span> <span class='ocrx_word' id='word_1_357' title='bbox 2051 2755 2394 2805; x_wconf 78' lang='lat' dir='ltr'>constituunt.</span> <span class='ocrx_word' id='word_1_358' title='bbox 2460 2755 2600 2804; x_wconf 76' lang='lat' dir='ltr'>Nam</span> <span class='ocrx_word' id='word_1_359' title='bbox 2624 2764 2688 2804; x_wconf 82' lang='lat' dir='ltr'>et</span> 
     </span>
     <span class='ocr_line' id='line_1_52' title="bbox 1626 2831 2689 2897; baseline -0.005 -12"><span class='ocrx_word' id='word_1_360' title='bbox 1626 2834 1824 2885; x_wconf 82' lang='lat' dir='ltr'>vetusti</span> <span class='ocrx_word' id='word_1_361' title='bbox 1854 2834 2142 2897; x_wconf 79' lang='lat' dir='ltr'>scriptores</span> <span class='ocrx_word' id='word_1_362' title='bbox 2173 2831 2388 2892; x_wconf 84' lang='lat' dir='ltr'>Strabo,</span> <span class='ocrx_word' id='word_1_363' title='bbox 2410 2832 2689 2881; x_wconf 69' lang='lat' dir='ltr'>Ptolemae·</span> 
     </span>
     <span class='ocr_line' id='line_1_53' title="bbox 1625 2907 2686 2975; baseline -0.004 -14"><span class='ocrx_word' id='word_1_364' title='bbox 1625 2927 1705 2975; x_wconf 84' lang='lat' dir='ltr'>us,</span> <span class='ocrx_word' id='word_1_365' title='bbox 1726 2915 1825 2963; x_wconf 82' lang='lat' dir='ltr'>&amp;c.</span> <span class='ocrx_word' id='word_1_366' title='bbox 1856 2911 1912 2960; x_wconf 90' lang='lat' dir='ltr'>in</span> <span class='ocrx_word' id='word_1_367' title='bbox 1952 2910 2147 2973; x_wconf 78' lang='lat' dir='ltr'>Magna</span> <span class='ocrx_word' id='word_1_368' title='bbox 2179 2907 2364 2958; x_wconf 83' lang='lat' dir='ltr'>Media</span> <span class='ocrx_word' id='word_1_369' title='bbox 2407 2908 2686 2970; x_wconf 81' lang='lat' dir='ltr'>collocant,</span> 
     </span>
     <span class='ocr_line' id='line_1_54' title="bbox 1626 2984 2687 3048; baseline -0.003 -11"><span class='ocrx_word' id='word_1_370' title='bbox 1626 2995 1681 3037; x_wconf 84' lang='lat' dir='ltr'>et</span> <span class='ocrx_word' id='word_1_371' title='bbox 1704 2989 1785 3037; x_wconf 79' lang='lat' dir='ltr'>vel</span> <span class='ocrx_word' id='word_1_372' title='bbox 1811 3001 1879 3036; x_wconf 81' lang='lat' dir='ltr'>ex</span> <span class='ocrx_word' id='word_1_373' title='bbox 1910 3000 1974 3037; x_wconf 90' lang='lat' dir='ltr'>eo</span> <span class='ocrx_word' id='word_1_374' title='bbox 1999 2984 2331 3036; x_wconf 82' lang='lat' dir='ltr'>manifestum</span> <span class='ocrx_word' id='word_1_375' title='bbox 2362 2987 2477 3033; x_wconf 71' lang='lat' dir='ltr'>esse</span> <span class='ocrx_word' id='word_1_376' title='bbox 2502 2991 2687 3048; x_wconf 83' lang='lat' dir='ltr'>potest,</span> 
     </span>
     <span class='ocr_line' id='line_1_55' title="bbox 1625 3061 2686 3128; baseline -0.003 -15"><span class='ocrx_word' id='word_1_377' title='bbox 1625 3061 1764 3128; x_wconf 84' lang='lat' dir='ltr'>quad</span> <span class='ocrx_word' id='word_1_378' title='bbox 1788 3062 2075 3113; x_wconf 83' lang='lat' dir='ltr'>Ecbatanis</span> <span class='ocrx_word' id='word_1_379' title='bbox 2114 3062 2300 3111; x_wconf 80' lang='lat' dir='ltr'>aestiva</span> <span class='ocrx_word' id='word_1_380' title='bbox 2332 3061 2518 3111; x_wconf 80' lang='lat' dir='ltr'>Parthi</span> <span class='ocrx_word' id='word_1_381' title='bbox 2540 3074 2686 3124; x_wconf 83' lang='lat' dir='ltr'>reges</span> 
     </span>
     <span class='ocr_line' id='line_1_56' title="bbox 1627 3137 2686 3203; baseline -0.005 -14"><span class='ocrx_word' id='word_1_382' title='bbox 1627 3152 1782 3203; x_wconf 81' lang='lat' dir='ltr'>agere</span> <span class='ocrx_word' id='word_1_383' title='bbox 1820 3145 2222 3198; x_wconf 82' lang='lat' dir='ltr'>consueverant,</span> <span class='ocrx_word' id='word_1_384' title='bbox 2257 3152 2475 3202; x_wconf 87' lang='lat' dir='ltr'>quorum</span> <span class='ocrx_word' id='word_1_385' title='bbox 2499 3138 2553 3187; x_wconf 92' lang='lat' dir='ltr'>iu</span> <span class='ocrx_word' id='word_1_386' title='bbox 2573 3137 2686 3186; x_wconf 81' lang='lat' dir='ltr'>diti·</span> 
     </span>
     <span class='ocr_line' id='line_1_57' title="bbox 1625 3213 2683 3284; baseline -0.002 -19"><span class='ocrx_word' id='word_1_387' title='bbox 1625 3229 1749 3276; x_wconf 84' lang='lat' dir='ltr'>one,</span> <span class='ocrx_word' id='word_1_388' title='bbox 1767 3221 1827 3265; x_wconf 92' lang='lat' dir='ltr'>ut</span> <span class='ocrx_word' id='word_1_389' title='bbox 1851 3214 2089 3277; x_wconf 84' lang='lat' dir='ltr'>vidimus,</span> <span class='ocrx_word' id='word_1_390' title='bbox 2120 3213 2399 3278; x_wconf 84' lang='lat' dir='ltr'>Atropatia</span> <span class='ocrx_word' id='word_1_391' title='bbox 2430 3228 2536 3263; x_wconf 87' lang='lat' dir='ltr'>uon</span> <span class='ocrx_word' id='word_1_392' title='bbox 2558 3220 2683 3284; x_wconf 72' lang='lat' dir='ltr'>erst-</span> 
     </span>
    </p>

    <p class='ocr_par' dir='ltr' id='par_1_18' title="bbox 1625 3290 2683 3433">
     <span class='ocr_line' id='line_1_58' title="bbox 1687 3290 2683 3354; baseline -0.002 -12"><span class='ocrx_word' id='word_1_393' title='bbox 1687 3291 1712 3325; x_wconf 61' lang='grc' dir='ltr'>ὓ</span> <span class='ocrx_word' id='word_1_394' title='bbox 1748 3292 1891 3342; x_wconf 79' lang='lat' dir='ltr'>Nunc</span> <span class='ocrx_word' id='word_1_395' title='bbox 1913 3296 2071 3341; x_wconf 74' lang='lat' dir='ltr'>tenent</span> <span class='ocrx_word' id='word_1_396' title='bbox 2090 3290 2292 3354; x_wconf 73' lang='lat' dir='ltr'>Parthi]</span> <span class='ocrx_word' id='word_1_397' title='bbox 2327 3290 2481 3342; x_wconf 83' lang='lat' dir='ltr'>Infra</span> <span class='ocrx_word' id='word_1_398' title='bbox 2502 3292 2590 3341; x_wconf 87' lang='lat' dir='ltr'>lib.</span> <span class='ocrx_word' id='word_1_399' title='bbox 2613 3304 2683 3341; x_wconf 76' lang='lat' dir='ltr'>vi.</span> 
     </span>
     <span class='ocr_line' id='line_1_59' title="bbox 1625 3374 1816 3433; baseline 0.005 -16"><span class='ocrx_word' id='word_1_400' title='bbox 1625 3382 1743 3433; x_wconf 81' lang='lat' dir='ltr'>cap.</span> <span class='ocrx_word' id='word_1_401' title='bbox 1767 3374 1816 3418; x_wconf 83' lang='lat'>6.</span> 
     </span>
    </p>

    <p class='ocr_par' dir='ltr' id='par_1_19' title="bbox 1624 3445 2685 3890">
     <span class='ocr_line' id='line_1_60' title="bbox 1685 3445 2684 3509; baseline -0.002 -14"><span class='ocrx_word' id='word_1_402' title='bbox 1685 3452 1709 3478; x_wconf 78' lang='lat'><strong>⁰</strong></span> <span class='ocrx_word' id='word_1_403' title='bbox 1740 3445 1959 3509; x_wconf 75' lang='lat' dir='ltr'>AEstiaa]</span> <span class='ocrx_word' id='word_1_404' title='bbox 1991 3445 2222 3509; x_wconf 86' lang='lat' dir='ltr'>Propter</span> <span class='ocrx_word' id='word_1_405' title='bbox 2245 3445 2442 3499; x_wconf 80' lang='lat' dir='ltr'>aestatis</span> <span class='ocrx_word' id='word_1_406' title='bbox 2459 3446 2684 3498; x_wconf 65' lang='lat' dir='ltr'>modera-</span> 
     </span>
     <span class='ocr_line' id='line_1_61' title="bbox 1624 3522 2683 3588; baseline 0.004 -18"><span class='ocrx_word' id='word_1_407' title='bbox 1624 3526 1733 3571; x_wconf 87' lang='lat' dir='ltr'>tum</span> <span class='ocrx_word' id='word_1_408' title='bbox 1752 3522 1811 3570; x_wconf 89' lang='lat' dir='ltr'>iis</span> <span class='ocrx_word' id='word_1_409' title='bbox 1827 3522 1954 3572; x_wconf 90' lang='lat' dir='ltr'>locis</span> <span class='ocrx_word' id='word_1_410' title='bbox 1971 3522 2195 3571; x_wconf 83' lang='lat' dir='ltr'>calorem</span> <span class='ocrx_word' id='word_1_411' title='bbox 2216 3538 2232 3583; x_wconf 74' lang='grc' dir='ltr'>ς</span> <span class='ocrx_word' id='word_1_412' title='bbox 2256 3522 2683 3588; x_wconf 81' lang='lat' dir='ltr'>quemadmodum</span> 
     </span>
     <span class='ocr_line' id='line_1_62' title="bbox 1624 3598 2683 3666; baseline 0.004 -19"><span class='ocrx_word' id='word_1_413' title='bbox 1624 3598 1881 3649; x_wconf 79' lang='lat' dir='ltr'>Seleuciae</span> <span class='ocrx_word' id='word_1_414' title='bbox 1905 3598 1985 3648; x_wconf 83' lang='lat' dir='ltr'>vel</span> <span class='ocrx_word' id='word_1_415' title='bbox 2016 3598 2354 3663; x_wconf 85' lang='lat' dir='ltr'>Ctesiphonte</span> <span class='ocrx_word' id='word_1_416' title='bbox 2385 3600 2436 3649; x_wconf 90' lang='lat' dir='ltr'>in</span> <span class='ocrx_word' id='word_1_417' title='bbox 2462 3602 2683 3666; x_wconf 82' lang='lat' dir='ltr'>Babylo-</span> 
     </span>
     <span class='ocr_line' id='line_1_63' title="bbox 1624 3674 2685 3740; baseline 0.001 -17"><span class='ocrx_word' id='word_1_418' title='bbox 1624 3675 1712 3724; x_wconf 82' lang='lat' dir='ltr'>nia</span> <span class='ocrx_word' id='word_1_419' title='bbox 1751 3674 1992 3740; x_wconf 83' lang='lat' dir='ltr'>hyemem</span> <span class='ocrx_word' id='word_1_420' title='bbox 2049 3675 2242 3728; x_wconf 82' lang='lat' dir='ltr'>ducere</span> <span class='ocrx_word' id='word_1_421' title='bbox 2293 3686 2685 3736; x_wconf 74' lang='lat' dir='ltr'>consueverant,</span> 
     </span>
     <span class='ocr_line' id='line_1_64' title="bbox 1627 3751 2682 3817; baseline 0.002 -16"><span class='ocrx_word' id='word_1_422' title='bbox 1627 3752 1765 3814; x_wconf 76' lang='lat' dir='ltr'>quod</span> <span class='ocrx_word' id='word_1_423' title='bbox 1787 3752 1908 3803; x_wconf 83' lang='lat' dir='ltr'>istic</span> <span class='ocrx_word' id='word_1_424' title='bbox 1932 3751 2127 3806; x_wconf 86' lang='lat' dir='ltr'>nullum</span> <span class='ocrx_word' id='word_1_425' title='bbox 2158 3766 2322 3816; x_wconf 86' lang='lat' dir='ltr'>prope</span> <span class='ocrx_word' id='word_1_426' title='bbox 2346 3751 2514 3817; x_wconf 82' lang='lat' dir='ltr'>frigus</span> <span class='ocrx_word' id='word_1_427' title='bbox 2531 3761 2682 3803; x_wconf 83' lang='lat' dir='ltr'>esset.</span> 
     </span>
     <span class='ocr_line' id='line_1_65' title="bbox 1624 3827 2305 3890; baseline -0.003 -12"><span class='ocrx_word' id='word_1_428' title='bbox 1624 3828 1824 3878; x_wconf 83' lang='lat' dir='ltr'>Bactra</span> <span class='ocrx_word' id='word_1_429' title='bbox 1843 3827 1937 3878; x_wconf 88' lang='lat' dir='ltr'>lib.</span> <span class='ocrx_word' id='word_1_430' title='bbox 1952 3841 2064 3877; x_wconf 83' lang='lat' dir='ltr'>·vu.</span> <span class='ocrx_word' id='word_1_431' title='bbox 2085 3841 2204 3890; x_wconf 81' lang='lat' dir='ltr'>cap.</span> <span class='ocrx_word' id='word_1_432' title='bbox 2228 3831 2305 3876; x_wconf 81' lang='lat'>16.</span> 
     </span>
    </p>

    <p class='ocr_par' dir='ltr' id='par_1_20' title="bbox 1619 3902 2683 4363">
     <span class='ocr_line' id='line_1_66' title="bbox 1686 3902 2683 3971; baseline 0.003 -17"><span class='ocrx_word' id='word_1_433' title='bbox 1686 3902 1712 3940; x_wconf 77' lang='lat'>⁸¹</span> <span class='ocrx_word' id='word_1_434' title='bbox 1743 3904 1919 3955; x_wconf 79' lang='lat' dir='ltr'>Stadia</span> <span class='ocrx_word' id='word_1_435' title='bbox 1951 3904 2112 3968; x_wconf 67' lang='lat' dir='ltr'>Ma]</span> <span class='ocrx_word' id='word_1_436' title='bbox 2156 3904 2388 3953; x_wconf 56' lang='lat' dir='ltr'>,Centum</span> <span class='ocrx_word' id='word_1_437' title='bbox 2413 3906 2683 3971; x_wconf 81' lang='lat' dir='ltr'>octoginta</span> 
     </span>
     <span class='ocr_line' id='line_1_67' title="bbox 1624 3980 2681 4049; baseline 0.004 -19"><span class='ocrx_word' id='word_1_438' title='bbox 1624 3981 1849 4048; x_wconf 86' lang='lat' dir='ltr'>quinque</span> <span class='ocrx_word' id='word_1_439' title='bbox 1880 3980 2123 4031; x_wconf 81' lang='lat' dir='ltr'>milliaria</span> <span class='ocrx_word' id='word_1_440' title='bbox 2144 3986 2201 4029; x_wconf 87' lang='lat' dir='ltr'>et</span> <span class='ocrx_word' id='word_1_441' title='bbox 2232 3981 2548 4046; x_wconf 80' lang='lat' dir='ltr'>quingentos</span> <span class='ocrx_word' id='word_1_442' title='bbox 2572 4000 2681 4049; x_wconf 81' lang='lat' dir='ltr'>pas-</span> 
     </span>
     <span class='ocr_line' id='line_1_68' title="bbox 1623 4057 2677 4120; baseline 0.004 -13"><span class='ocrx_word' id='word_1_443' title='bbox 1623 4072 1731 4108; x_wconf 82' lang='lat' dir='ltr'>sus.</span> <span class='ocrx_word' id='word_1_444' title='bbox 1793 4057 1898 4108; x_wconf 90' lang='lat' dir='ltr'>Sed</span> <span class='ocrx_word' id='word_1_445' title='bbox 1922 4057 2084 4107; x_wconf 86' lang='lat' dir='ltr'>multo</span> <span class='ocrx_word' id='word_1_446' title='bbox 2121 4058 2320 4120; x_wconf 82' lang='lat' dir='ltr'>longius</span> <span class='ocrx_word' id='word_1_447' title='bbox 2354 4059 2677 4115; x_wconf 74' lang='lat' dir='ltr'>intervallum</span> 
     </span>
     <span class='ocr_line' id='line_1_69' title="bbox 1622 4135 2675 4199; baseline 0.001 -12"><span class='ocrx_word' id='word_1_448' title='bbox 1622 4143 1737 4187; x_wconf 83' lang='lat' dir='ltr'>erat</span> <span class='ocrx_word' id='word_1_449' title='bbox 1759 4151 1790 4186; x_wconf 76' lang='lat' dir='ltr'>a</span> <span class='ocrx_word' id='word_1_450' title='bbox 1813 4135 2088 4199; x_wconf 81' lang='lat' dir='ltr'>Persepoli</span> <span class='ocrx_word' id='word_1_451' title='bbox 2111 4135 2489 4191; x_wconf 67' lang='lat' dir='ltr'>aaEebataua.</span> <span class='ocrx_word' id='word_1_452' title='bbox 2555 4142 2675 4190; x_wconf 83' lang='lat' dir='ltr'>Cum</span> 
     </span>
     <span class='ocr_line' id='line_1_70' title="bbox 1621 4215 2675 4280; baseline 0.002 -15"><span class='ocrx_word' id='word_1_453' title='bbox 1621 4216 1758 4265; x_wconf 86' lang='lat' dir='ltr'>enim</span> <span class='ocrx_word' id='word_1_454' title='bbox 1776 4216 1912 4266; x_wconf 85' lang='lat' dir='ltr'>Susa</span> <span class='ocrx_word' id='word_1_455' title='bbox 1944 4215 2220 4280; x_wconf 88' lang='lat' dir='ltr'>Persepoli</span> <span class='ocrx_word' id='word_1_456' title='bbox 2245 4216 2522 4280; x_wconf 78' lang='lat' dir='ltr'>distarent,</span> <span class='ocrx_word' id='word_1_457' title='bbox 2545 4225 2675 4268; x_wconf 85' lang='lat' dir='ltr'>teste</span> 
     </span>
     <span class='ocr_line' id='line_1_71' title="bbox 1619 4294 2675 4363; baseline 0 -17"><span class='ocrx_word' id='word_1_458' title='bbox 1619 4294 1894 4360; x_wconf 84' lang='lat' dir='ltr'>Strabone,</span> <span class='ocrx_word' id='word_1_459' title='bbox 1916 4308 2001 4345; x_wconf 75' lang='grc' dir='ltr'>ιν.</span> <span class='ocrx_word' id='word_1_460' title='bbox 2034 4307 2103 4345; x_wconf 80' lang='grc' dir='ltr'>Μ.</span> <span class='ocrx_word' id='word_1_461' title='bbox 2134 4306 2216 4345; x_wconf 83' lang='lat' dir='ltr'>cc·</span> <span class='ocrx_word' id='word_1_462' title='bbox 2238 4297 2441 4360; x_wconf 85' lang='lat' dir='ltr'>stadiis,</span> <span class='ocrx_word' id='word_1_463' title='bbox 2471 4298 2588 4363; x_wconf 82' lang='lat' dir='ltr'>plns</span> <span class='ocrx_word' id='word_1_464' title='bbox 2609 4305 2675 4348; x_wconf 84' lang='lat' dir='ltr'>ta·</span> 
     </span>
    </p>
   </div>
  </div>
 </body>
</html>
