2978 4933
823 435 939 484 oi..
987 432 1146 484 exr.
1187 418 1251 484 4.
1329 434 1401 483 A.
1451 436 1570 483 cn.
1617 436 1691 484 N.
1737 420 1886 487 333.
2082 400 2085 405 ⁵
2320 424 2452 492 209

252 578 570 663 sepelire?
659 578 765 643 14.
796 578 931 644 Illa
972 580 1237 663 paucos
1276 586 1468 645 arcta
1518 566 2021 666 propinquitate
2055 588 2450 672 conjunctos

251 687 271 717 ‘
292 703 417 766 pro
444 681 680 748 habitu
710 685 1061 766 praesentis
1099 685 1383 749 fortunae
1410 683 1703 749 humari'
1743 684 1984 770 jussit3
2016 693 2036 721 ‘
2055 699 2451 774 apparatum

246 786 574 866 funerum,
621 806 753 871 quo
800 788 1024 853 Persae
1055 798 1374 872 suprema
1418 786 1645 854 officia
1687 789 2114 871 celebrarent,
2162 794 2449 861 invidio-

250 909 400 953 sum
429 888 574 954 fore
592 888 611 915 '
651 881 1077 972 existimanS,
1127 895 1147 925 ‘
1166 894 1318 959 cum
1348 893 1635 958 victores
1663 892 1846 957 haud
1875 893 2172 979 pretiose
2199 917 2451 964 crema-

246 992 568 1057 rentur.'s
644 996 754 1060 15.
796 995 1089 1082 Jamque
1121 998 1332 1083 justis
1391 996 1856 1063 defunctorum
1907 1001 2296 1082 corporibus
2341 1022 2453 1091 so-

245 1097 433 1176 lutis,
463 1101 813 1181 praemittit
838 1101 924 1165 ad
956 1102 1288 1185 captiVaS,
1317 1103 1435 1186 qui
1456 1104 1854 1179 nuntiarent,
1885 1104 2146 1187 ‘ipsum
2168 1107 2389 1171 venire
2411 1104 2455 1174 ι’

243 1200 669 1288 inhibitaque
731 1205 1191 1270 comitantium
1247 1207 1465 1277 turba,
1524 1207 2032 1272 tabernaculum
2094 1228 2244 1272 cum
2307 1210 2451 1274 He-

245 1292 623 1391 phaestione
652 1309 874 1373 intrat.
963 1309 1069 1373 16.
1116 1309 1193 1374 Is
1236 1309 1428 1393 longe
1456 1310 1753 1373 omnium
1786 1310 2151 1375 amicorum
2183 1314 2451 1378 carissi-

243 1428 400 1474 mus
447 1418 595 1474 erat
618 1412 780 1494 regi,
811 1431 966 1476 cum
994 1413 1147 1496 ipso
1177 1414 1424 1499 pariter
1450 1413 1821 1496 educatus3
1868 1422 2272 1481 secretorum
2307 1411 2459 1481 omss

241 1513 429 1576 nium
453 1514 700 1579 arbiter
724 1525 771 1580 τ’
810 1514 1141 1580 libertatis
1172 1536 1441 1600 quoque
1461 1516 1529 1580 in
1562 1516 1976 1603 admonendo
2007 1537 2086 1583 eo
2115 1540 2247 1584 non
2276 1520 2450 1597 alius

229 1613 351 1697 jus
388 1614 723 1699 habebat3
771 1616 957 1701 quod
984 1622 1207 1682 tamen
1248 1616 1351 1682 ita
1393 1620 1788 1701 usurpabat,
1836 1628 1911 1683 ut
1958 1622 2175 1703 magis
2213 1642 2254 1686 a
2293 1643 2448 1705 rege

234 1721 663 1801 permissum,
691 1741 896 1806 quam
924 1721 1342 1801 vindicatum
1373 1724 1459 1786 ab
1489 1742 1573 1785 eo
1603 1723 1971 1787 videretur:
2003 1731 2075 1787 et
2091 1725 2266 1788 sicut
2284 1732 2451 1790 aeta-

238 1828 313 1884 te
345 1840 472 1905 par
500 1827 642 1886 erat
662 1824 839 1906 regi3
881 1824 984 1889 it'a
1021 1824 1325 1907 corporis
1368 1822 1604 1889 habitu
1636 1827 2060 1909 praestabat.-
2120 1827 2228 1891 17.
2273 1826 2449 1909 Ergo

234 1926 488 2006 reginae
532 1925 732 1992 illum'
769 1946 1001 2010 regem
1038 1947 1191 1992 esse
1230 1932 1416 2005 ratae,
1445 1948 1568 1991 suo
1598 1948 1780 1992 more
1803 1923 1832 1963 ἃ
1878 1935 2202 1994 veneratae
2248 1938 2448 1996 sunt:

238 2029 396 2093 inde
443 2031 586 2110 [ex]
618 2031 1034 2114 spadonibus
1077 2032 1395 2116 captivis,
1424 2032 1578 2116 quis
1618 2016 2002 2097 Alexander
2031 2039 2235 2111 esset,
2265 2054 2449 2098 mon-

240 2133 641 2212 strantibus.
689 2133 1104 2218 Sysigambis
1137 2133 1457 2200 advoluta
1485 2140 1592 2200 est
1619 2135 1910 2219 pedibus
1939 2136 2111 2219 ejuS,
2152 2136 2448 2220 ‘ignora-
2476 2176 2482 2179 ν

238 2236 488 2306 tionem
520 2257 868 2321 nunquam
899 2245 1100 2304 antea
1126 2238 1258 2303 visi
1286 2239 1459 2321 regis
1479 2237 1497 2263 '
1536 2258 1878 2304 excusans
1903 2261 1916 2300 :
1940 2239 1967 2277 ⁴
2011 2259 2213 2324 quam
2242 2260 2449 2306 manu

293 2433 329 2478 s
361 2434 571 2490 Invidia
606 2437 863 2489 obnoxium
884 2437 1020 2500 sore,
1056 2452 1163 2488 cum
1179 2438 1464 2488 Macedones
1496 2440 1696 2489 victores
1725 2455 1816 2491 non
1835 2442 2078 2505 splendido
2098 2447 2330 2507 apparatu
2352 2444 2451 2491 cre*

237 2508 501 2552 murentur.
758 2510 787 2546 ἱ
823 2503 1048 2554 Omnium
1068 2503 1341 2554 Alexandri
1359 2520 1641 2555 arcanomm
1659 2509 1887 2557 conscius.

302 2565 330 2600 ¹
362 2569 620 2619 Emmaus
640 2571 764 2633 qaod
784 2569 1116 2619 Alexandrum
1136 2584 1230 2619 non
1249 2575 1428 2633 nosset,
1450 2585 1587 2634 quem
1606 2573 1814 2621 nondum
1830 2579 2152 2637 conspexerat.

1159 2715 1192 2735 O

242 2816 347 2882 tuli,
377 2817 664 2867 lectionem
701 2818 815 2867 Pal.
840 2822 889 2868 1.
921 2818 1163 2883 permittit
1202 2836 1249 2883 q.
1286 2836 1334 2869 a.
1363 2837 1413 2883 p.
1452 2837 1518 2870 m.
1555 2820 1783 2884 sepelire!
1813 2818 2273 2891 &husteden—lsi
2308 2818 2465 2868 Pith.

240 2882 436 2933 omittit
471 2884 780 2933 celebrarent.
832 2884 984 2934 Voss.
1005 2889 1055 2933 2.
1079 2885 1195 2944 sore
1229 2886 1614 2935 extimarum—15
1649 2887 1767 2936 Jam
1793 2885 1946 2947 justis
1987 2885 2103 2933 Pal.
2131 2888 2176 2932 1.
2218 2890 2273 2933 et
2313 2886 2454 2933 Dan.
2490 2907 2495 2912 ·

241 2947 411 3011 Itaque
421 2947 579 3008 justis
602 2950 742 2999 Mer.
786 2949 991 3018 Jamque
1022 2950 1174 2999 bustis
1197 2951 1365 3013 Bong.
1385 2955 1435 3001 1.
1471 2951 1796 3011 defunctorum
1815 2951 2032 3015 corporis·
2057 2950 2174 2999 Pal.
2202 2953 2247 2997 1.
2285 2948 2457 2997 solutis

238 3015 450 3076 exequiis
481 3013 742 3078 praemittit
772 3015 990 3066 Venett.
1024 3016 1244 3065 Mediol.
1283 3018 1480 3065 Veron.
1521 3026 1577 3065 et
1611 3018 1747 3065 Mer.
1798 3018 1928 3065 Mox
1969 3016 2199 3065 Florent-
2227 3013 2373 3063 Leid.
2399 3020 2456 3063 et

233 3078 382 3129 Voss.
411 3084 462 3130 1.
483 3083 536 3129 2.
570 3080 861 3144 Ephestione
879 3096 899 3137 ,·
948 3079 1073 3131 Ald.
1100 3081 1265 3145 Lngd.
1288 3088 1345 3131 et
1382 3082 1547 3131 Amat.
1570 3082 1914 3144 Hephestione.
1949 3083 2118 3145 Bong.
2139 3081 2333 3129 intrans
2356 3094 2453 3154 pro

236 3142 403 3196 intrat.
462 3144 706 3196 Freinsb.
732 3146 953 3201 mavult,
986 3148 1192 3208 Jamque
1227 3148 1351 3197 ustis
1388 3150 1438 3197 d.
1473 3149 1764 3212 corporibus,
1783 3147 2056 3211 proemittit,
2080 3149 2298 3208 &see-16
2336 3144 2454 3193 Has

238 3209 371 3272 longe
392 3211 550 3260 Voss.
573 3215 621 3261 1.
665 3212 852 3274 pariter
883 3213 1074 3261 edoctus
1108 3212 1329 3262 Theocr.
1365 3213 1506 3262 Dan.
1543 3214 1684 3262 Pith.
1710 3215 1832 3263 Put.
1855 3213 2050 3262 Faueh.
2073 3213 2242 3273 Bong.
2265 3215 2313 3259 2.
2335 3210 2457 3257 Flo-

241 3281 369 3324 rent.
395 3282 452 3325 et
473 3275 626 3325 Voss.
645 3280 694 3326 1.
719 3281 769 3325 2.
800 3276 987 3339 pariter
1002 3279 1197 3326 eductus
1220 3279 1389 3341 Bong.
1416 3282 1462 3327 1.
1487 3284 1545 3328 et
1575 3278 1725 3329 Leid.
1762 3283 1810 3327 et
1833 3287 1923 3326 non
1946 3278 2072 3326 alius
2099 3277 2246 3324 Voss.
2264 3279 2312 3322 2.
2344 3275 2453 3335 plus

240 3336 441 3389 habebat
464 3340 686 3392 Theocr.
720 3344 841 3405 quod
861 3342 935 3390 ita
957 3347 1114 3390 tamen
1136 3342 1287 3392 Voss.
1307 3347 1358 3391 2.
1409 3343 1577 3393 Paulo
1596 3351 1713 3406 post
1733 3344 1970 3392 Florent.
1992 3348 2049 3391 et
2071 3339 2220 3388 Leid.
2247 3343 2450 3400 proesta-

241 3402 317 3452 bat
345 3406 663 3456 habitae—17
701 3408 840 3455 Dan.
867 3407 991 3456 Put.
1017 3408 1160 3456 Pith.
1184 3405 1380 3456 Pauch.
1404 3417 1459 3457 et
1484 3410 1653 3470 Bong.
1673 3414 1724 3458 2.
1762 3409 1896 3456 illum
1933 3420 2031 3456 esse
2069 3419 2249 3465 regem.
2282 3408 2297 3430 ‘
2321 3403 2452 3478 Qum

241 3466 553 3521 Heumanno
573 3473 996 3535 praepositionem
1020 3487 1083 3521 ex
1105 3472 1287 3521 abesse
1306 3473 1552 3522 mallem?
1587 3474 1881 3522 Schmieder.
1952 3471 2070 3521 Hoc
2091 3470 2271 3522 mallet
2294 3472 2454 3544 etiam

244 3533 399 3589 Cunz.
423 3536 574 3587 Voss.
596 3542 648 3588 2.
685 3538 856 3602 Bong.
878 3537 1042 3603 Lugd.
1068 3544 1125 3587 et
1146 3537 1313 3588 Amat.
1336 3554 1397 3587 ex
1416 3539 1622 3603 eapti-vis
1642 3538 1940 3603 spadonibus.
1992 3537 2224 3586 Floreat.
2249 3533 2453 3583 Sasiam-

1244 3651 1460 3721 NorAE

246 3782 1000 3851 publiciluetusargumentum
1018 3783 1304 3849 erat,quod
1451 3786 1474 3819 ἃ
1508 3785 1605 3835 Suo
1639 3786 1790 3850 more]
1831 3785 2118 3835 Prostratae
2154 3781 2357 3831 scilicet
2389 3777 2456 3827 ad

245 3856 406 3922 Ignis,
425 3875 579 3925 quem
600 3869 856 3912 aeternum
881 3861 1199 3919 vocitabant,
1216 3876 1307 3911 ex·
1388 3866 1498 3929 ejus
1523 3864 1707 3928 pedes„
1726 3879 1843 3929 quae
1866 3860 2150 3912 venerandi
2176 3858 2311 3922 apud
2328 3857 2458 3906 Per-

250 3932 590 3999 tingueretur.
654 3940 903 3990 Ceterum
923 3939 1074 4003 longe
1088 3938 1306 3989 dissimi·
1389 3959 1473 3993 sas
1498 3943 1660 4005 Regis
1675 3941 2001 3992 consuetudo
2027 3938 2148 3989 fuit.
2189 3940 2204 3967 ‘
2221 3938 2365 3986 Illum
2385 3949 2460 3984 re-

247 4011 310 4060 lis
331 4014 605 4079 Magorum
628 4018 766 4081 apud
795 4018 985 4067 Persas
1019 4018 1308 4082 sepultura,
1384 4037 1498 4085 gem
1533 4035 1652 4086 esse,
1689 4021 1798 4084 esce]
1844 4021 1860 4048 ‘
1884 4018 2017 4067 Haec
2057 4014 2305 4082 quidem,’
2343 4013 2457 4061 sub-

250 4105 460 4153 quorum
505 4109 728 4161 corpora
767 4111 871 4147 non
922 4098 1066 4160 prius
1109 4097 1309 4147 humari
1382 4098 1566 4163 jungit
1599 4095 1855 4146 Arrianus
1892 4095 1995 4143 ista
2030 4091 2283 4150 referens,
2320 4093 2475 4171 ‘non-

252 4173 596 4237 consuevisse,
618 4188 771 4239 quam
797 4190 829 4224 a
850 4174 976 4224 feris
1005 4181 1096 4225 aut
1128 4174 1312 4224 avibus
1393 4182 1452 4223 nt
1474 4187 1616 4235 vera,
1647 4171 1742 4222 sed
1779 4184 1950 4235 neque
1975 4175 2040 4219 ut.
2057 4169 2208 4231 plane
2231 4160 2456 4215 incredi-

254 4255 426 4298 assent
478 4251 687 4316 laniata,
724 4253 1047 4317 Herodotus,
1099 4251 1310 4308 Cicero,
1392 4250 1524 4300 bilia
1540 4242 1833 4314 ascripsi.'¹*
1927 4244 1930 4247 ’

253 4320 458 4389 Strabo,
478 4329 577 4377 &m
600 4328 845 4392 produnt.

383 4408 559 4474 Delph.
578 4416 626 4459 ee
654 4410 769 4461 ναν.
788 4411 919 4465 σιω.
1264 4410 1328 4466 Q.
1358 4408 1501 4458 cm.
2278 4396 2326 4445 Ο
