2978 4933
538 381 670 448 372
1032 399 1097 459 Q,
1149 395 1413 446 cum-11
1465 397 1648 446 Ruri
1704 397 1844 445 ms.
1892 398 1963 445 v.
2010 398 2176 448 oAr.
2218 383 2283 449 3.

535 552 952 630 precaretur:
999 539 1251 628 peterej
1306 560 1401 621 se,
1446 546 1528 607 ut
1570 541 1709 609 illis
1755 562 2061 629 quoque3
2115 544 2178 609 si
2208 544 2452 625 minus,
2490 544 2626 610 sibi
2655 546 2764 629 ig·

535 655 876 715 nosceret:
921 668 1049 733 pro
1078 649 1467 714 necessario
1499 667 1581 715 ac
1611 648 1999 737 propinquo
2023 668 2175 727 suo,
2191 649 2341 734 jam
2369 668 2509 714 non
2530 648 2761 727 hoste,

534 754 653 818 sed
706 753 1036 839 supplice,
1085 760 1340 819 tantum
1396 753 1603 819 vitam
1663 753 1959 839 precari.’
2050 753 2160 819 15.
2208 752 2764 820 Moderationem

532 857 1100 942 clementiamque
1127 856 1326 940 regie,
1355 872 1512 941 quae
1557 861 1716 922 tunc
1759 857 1908 936 suit,
1949 855 2062 922 vel
2108 874 2247 921 una
2272 831 2446 921 haedi*
2448 875 2557 922 res
2587 877 2762 942 pos·

532 964 626 1027 sit
653 960 1049 1043 ostendere:
1088 979 1223 1024 non
1259 955 1522 1025 Madati
1547 959 1755 1025 modo
1785 959 2069 1043 ignovit,
2096 959 2220 1026 sed
2250 978 2509 1038 omnes,
2537 964 2606 1024 et
2632 960 2760 1025 de-

533 1064 714 1130 ditos
743 1073 815 1130 et
850 1064 1187 1151 captivos,
1229 1064 1543 1130 libertate
1588 1071 1791 1150 atque
1835 1063 2246 1130 immunitate
2277 1062 2597 1129 donavit:
2643 1083 2760 1127 ur-

528 1167 686 1233 bem
734 1169 1010 1254 reliquit
1037 1169 1403 1235 intactam:
1448 1187 1651 1251 agros
1695 1167 1843 1233 sine
1883 1169 2134 1235 tributo
2173 1168 2392 1233 colere
2421 1167 2757 1251 permisit.

528 1271 596 1336 A
627 1272 885 1337 victore
916 1272 1126 1338 Dario
1158 1273 1357 1357 plura
1384 1280 1601 1339 mater
1646 1283 1785 1337 non
1828 1272 2288 1356 impetrasset.
2376 1270 2481 1335 16.
2529 1268 2755 1336 Uxio-

530 1396 674 1440 rum
706 1375 951 1440 deinde
980 1383 1241 1458 gentem
1274 1377 1627 1441 subactam
1658 1374 2097 1440 Susianorum
2135 1374 2467 1459 Satrapiae
2499 1375 2752 1440 contri-

528 1478 707 1543 buit:
753 1478 1122 1563 divisisque
1154 1499 1309 1544 cum
1339 1475 1790 1544 Parmenione
1823 1478 2061 1562 copiis,
2105 1478 2297 1544 illum
2342 1478 2748 1562 ‘campestri

528 1583 762 1647 itinere
791 1582 1153 1667 procedere
1173 1582 1190 1608 '
1209 1583 1443 1668 jubet:
1488 1583 1636 1667 ipse
1678 1601 1835 1647 cum
1864 1581 2189 1665 expedito
2220 1580 2482 1663 agmine
2500 1580 2745 1664 jugum

525 1686 851 1750 montium
882 1688 1084 1772 cepit,
1116 1705 1397 1772 quorum
1428 1692 1824 1771 perpetuum
1855 1687 2122 1752 dorsum
2149 1686 2218 1750 in
2244 1684 2594 1750 Persidem
2621 1705 2744 1751 ex-

525 1790 802 1855 currit!
885 1791 989 1856 17.
1035 1789 1235 1855 Omni
1278 1791 1407 1856 hac
1464 1792 1737 1875 regione
1785 1796 2076 1869 vastata,
2117 1789 2313 1856 tertio
2356 1788 2469 1853 die
2512 1787 2743 1853 Persi-

524 1887 746 1970 dem,¹¹
774 1891 1010 1977 quinto
1052 1894 1419 1977 angustias,
1449 1913 1626 1980 quas
1662 1893 1763 1959 illi
1801 1890 2159 1959 ‘Susidas¹
2196 1890 2438 1977 Pylas?
2467 1899 2739 1969 vocant,

522 1994 742 2062 intrat.
832 1996 1329 2063 Ariobarzanes
1385 1998 1514 2064 has
1567 2017 1722 2064 cum
1763 2010 1969 2063 xxv.
2021 1995 2320 2064 millibus
2343 2002 2384 2030 ¹¹¹
2433 1994 2736 2079 peditum

584 2162 612 2195 ¹¹
647 2164 858 2220 Quorum
879 2165 1098 2216 continua
1118 2166 1266 2218 series
1287 2168 1337 2216 in
1360 2169 1611 2220 Persidem
1633 2183 1778 2233 usque
1802 2166 2098 2217 extenditur.

1444 2298 1477 2319 O
1719 2297 1804 2318 ΜΟ

524 2374 641 2425 Pal.
679 2376 799 2427 Αιᾱ.
841 2378 1007 2428 Coun.
1050 2378 1253 2444 Gryph.
1299 2380 1418 2430 Bas.
1459 2379 1617 2430 Frob.
1657 2380 1796 2431 Mer.
1835 2385 1889 2428 et
1931 2380 2046 2430 coi.
2072 2384 2124 2428 ιιι
2160 2377 2331 2441 ipsum,
2356 2374 2498 2440 quod
2535 2374 2735 2436 recepit

517 2440 838 2492 Schmieder.
886 2443 1031 2493 Mod·
1067 2450 1120 2494 ut
1157 2446 1209 2495 id
1246 2445 1416 2509 ipsum.
1482 2444 1623 2495 Mer.
1659 2448 1781 2510 quod
1804 2447 2101 2523 deprecatur.
2137 2443 2257 2493 Pal.
2301 2446 2344 2492 l.
2378 2442 2733 2502 ignosceretur,-

519 2507 656 2558 Mer.
678 2515 990 2572 cognosceret.
1059 2511 1251 2561 Heum.
1276 2510 1418 2561 delet
1439 2518 1692 2575 punctum
1717 2521 1833 2574 post
1854 2515 2140 2573 agnosceret,
2162 2517 2216 2559 et
2243 2522 2363 2558 mox
2388 2508 2522 2568 legit
2541 2521 2733 2573 precan-

518 2574 576 2622 ti.
647 2574 763 2626 Pal.
803 2580 850 2626 1.
875 2583 931 2626 et
954 2575 1098 2627 Pith.
1123 2577 1373 2626 omittunt
1394 2579 1477 2626 sed
1516 2578 1760 2641 supplice5
1809 2579 1961 2628 Voss.
2004 2581 2056 2626 2.
2090 2577 2298 2638 supplice
2336 2578 2513 2629 tamen,
2552 2572 2732 2621 omisso

515 2642 748 2689 sede-15
784 2641 902 2691 Pal.
938 2647 982 2692 l.
1015 2648 1065 2692 et
1097 2658 1173 2692 res
1205 2641 1386 2700 etiam,·
1435 2642 1584 2692 Leid.
1606 2648 1654 2691 et
1687 2643 1939 2707 responsis.
2003 2642 2235 2691 Floreat.
2260 2639 2410 2689 Leid.
2433 2639 2588 2687 Voss.
2614 2643 2658 2687 l.
2679 2644 2730 2685 et

516 2704 652 2757 Dan.
677 2706 868 2756 Medati
884 2724 903 2765 ‚·
936 2708 1104 2771 Boug.
1127 2708 1382 2767 Medates,-
1416 2708 1534 2758 Pal.
1561 2713 1605 2757 l.
1631 2714 1687 2758 et
1707 2711 1858 2759 Voss.
1895 2711 1945 2757 2.
1970 2706 2218 2757 Mandati.
2266 2705 2385 2754 Pal.
2423 2708 2469 2752 l.
2503 2703 2725 2752 Florent.

516 2769 667 2819 Leid.
704 2780 762 2822 et
795 2773 945 2823 Voss.
988 2778 1035 2824 l.
1073 2779 1120 2823 et
1158 2773 1395 2824 libertate.
1462 2773 1609 2824 Dan.
1642 2787 1782 2836 agro,
1817 2780 1875 2823 et
1909 2774 2046 2821 inter
2069 2771 2356 2836 marginem
2380 2776 2553 2818 tamen
2575 2782 2729 2830 agros.

515 2834 654 2886 Mer.
676 2837 779 2886 sine
801 2838 1114 2888 tabernaculo.
1152 2838 1268 2888 Pal.
1297 2843 1345 2889 1.
1377 2839 1528 2889 colere
1561 2841 1930 2902 permisit.-—16
1963 2838 2114 2887 Voss.
2153 2842 2198 2887 1.
2240 2835 2471 2885 Florent-
2504 2840 2561 2883 et
2584 2833 2727 2883 Leid.

514 2901 627 2948 dein
653 2915 747 2963 pro
768 2902 935 2952 deinde
951 2921 972 2962 ,·
1007 2905 1176 2968 Bong.
1199 2904 1327 2953 inde.
1361 2905 1514 2955 Voss.
1544 2909 1753 2965 Lgente
1772 2903 1982 2953 macta.
2017 2902 2139 2951 Ald.
2174 2901 2339 2952 Colin.
2369 2899 2572 2963 Gryph.
2608 2900 2726 2947 Bas.

516 2970 571 3013 et
591 2966 702 3015 Col.
720 2965 1042 3017 Susianorum.
1084 2969 1314 3019 Florent.
1336 2969 1482 3019 Leid.
1506 2970 1629 3020 Bas.
1652 2970 1762 3019 Col.
1782 2968 1904 3021 Ald.
1919 2974 1976 3018 et
1990 2968 2129 3018 Mer.
2153 2967 2376 3029 Satrapes
2391 2982 2411 3023 ‚·
2448 2966 2600 3015 Voss.
2621 2969 2665 3013 l.
2680 2968 2724 3012 2.

512 3027 864 3095 &trapa—1⁶¹1
897 3032 1234 3083 ‘Alexander
1269 3042 1426 3084 antea
1465 3034 1741 3085 Persidem
1779 3036 1978 3085 intrare
2016 3033 2160 3083 nullo
2182 3032 2337 3082 modo
2368 3031 2557 3094 potuit,
2578 3044 2722 3096 quiam

513 3094 726 3145 Susidas
769 3095 930 3161 Pylas
968 3104 1284 3162 superasset.
1353 3100 1582 3163 Propter
1618 3101 1753 3150 hanc
1796 3098 2152 3150 difficultatem
2190 3096 2580 3148 Freinshemius
2620 3095 2723 3144 haec

512 3159 679 3210 verba
701 3160 920 3211 delenda
950 3165 1177 3227 putavit,
1201 3178 1335 3229 quae,
1371 3178 1453 3214 me
1466 3165 1671 3229 judice,
1697 3173 1894 3215 temere
1915 3165 2017 3214 huc
2040 3165 2272 3229 irrepere
2296 3175 2401 3212 non
2428 3166 2720 3225 potuerunt.

511 3224 761 3275 Attamen
782 3226 1041 3278 medicina
1064 3243 1193 3294 opus
1216 3235 1300 3279 est
1320 3229 1442 3279 huic
1465 3231 1601 3293 loco,
1627 3245 1844 3295 eamque
1868 3246 1897 3280 e
1921 3229 2158 3280 Diodoro
2176 3226 2363 3278 afferre
2381 3242 2536 3291 posse
2555 3226 2721 3280 credo,

513 3291 602 3351 qui
620 3304 766 3344 xvii.
788 3295 903 3342 598.
926 3294 1004 3343 ita
1026 3293 1278 3344 tradidit:
1313 3296 1531 3359 Προῆγεν
1557 3295 1638 3346 ἐπὶ
1658 3296 1749 3354 τὴν
1770 3293 1995 3359 Περσίδα,
2018 3294 2096 3345 καὶ
2118 3295 2382 3356 πεμπταῖος
2403 3288 2524 3350 ἧκεν
2546 3291 2620 3341 ἐπὶ
2640 3288 2717 3339 τὰς

514 3355 773 3408 Σουσιάδας
793 3358 1088 3421 καλουμένας
1108 3359 1297 3422 πέτρας.
1367 3361 1509 3411 Hinc
1532 3362 1756 3426 conjicio
1792 3362 2030 3412 Curtium
2070 3360 2374 3424 scripsisse:
2417 3360 2566 3408 Omni
2598 3358 2646 3407 Ιι.
2680 3371 2716 3403 r.

510 3427 721 3485 vastata,
744 3423 842 3473 iter
864 3427 1058 3475 tendens
1079 3425 1131 3474 in
1154 3426 1422 3487 Persidem,
1444 3426 1751 3490 qtn'nto,&c.'
1785 3429 1945 3477 Cunz.
2011 3427 2128 3476 Pal.
2155 3431 2203 3477 1.
2236 3440 2353 3489 qaas
2389 3425 2466 3474 ini
2499 3422 2718 3473 subsidias

513 3486 680 3552 Pylas.
732 3489 881 3539 Leid.
902 3490 1270 3541 Ariobarzanes.
1337 3492 1436 3542 Ed.
1474 3506 1557 3556 pr.
1580 3493 1795 3542 Venett.
1819 3493 1969 3543 Rom.
1993 3493 2190 3542 Veron.
2226 3498 2280 3541 et
2313 3490 2431 3540 aliae
2456 3489 2579 3539 edd.
2603 3496 2714 3537 ante

1502 3616 1715 3673 No'rAE

567 3713 586 3757 ³
619 3715 815 3781 Petere]
862 3720 1067 3783 Rogare
1099 3734 1156 3770 se
1187 3726 1246 3770 ut
1267 3720 1367 3770 iuis
1389 3734 1568 3785 parce·
1653 3734 1806 3785 quem
1830 3720 2101 3782 exscribit,
2124 3725 2181 3770 et
2204 3732 2322 3768 cum
2342 3717 2569 3767 veritate
2593 3717 2709 3766 Cur·

507 3798 619 3854 ret;
668 3795 745 3844 sin
786 3796 884 3847 hoc
927 3797 1197 3862 abnueret,
1237 3801 1422 3850 saltem
1468 3799 1569 3863 ipsi
1650 3799 1725 3848 tio
1748 3800 2043 3847 conveniat.
2108 3796 2212 3849 Qui
2248 3797 2382 3844 enim
2417 3794 2619 3845 demum
2642 3794 2705 3840 in-

506 3867 804 3935 ignosceret
825 3873 1134 3937 Sisygambi.
1649 3875 1797 3941 gredi
1820 3876 1874 3925 in
1898 3875 2170 3925 Persidem
2196 3873 2368 3939 potuit
2394 3874 2538 3937 prius
2568 3884 2703 3938 quam

573 3943 597 3977 Β
644 3945 804 3997 Tertio
823 3949 902 3999 die
925 3950 1195 4015 Persidem]
1251 3951 1434 4001 Malim
1477 3952 1564 4002 bic
1647 3953 1804 4018 Pylas
1827 3953 2088 4017 attigisset
2122 3966 2218 4016 per
2239 3966 2368 4017 quas
2407 3951 2579 4001 aditus
2600 3955 2701 3999 erat

504 4036 734 4072 errorem
759 4040 870 4076 esse
891 4027 1238 4079 Librariorum
1260 4044 1414 4094 quam
1434 4029 1564 4079 Cur·
1644 4029 1825 4079 unicus
1849 4030 1900 4079 in
1927 4029 2232 4080 Persidem?

506 4100 585 4158 tii,
609 4101 651 4149 si
676 4116 775 4165 qua
793 4111 1095 4154 occurreret
1125 4106 1427 4156 Lectionum
1461 4106 1566 4156 Va-
1710 4104 1725 4138 ¹
1758 4104 1984 4169 Susidas]
2005 4104 2160 4157 Quod
2183 4105 2316 4155 Susa
2338 4118 2520 4154 versus
2543 4101 2693 4157 eunti·

503 4177 682 4225 rietas.
713 4178 801 4228 Sic
820 4180 955 4229 enim
977 4190 1267 4244 opportune
1282 4183 1426 4246 legas
1443 4197 1565 4233 cum
1644 4182 1739 4233 bus
1762 4180 2084 4247 trajicienda:
2109 4187 2277 4231 erant.
2346 4180 2453 4230 Alii
2480 4180 2692 4229 Persicas

507 4251 887 4304 Freinshemio:
926 4256 1070 4305 Omni
1095 4257 1181 4321 hac
1211 4272 1313 4319 reg.
1337 4264 1460 4309 vast.
1484 4260 1565 4311 die
1644 4260 1996 4326 appellarunt.

503 4329 664 4390 quinto
690 4331 953 4395 angustias,
977 4335 1054 4394 ἅμ’.
1089 4341 1146 4383 ut
1170 4348 1285 4383 cum
1309 4334 1563 4399 Diodoro,
1702 4345 1738 4370 ¹¹¹
1760 4337 1881 4386 Cum
1905 4333 2084 4387 XXV.
2107 4333 2335 4406 millibus]
2358 4334 2589 4386 Totidem
2612 4344 2687 4395 pe·
