2978 4933
439 412 572 478 566
863 429 929 489 o.
977 429 1242 477 suurn
1293 428 1476 478 num
1526 429 1674 478 ms.
1722 429 1855 481 vn.
1901 430 2066 480 cn.
2107 416 2172 480 9.

442 571 878 656 sagittarum!
962 571 1028 637 3.
1076 573 1242 638 Post
1286 573 1434 652 hos,
1473 574 1591 657 qui
1636 579 1962 641 tormenta
2003 573 2461 654 intenderent:
2512 581 2658 642 sta·

440 679 640 757 bant;
684 684 751 742 et
782 678 871 743 ab
898 684 1183 761 utroque
1211 678 1440 755 latere,
1487 682 1552 741 et
1583 696 1628 741 a
1655 674 1875 742 fronte
1916 679 2312 745 circumdati
2341 680 2657 745 armatis.

440 780 742 865 Reliqui,
783 780 899 865 qui
942 789 1102 864 post
1145 785 1514 846 tormenta*
1555 780 2023 858 constiterant,
2063 781 2378 864 remigem
2430 781 2654 846 lorica

440 883 741 948 indutum
764 890 1101 949 scutorum
1121 880 1492 949 testudine*
1523 882 1766 947 armati
1789 883 2250 966 protegebant.
2335 884 2400 947 4.
2442 883 2650 948 'Idem

441 986 608 1052 ordo
629 987 698 1050 in
728 987 868 1052 illis
899 1007 1172 1071 quoque
1202 989 1483 1064 ratibus,
1517 1007 1669 1070 quae
1700 988 1993 1070 equitem
2023 987 2383 1065 vehebant,
2413 1003 2651 1051 serva*

440 1097 549 1156 tus
579 1097 713 1156 est:
759 1092 976 1177 major
1010 1112 1168 1175 pars
1219 1112 1260 1155 a
1304 1110 1539 1175 puppe
1576 1098 1817 1164 nantes
1871 1110 2085 1175 equos
2113 1090 2271 1155 loris
2298 1091 2647 1156 trahebat:

440 1201 510 1258 at
538 1194 710 1273 illos,
729 1216 899 1280 quos
924 1202 1102 1260 utres
1126 1203 1492 1261 stramento
1518 1195 1755 1279 repleti
1783 1194 2131 1271 vehebant,
2158 1193 2440 1277 objectae
2460 1201 2647 1259 rates

438 1300 821 1365 tuebantur.
908 1304 971 1365 5.
1020 1301 1184 1384 Ipse
1207 1321 1326 1366 rex
1360 1320 1518 1366 cum
1549 1300 1828 1365 delectis
1856 1301 2108 1382 primus
2133 1304 2345 1362 ratem
2372 1297 2650 1376 solvit,⁸

438 1406 503 1465 et
536 1404 654 1467 ‘in
682 1405 897 1487 ripam
923 1403 1152 1487 dirigi'
1189 1404 1417 1487 jussit.
1512 1403 1638 1469 Cui
1684 1402 1963 1485 Scythae
2011 1400 2328 1466 admotos
2372 1400 2648 1465 ordines

437 1506 725 1588 equitum
758 1508 825 1571 in
852 1509 1069 1591 primo
1112 1510 1277 1591 ripae
1323 1509 1617 1590 margine
1662 1513 2053 1590 opponuut3
2098 1512 2172 1570 ut
2200 1524 2281 1570 ne
2311 1504 2647 1587 applicari
2708 1549 2713 1554 »

439 1609 709 1690 quidem
738 1616 931 1676 terrae
963 1620 1139 1677 rates
1168 1621 1470 1697 possent.
1559 1613 1622 1677 6.
1670 1610 1983 1676 Ceterum
2013 1615 2260 1693 praeter
2288 1607 2458 1674 hanc
2487 1629 2647 1692 spe-—

437 1712 608 1777 ciem
641 1715 807 1797 ripis
837 1714 1259 1798 praesidentis
1303 1716 1672 1792 exercitus,
1721 1716 1958 1797 ingens
2008 1712 2402 1794 navigantes
2434 1717 2650 1777 terror

436 1815 816 1884 invaserat:
862 1840 1148 1903 namque
1179 1839 1443 1885 cursum
1467 1821 1962 1902 gubernator-ee,
1987 1837 2137 1881 cum
2167 1814 2447 1898 obliquo
2464 1822 2489 1851 ⁶
2515 1815 2648 1880 flu·-

435 1920 610 1982 mine
669 1922 1193 2006 impellerentur,
1246 1943 1466 2005 regere
1517 1942 1655 1986 non
1710 1925 2060 2006 poterant3
2121 1919 2646 2004 vacillantesque

436 2021 708 2100 militeS,
742 2032 810 2087 et
840 2044 922 2088 ne
942 2031 1414 2091 excuterentur
1438 2026 1715 2102 soliciti,
1736 2033 2090 2089 nautarum
2110 2023 2481 2088 ministeria
2508 2030 2647 2088 tur-

435 2125 782 2190 baverant.
870 2129 934 2191 7.
984 2127 1094 2192 Ne
1142 2127 1280 2193 tela
1332 2128 1602 2215 quidem
1651 2128 1873 2192 conati
1920 2127 2089 2190 nixu
2148 2125 2408 2189 vibrare
2455 2132 2646 2209 pote-

498 2331 523 2355 ·
558 2324 656 2378 Qui
679 2326 908 2376 machinis
927 2329 1021 2376 tela
1041 2332 1417 2392 mntorqnerent.

499 2386 521 2419 ὗ
554 2389 750 2439 Primus
769 2393 1133 2455 navigiisanem
1155 2395 1367 2444 reccidit.

1349 2523 1711 2546 eeeeeeeeee

432 2620 466 2668 1.
473 2619 519 2680 J'·
542 2620 766 2680 injutum,-
789 2621 927 2672 Pitb.
944 2624 1033 2685 ω’.
1058 2624 1271 2686 ingenia.
1309 2624 1459 2674 Voss.
1480 2627 1529 2674 2.
1552 2623 1878 2675 obsidere—3
1895 2624 2012 2673 Pal.
2033 2625 2081 2672 l.
2105 2626 2157 2670 et
2182 2620 2347 2681 Bong.
2372 2623 2415 2669 1.
2440 2617 2646 2669 cirm-

433 2686 537 2733 dati
565 2688 757 2737 armati.
829 2689 1059 2739 Florem.
1107 2690 1254 2739 Leid.
1287 2697 1342 2738 et
1379 2688 1501 2738 Ald.
1545 2690 1735 2752 Reliqui
1767 2695 1876 2752 post
1900 2687 2077 2751 eosqui
2111 2690 2383 2743 tornacum,-
2418 2684 2568 2732 Voss.
2594 2690 2642 2734 1.

435 2751 499 2799 R.
518 2758 624 2813 put
648 2757 882 2803 tormenta
897 2770 918 2813 ,·
950 2754 1100 2804 Voss.
1123 2757 1173 2805 2.
1212 2755 1272 2804 R.
1296 2760 1399 2818 post
1421 2769 1499 2803 eos
1532 2758 1614 2818 qui
1640 2761 1747 2818 port
1771 2759 2034 2810 tor-mentm·
2067 2753 2237 2814 Beng.
2260 2753 2309 2799 1.
2345 2749 2411 2798 R.
2431 2755 2537 2812 put
2556 2750 2644 2812 qni

432 2820 695 2876 conuentu
730 2820 866 2867 Mer.
921 2818 988 2869 R.
1024 2824 1130 2882 post
1155 2834 1230 2869 eos
1267 2820 1349 2885 qui
1389 2821 1451 2868 ad
1487 2825 1739 2870 tormenta.
1808 2818 1929 2872 Ald.
1964 2819 2268 2869 intenderent
2305 2814 2641 2864 consisterent.

432 2880 601 2944 Bong.
627 2888 672 2933 1.
697 2898 857 2946 regem
882 2899 976 2949 pro
999 2886 1242 2946 remigem.
1312 2885 1545 2933 Florem.
1572 2885 1717 2935 Leid.
1741 2886 1893 2935 Voss.
1919 2888 1967 2932 1.
1986 2888 2034 2934 2.
2071 2884 2239 2945 Bong.
2262 2885 2311 2930 2.
2350 2888 2407 2930 et
2444 2880 2643 2931 Faucb.

430 2946 623 2997 loricam
644 2950 880 2999 indutum.
948 2951 1104 2999 Voss.
1125 2955 1172 3001 2.
1193 2956 1425 3000 sertorum
1446 2952 1701 3001 testudine.
1746 2952 1899 3000 ·Mox
1928 2948 2103 2999 armati
2134 2945 2400 2997 Scheffero
2429 2959 2642 3009 suspec-

432 3018 660 3062 tum—4
696 3015 832 3064 Mer.
865 3018 948 3080 qui
968 3018 1186 3080 equitem.
1252 3017 1402 3066 Voss.
1425 3020 1475 3066 2.
1509 3031 1682 3078 magna
1714 3018 1837 3079 apud
1869 3020 2061 3079 penates
2090 3028 2204 3076 pars
2240 3025 2375 3074 equos
2409 3012 2444 3060 l.
2476 3010 2641 3059 mlie-

430 3075 559 3124 bant.
615 3078 844 3128 Florent.
868 3081 1012 3130 Leid.
1035 3092 1090 3130 et
1111 3082 1261 3130 Voss.
1288 3086 1331 3133 1.
1369 3077 1451 3130 Aa
1473 3083 1593 3131 illos.
1660 3082 1804 3132 Mod.
1830 3080 1997 3131 Amst.
2022 3087 2078 3128 et
2106 3078 2270 3143 bugd.
2299 3080 2540 3124 sarmento
2560 3090 2643 3125 re-

426 3142 561 3205 pleti.
629 3143 862 3193 Florent.
903 3145 1049 3194 Leid.
1086 3154 1141 3195 et
1179 3148 1331 3197 Voss.
1367 3152 1413 3198 l.
1450 3152 1501 3201 2.
1534 3147 1711 3208 obiecta
1733 3152 1869 3206 πεπυ
1903 3147 2039 3195 Dan.
2068 3145 2237 3208 Bong.
2275 3145 2324 3191 2.
2362 3148 2419 3190 et
2442 3140 2642 3191 Fauch.

430 3205 611 3267 ορὶέεία
646 3215 895 3259 erant.—5
933 3211 1083 3260 Voss.
1109 3216 1156 3262 2.
1182 3213 1374 3262 delectis
1406 3214 1508 3262 suis
1542 3230 1591 3278 p.
1628 3228 1671 3262 r.
1700 3228 1746 3262 s.
1784 3218 1832 3262 et
1867 3212 1973 3275 ripa
1995 3210 2161 3272 jussit.
2227 3208 2378 3257 Voss.
2409 3210 2459 3255 1.
2490 3205 2640 3273 jussi.

429 3272 580 3324 Voss.
603 3279 651 3325 2.
686 3277 902 3337 margine
922 3277 1132 3339 opponit,
1173 3288 1225 3327 et
1251 3293 1367 3326 mox
1391 3280 1590 3328 omittit
1611 3283 1873 3328 terrm—6
1910 3276 2054 3326 Idem
2077 3274 2245 3323 codex
2275 3271 2471 3321 omittit
2500 3271 2642 3321 Cete-

429 3354 552 3401 rum,
593 3341 850 3406 habetque
876 3358 889 3391 ε
934 3343 1143 3405 Propter
1163 3344 1211 3393 Ιι.
1232 3359 1271 3392 s.
1294 3360 1338 3394 r.
1356 3359 1405 3407 p.
1428 3360 1467 3394 e.
1505 3345 1541 3393 i.
1575 3344 1852 3405 navigantis
1888 3348 1926 3392 t.
1969 3342 2007 3391 i.
2041 3354 2241 3401 namque
2270 3337 2636 3407 gubernatores,

429 3406 619 3455 omisso
662 3423 869 3457 cursum.
935 3406 1082 3457 Voss.
1128 3413 1177 3457 2.
1213 3424 1350 3469 egere
1394 3425 1442 3457 n.
1475 3415 1714 3472 poterant.
1782 3410 1930 3456 Voss.
1967 3411 2016 3455 2.
2055 3406 2333 3454 vacillantes
2369 3401 2639 3451 milites.—

428 3474 459 3519 7
498 3472 600 3520 Nec
619 3475 715 3522 tela
739 3473 887 3523 Mod.
912 3481 967 3523 et
999 3473 1119 3523 edd.
1157 3483 1277 3522 ante
1317 3476 1551 3525 Freinsh.
1644 3476 1723 3523 Ne
1761 3476 1856 3524 tela
1893 3474 2126 3522 Florent.
2163 3469 2304 3524 Leid.
2342 3468 2493 3516 Voss·
2520 3472 2564 3517 1.
2588 3471 2637 3515 2.

428 3536 569 3587 Dan.
596 3545 653 3588 et
672 3538 786 3588 Pal.
813 3543 859 3588 1.
916 3538 1025 3588 uisu
1046 3554 1222 3588 ornnes
1248 3538 1359 3589 fere
1384 3540 1539 3590 codd.
1587 3540 1709 3590 nixu
1728 3538 1847 3589 Ald.
1872 3537 2039 3588 Colin.
2061 3536 2262 3600 Gryph.
2296 3534 2419 3584 Bas.
2443 3539 2501 3583 et
2523 3533 2637 3582 Col.

1426 3655 1477 3704 N
1485 3655 1640 3705 0⁹1¹AE

490 3775 512 3800 ⁸
551 3769 822 3834 Tormenta]
871 3768 917 3819 Α
961 3771 977 3798 ‘
999 3771 1318 3834 torquendo'
1351 3771 1493 3821 dicta
1574 3771 1731 3836 quod,
1763 3770 1890 3819 licet
1926 3765 2220 3828 dissimiles,
2250 3772 2432 3830 parem
2460 3769 2634 3815 tamen

427 3852 547 3893 sunt
567 3848 582 3875 ‘
604 3848 887 3898 tormenta'
908 3849 1154 3898 machinae
1178 3850 1279 3899 illae
1304 3849 1489 3914 quibus
1572 3864 1719 3899 usum
1741 3847 1983 3915 habeant.

423 3921 647 3988 lapides,
668 3928 791 3986 tela,
808 3931 906 3976 ὅτε.
933 3928 985 3976 in
1013 3928 1189 3979 hostes
1220 3929 1487 3978 mitteren·
1632 3926 1657 3961 Β
1695 3922 1967 3986 Testudine]
1999 3919 2233 3971 Testudo
2257 3916 2382 3984 quid
2414 3917 2502 3975 sit,
2526 3915 2634 3968 dic·

425 4008 530 4061 tur,
586 4008 678 4050 aut
732 4004 861 4053 muri
901 4014 1287 4070 quassarentur.
1366 4006 1491 4054 Tor·
1571 4004 1795 4055 tumlib.
1820 4015 1871 4050 V.
1897 4015 2013 4063 cap.
2036 4002 2084 4049 3.

425 4079 632 4142 quendo
665 4079 800 4128 enim
839 4081 1100 4149 plera’que
1134 4083 1331 4133 intendi
1367 4098 1489 4132 con-
1633 4090 1655 4117 ⁶
1693 4078 1925 4144 obliquo]
1975 4076 2106 4124 Cum
2149 4072 2374 4137 impetus
2412 4069 2633 4122 fluminis

426 4163 719 4206 sueverant.
787 4157 867 4207 De
910 4161 1088 4221 quibus
1127 4162 1332 4227 copiose
1364 4162 1487 4227 Lip·
1569 4176 1672 4211 non
1718 4166 1866 4208 recta
1907 4155 2022 4205 illos
2060 4151 2304 4216 trajicere
2340 4154 2632 4214 pateretur,

427 4232 534 4281 sins
559 4234 611 4283 in
641 4236 928 4285 Poliorcet.
993 4237 1217 4290 Transiit
1238 4240 1373 4290 idem
1397 4256 1487 4291 no·
1570 4238 1663 4288 sed
1686 4238 1740 4287 in
1764 4234 2026 4300 obliquum
2046 4228 2358 4296 impelleret.

426 4324 546 4360 men
582 4311 646 4361 sd
685 4312 906 4376 majores
931 4328 1128 4380 qnoque
1152 4317 1489 4381 bombardas3
