2978 4933
713 450 718 456 ,
776 392 1032 446 surm..
1083 396 1164 446 m
1214 399 1280 460 Q.
1330 398 1681 454 cnR‘rmM
1732 406 1877 455 mn.
1926 409 2004 457 ιι.
2339 392 2467 467 123

259 530 423 594 nioni
440 536 1141 614 commiserat)’Memnon
1166 561 1301 602 cum
1321 542 1457 605 filiis
1485 555 1549 606 et
1569 547 1802 609 Arsane
1828 550 2012 613 Persa
2029 557 2423 620 consisterent
2446 581 2463 622 :

258 629 318 689 in
368 631 579 692 eadem
618 626 784 713 parte
826 637 1055 699 Arsites
1085 642 1331 702 curabat
1357 663 1492 703 cum
1521 643 1975 726 Paphlagonum
2001 654 2263 731 equitum
2297 659 2465 719 auxia

256 726 395 788 liis:
423 730 500 788 in
545 732 823 792 subsidiis
866 735 1254 815 Spithridates
1298 750 1426 800 erat
1469 761 1651 821 gener
1688 746 1884 826 regis:
1929 749 2128 830 Libyae
2160 734 2464 835 Ioniaeque

258 834 503 906 satrapa
548 829 839 892 Rboesace
867 833 1066 909 fratre',
1096 846 1157 897 et
1184 837 1477 918 Hyrcanis
1506 841 1804 920 equitibus
1832 847 2166 908 comitatus.
2255 852 2348 910 12.
2394 854 2463 913 In

261 920 477 984 dextra
506 926 630 987 acie
663 929 1103 993 Rheomithrem
1135 934 1254 995 duo
1300 935 1615 998 Medorum
1660 940 1863 1017 millia,
1903 944 2467 1026 totidemque‘Bac-

253 1020 435 1080 triani
463 1026 887 1102 sequebantur:
918 1031 1172 1090 medium
1204 1051 1417 1113 agmen
1447 1035 1786 1099 Pharnaces
1806 1042 2030 1121 reginae
2049 1044 2249 1117 frater,
2273 1046 2467 1106 Arbu-

252 1121 542 1199 palesque
581 1123 922 1186 Artaxerxis
952 1148 1024 1188 ex
1052 1130 1236 1191 Dario
1266 1151 1472 1212 nepos,
1501 1145 1561 1195 et
1603 1134 2108 1199 Mithrobarzanes
2148 1141 2466 1223 Cappado-

251 1218 366 1278 cise
422 1235 641 1300 praetor
687 1229 1009 1306 regebant:
1052 1230 1123 1290 iis
1174 1232 1462 1312 Niphates
1513 1235 1911 1318 Petanesque,
1957 1260 2091 1299 cum
2137 1242 2363 1301 Arsace
2404 1252 2466 1303 et

251 1316 466 1398 Atizye
493 1321 779 1383 variarum
811 1327 1328 1405 gentium-turmas
1356 1333 1783 1413 applicuerant.
1870 1339 1968 1398 13.
2013 1337 2062 1396 Ii
2091 1347 2216 1398 tum
2264 1339 2464 1399 multi-

252 1412 464 1499 tudine
487 1430 546 1477 et
576 1419 709 1481 loco
737 1424 995 1502 potiores
1017 1427 1271 1505 graviter
1299 1432 1647 1509 premebant
1685 1435 1939 1506 hostem,
1964 1436 2232 1515 acrisque
2262 1433 2467 1516 pugna

250 1516 711 1587 conserebatur:
757 1521 1013 1581 maximo
1050 1524 1309 1585 omnium
1341 1527 1498 1606 regis
1519 1530 1808 1608 periculo,
1839 1552 2011 1612 quem
2043 1535 2219 1594 armis
2254 1554 2468 1594 manu-

257 1628 379 1687 que
408 1620 471 1670 et
496 1612 754 1693 imperiis
783 1620 1171 1698 conspicuum
1195 1622 1393 1701 plures
1420 1627 1724 1706 petebant.
1803 1632 1895 1689 14.
1926 1629 2046 1690 Sed
2078 1632 2309 1710 tragula
2332 1632 2465 1711 qui-

250 1708 418 1780 dem,
439 1711 663 1788 quaein
692 1717 1025 1792 promiscuo
1045 1737 1266 1799 pugnae
1289 1720 1500 1783 ardore
1524 1723 1853 1786 desinentis
1882 1726 2080 1788 loricae
2106 1729 2273 1807 plicis
2310 1728 2462 1790 inci-

247 1807 445 1879 derat,
489 1810 703 1871 vulnus
744 1812 907 1872 haud
951 1814 1185 1878 intulit:
1230 1828 1491 1880 ceterum
1537 1841 1574 1881 a
1617 1822 1912 1884 Rhoesace
1942 1835 2002 1885 et
2031 1825 2457 1905 Spithridaten

247 1904 592 1966 fortissimis
624 1908 839 1970 ducum
871 1913 1064 1972 simul.
1092 1914 1412 1996 impetitus,
1444 1931 1770 1980 extremum
1792 1920 2109 1984 discrimen
2131 1922 2298 1983 adiit.
2358 1926 2462 1984 ¹15.

249 2001 414 2061 Dum
457 2004 614 2064 enim
641 2007 851 2069 lancea
877 2010 937 2069 in
983 2010 1222 2074 thorace
1269 2016 1651 2094 Spithridatis
1689 2019 2037 2094 confracta,
2065 2031 2464 2098 conatumque

251 2098 642 2175 destituente,
672 2103 933 2182 gladium
966 2107 1241 2188 stringit:
1286 2111 1463 2173 frater
1492 2113 1651 2174 illius
1683 2134 1720 2174 a
1746 2115 1929 2175 latere
1959 2115 2311 2196 adequitans
2340 2117 2465 2176 aci-

239 2213 461 2254 nacem
490 2197 728 2260 incauto
756 2202 1049 2284 impingit,
1075 2215 1243 2267 tanto
1273 2209 1427 2282 nisu,
1456 2220 1525 2270 ut
1550 2213 1788 2272 cristam
1812 2213 2002 2293 galeae
2045 2223 2108 2273 et
2151 2213 2461 2293 pinnarum

245 2291 498 2352 alteram
528 2295 858 2377 decuteret,
895 2302 1170 2383 aciesque
1192 2306 1374 2384 gladii
1404 2327 1665 2370 summos
1695 2312 1852 2390 regis
1883 2311 2133 2391 capillos
2175 2310 2461 2390 perstrin-

244 2401 431 2469 geret.
509 2395 604 2454 16.
633 2396 888 2478 Jamque
916 2403 1165 2481 repetito
1195 2402 1337 2479 ictu,
1366 2426 1485 2486 qua
1509 2406 1783 2470 discussa
1812 2408 2001 2470 cassis
2031 2407 2254 2468 nudum
2279 2419 2463 2488 caput

244 2488 629 2566 ostendebat,
656 2492 1020 2556 descendere
1049 2501 1333 2578 parabat:
1381 2524 1514 2564 cum
1559 2506 1723 2567 illum
1763 2507 2002 2567 Clitus¹¹
2043 2516 2317 2586 occupat,
2361 2507 2464 2586 qui
2555 2577 2559 2582 ι

239 2575 666 2650 animadverso
695 2593 849 2672 regis
895 2593 1157 2674 periculo
1207 2602 1425 2659 amenti
1470 2602 1677 2660 similis
1722 2603 2458 2682 advolaverat,.intercep-

248 2696 502 2764 tumque
528 2688 759 2748 barbari
786 2690 1090 2752 brachium
1120 2713 1255 2753 cum
1285 2695 1417 2775 ipso
1448 2697 1651 2776 gladio
1697 2697 1930 2777 dejicit:
1977 2698 2154 2758 simul
2196 2699 2457 2759 Alexan-

246 2781 333 2841 dri
362 2803 516 2843 ense
547 2786 939 2864 Spithridates
968 2791 1265 2851 occubuit.
1354 2794 1449 2854 17.
1496 2793 1699 2853 Nihilo
1726 2803 1924 2855 tamen
1952 2795 2215 2875 'segnius
2244 2815 2459 2875 repug-

166 2905 173 2913 ·
248 2882 481 2940 nabant
529 2881 764 2943 Persae:
808 2884 999 2946 donec
1039 2885 1278 2949 interitu
1307 2890 1548 2964 ducum,
1578 2912 1828 2970 quorum
1857 2892 2123 2973 plerique
2144 2893 2271 2973 jam
2302 2893 2461 2953 ceci·

249 2977 493 3053 derant,
521 2984 904 3055 consternati,
932 2994 993 3045 et
1016 2985 1156 3063 quia
1177 2986 1302 3066 jam
1332 2988 1507 3048 etiam
1544 2990 1809 3069 phalanx
1831 2989 2234 3050 Macedonum
2263 3000 2460 3050 trans-

244 3074 395 3137 ierat
444 3095 702 3152 amnem,
731 3099 915 3158 equos
961 3081 1022 3139 in
1063 3082 1264 3162 fugam
1312 3094 1669 3147 averterunt.
1700 3082 1705 3086 ’
1758 3090 1851 3146 18.
1897 3088 2109 3167 Neque
2165 3088 2458 3167 pedestris

256 3173 418 3233 acies
478 3173 582 3233 diu
635 3178 888 3238 restitit:
933 3181 1258 3260 equitatum
1308 3203 1479 3243 suum
1529 3184 1607 3245 ad
1635 3183 2021 3246 obterendum
2051 3184 2284 3262 hostem
2313 3186 2458 3246 satis

243 3289 555 3350 superque
594 3274 851 3335 validum
903 3278 1187 3349 arbitrati,
1233 3280 1430 3358 potius
1476 3279 1553 3340 de
1579 3281 1785 3361 praeda
1807 3300 1988 3361 quam
2019 3280 2092 3341 de
2123 3281 2458 3344 discrimine
2552 3327 2559 3330 -

248 3368 630 3447 cogitabant:
672 3371 756 3430 ita
785 3373 980 3433 subito
1004 3385 1218 3434 eventu
1249 3373 1750 3456 deprehensorum
1796 3378 1995 3438 caedes
2039 3380 2231 3458 magis
2277 3398 2458 3457 quam

250 3464 520 3542 praelium
552 3464 683 3527 fuit.
718 3512 722 3516 -
772 3470 868 3530 19.
895 3468 1266 3531 .Mercenarii
1316 3481 1564 3545 tamen,⁰
1614 3472 1826 3554 quibus
1884 3473 2131 3533 Omares
2162 3486 2458 3555 praeerat,

253 3569 546 3640 occupato
577 3562 832 3641 quodam
857 3567 1084 3625 tumulo
1110 3577 1347 3627 strenue
1366 3589 1430 3628 se
1457 3571 1813 3630 tuebantur:
1856 3571 1997 3649 quia
2019 3570 2456 3632 conditionibus

251 3656 308 3715 in
337 3658 519 3720 fidem
547 3671 826 3720 venturos
857 3662 953 3722 ille
982 3684 1101 3723 non
1124 3676 1444 3747 receperat.
1503 3670 1602 3727 20.
1645 3668 1801 3746 Ergo
1833 3667 2233 3727 Macedonum
2257 3668 2456 3748 plures

249 3753 308 3812 in
353 3774 426 3815 eo
476 3757 754 3817 conflictu
799 3758 1116 3821 desiderati
1156 3772 1316 3835 sunt,
1343 3784 1520 3843 quam
1550 3765 1808 3843 equestri
1834 3762 2039 3842 praelio
2067 3762 2409 3825 ceciderant
2439 3788 2455 3827 :

252 3850 378 3929 ipse
426 3872 664 3932 quoque
693 3875 818 3926 rex,
845 3855 1169 3918 dum'inter
1196 3861 1415 3938 primos
1444 3860 1726 3940 impetum
1757 3860 1817 3918 in
1848 3877 1950 3918 eos
1980 3859 2140 3931 facit,
2169 3867 2290 3918 tam
2319 3881 2461 3946 pro-¹

248 3948 515 4028 ,pinquus
546 3949 863 4011 discrimini
903 3955 1032 4029 fuit,
1060 3965 1129 4016 ut
1151 3977 1392 4036 equum,
1428 3957 1545 4024 cui,
1573 3967 1700 4016 tum
1740 3956 2060 4030 insidebat,
2103 3958 2225 4017 ictu
2251 3959 2455 4038 ¹gladii
2544 3959 2547 3962 ’

314 4144 353 4170 ¹²¹
388 4137 530 4189 Plut.
573 4138 731 4191 Alex.
773 4156 830 4205 p.
866 4146 981 4193 673.
1027 4142 1233 4194 Arrian.
1268 4157 1312 4195 1.
1456 4149 1480 4175 ⁰
1513 4141 1835 4194 Fiat-Alex.
1871 4142 1910 4193 1.
1948 4143 1986 4195 1.
2018 4142 2180 4195 Diod.
2214 4144 2247 4195 1.
2287 4144 2324 4194 1.
2354 4143 2456 4194 Ar-

262 4215 339 4261 16.
362 4213 523 4290 Diod.
546 4228 686 4265 xvir.
714 4232 765 4280 p.
787 4222 900 4269 5⁷2.
1393 4218 1523 4270 rian-
1544 4234 1584 4273 1.
1609 4224 1690 4271 17.

320 4295 345 4323 ¹¹
369 4290 515 4344 Curt·
539 4307 659 4346 vm.
682 4297 727 4346 1.
750 4298 834 4346 41.
