2978 4933
859 399 977 446 οι..
1026 397 1183 446 cxi.
1228 382 1290 445 4.
1367 400 1440 447 A.
1489 398 1609 448 cn.
1658 398 1729 448 Ν.
1774 381 1924 449 333.
2356 381 2492 449 233

284 543 354 611 in
384 562 466 607 ea
497 542 676 621 sede,
707 562 907 627 quam
949 543 1383 629 Palaetyrow
1428 545 1569 629 ipsi
1599 553 1886 610 vocent:
1932 544 2031 609 ibi
2080 564 2299 628 regem
2331 546 2487 611 Deo

282 665 547 711 sacrum
576 646 698 711 rite
724 646 1102 711 facturum!
1189 650 1252 713 5.
1287 648 1449 712 Non
1476 649 1696 714 tenuit
1722 649 1890 713 iram
1923 647 2338 728 Alexander,
2370 650 2489 714 cu-

271 749 394 833 jus
425 749 727 833 alioquin
774 758 1017 833 potens
1050 770 1178 814 non
1208 756 1396 815 erate
1487 750 1732 834 Itaque
1779 753 1799 782 ‘
1823 748 1972 813 Vos
2019 749 2339 833 quidem,’
2387 751 2492 813 in-

282 853 452 936 quit,
486 857 506 887 ‘
526 853 774 918 fiducia
802 853 959 930 loci,
986 854 1170 937 quod
1225 854 1518 919 insulam
1562 853 1879 932 incolitiS‚
1908 853 2282 938 pedestrem
2310 854 2489 919 hunc

280 955 658 1020 exercitum
702 955 1052 1039 spernitiS,
1075 956 1197 1020 sed
1223 957 1407 1022 brevi
1449 955 1823 1036 ostendam,
1855 956 1925 1020 in
1957 957 2321 1021 continenti
2363 976 2491 1022 vos

276 1076 469 1123 esse:
516 1058 797 1142 proinde
836 1058 1069 1123 sciatis
1115 1058 1304 1138 licet,
1333 1066 1451 1125 aut
1504 1062 1896 1124 intraturum
1941 1079 2048 1123 me
2091 1061 2342 1132 urbem,
2371 1066 2492 1125 aut

277 1162 865 1244 oppugnaturum!
949 1162 1012 1225 6.
1060 1161 1234 1227 Cum
1285 1163 1418 1228 hoc
1462 1183 1789 1247 responso
1844 1163 2171 1227 demissos
2224 1182 2491 1228 monere

276 1263 482 1328 amici
526 1269 902 1349 coeperunt,
946 1271 963 1299 ‘
988 1273 1066 1330 ut
1112 1286 1356 1349 regem,
1403 1287 1600 1351 quem
1649 1267 1867 1350 Syria,
1911 1285 2111 1351 quem
2164 1265 2495 1331 Phoenice

274 1368 672 1451 recepisset,
716 1369 850 1452 ipsi
881 1388 1158 1454 quoque.
1196 1371 1428 1435 urbem
1479 1370 1722 1435 intrare
1764 1366 2188 1452 paterentur?
2270 1370 2337 1434 7.
2389 1366 2491 1433 At

274 1471 588 1548 illi,·loco
618 1473 785 1539 satis
816 1472 950 1548 fisi,
979 1471 1399 1537 obsidionem
1429 1471 1602 1536 ferre
1625 1470 2078 1536 decreverunt.
2169 1469 2490 1555 Namque

273 1562 521 1639 urbem
549 1593 593 1638 a
615 1576 986 1642 ‘continenti
1017 1584 1309 1658 quatuor
1337 1575 1704 1659 stadiorum
1729 1575 1969 1640 fretum
1999 1573 2267 1654 dividit,
2307 1572 2491 1651 Afri-e

274 1672 405 1740 cof
453 1677 748 1741 maxime
806 1676 1187 1761 objectum3
1234 1678 1502 1742 crebros
1555 1696 1647 1742 ex
1694 1676 1833 1742 alto
1882 1678 2132 1743 fluctus
2176 1678 2250 1741 in
2294 1676 2489 1743 littus

273 1779 563 1861 evolvit3
594 1780 657 1846 8.
688 1799 808 1844 nec
840 1781 1243 1864 accipiendo
1275 1783 1486 1865 operi,
1521 1802 1656 1865 quo
1688 1780 2101 1846 Macedones
2120 1782 2489 1846 continenti

272 1881 576 1946 insulam
596 1882 875 1967 jungere
908 1885 1255 1967 parabant,
1277 1885 1649 1970 quicquam
1680 1885 1917 1967 magis»,
1949 1903 2156 1969 quam
2186 1883 2300 1948 ille
2328 1903 2491 1949 ven-

271 1988 385 2050 tus
419 1987 786 2066 obstabat)
813 1988 1067 2071 quippe
1106 1988 1229 2053 vix
1257 1989 1389 2054 leni
1417 1994 1484 2053 et
1513 1987 1881 2072 tranquillo
1923 1987 2089 2052 mari
2133 1986 2349 2051 moles
2380 1988 2491 2069 agi

271 2093 602 2172 possunt3
648 2087 927 2156 Africus
959 2110 1117 2168 vero
1165 2092 1382 2175 prima
1413 2112 1700 2176 quaeque
1729 2096 2045 2174 congesta
2073 2086 2276 2175 pulsu
2307 2089 2491 2156 illisa

269 2192 485 2258 maris
528 2192 827 2259 subruit:
852 2204 876 2232 ⁶
918 2214 1043 2260 nec
1076 2195 1219 2260 ulla
1250 2202 1384 2260 tam
1436 2195 1627 2260 firma
1671 2195 1890 2260 moles
1936 2203 2069 2271 est,
2105 2213 2307 2278 quam
2352 2212 2489 2263 non

336 2384 364 2408 ⁰
402 2376 516 2426 Non
533 2378 687 2441 potuit
709 2378 831 2443 iram
851 2379 1171 2442 comprimere,
1187 2378 1263 2428 eui
1284 2379 1461 2442 alioqui
1480 2380 1618 2430 valde
1640 2379 1870 2430 obnoxius
1886 2385 2009 2429 erat.

273 2497 278 2502 ,
333 2439 359 2473 ¹³
400 2442 547 2493 Nulla
566 2458 643 2494 res
663 2444 819 2507 magis
837 2443 1048 2494 obstabat
1070 2445 1182 2494 moli
1203 2444 1255 2494 in
1277 2459 1409 2496 mare
1422 2446 1680 2509 jaciendoe.
2221 2475 2226 2480 ·

335 2515 359 2541 θ
399 2508 718 2574 Quemcunque⁴
728 2510 935 2574 primum
955 2510 1131 2573 injecta
1150 2515 1281 2575 sunt,
1304 2512 1511 2575 impulsu
1515 2512 1753 2576 flucttmm
1774 2526 1997 2562 concussa
2018 2510 2069 2560 in
2089 2524 2218 2561 mare
2235 2507 2433 2571 disjicit.

1193 2640 1223 2660 Ο
1227 2638 1569 2661 &mmm

269 2754 378 2790 eam
400 2741 594 2798 sedem3
632 2739 771 2789 Mer.
794 2755 850 2789 ea
870 2742 1062 2797 sedem‚·
1096 2740 1265 2804 Bong.
1287 2741 1435 2791 Leid.
1458 2741 1691 2789 Florent.
1717 2749 1771 2789 et
1788 2739 1942 2789 Voss.
1969 2743 2015 2789 1.
2038 2743 2088 2789 2.
2120 2754 2176 2788 ea
2196 2740 2322 2801 sede,
2345 2735 2485 2802 quod

271 2805 512 2870 reposuit
534 2804 851 2854 Schmieder.
887 2806 1002 2855 Pal.
1027 2810 1073 2855 1.
1102 2807 1335 2871 Palcyron
1350 2823 1370 2865 ,⁸
1407 2806 1557 2856 Leid.
1583 2804 1898 2870 Palletyrom
1931 2805 2079 2853 Voss.
2111 2807 2159 2854 1.
2191 2805 2451 2867 Paletyron
2467 2816 2490 2861 ‚⁶

271 2871 432 2921 Voss.
467 2874 519 2919 2.
546 2871 810 2920 Paleeiron.
876 2873 891 2899 ‘
912 2872 1017 2920 Pro
1043 2872 1185 2935 vulg.
1223 2877 1391 2921 vocant
1423 2886 1539 2921 cum
1576 2884 1758 2920 novem
1793 2869 1946 2920 codd.
1981 2869 2206 2935 <Fauch.
2242 2870 2409 2932 Bong.
2437 2871 2487 2918 1.

270 2938 317 2984 2.
356 2936 590 2986 Florent.
618 2935 766 2986 Leid.
808 2943 864 2986 et
885 2937 1037 2986 Voss.
1065 2940 1113 2985 1.
1151 2935 1231 3001 2.)
1266 2937 1453 3000 scripsi
1489 2935 1693 2986 vocent!
1728 2934 2047 2984 Schmieder.
2113 2937 2252 2985 Dan.
2290 2932 2492 2982 omittit

269 3002 368 3049 rite
388 3002 655 3064 sucturum,
688 3001 825 3065 quod
862 3001 928 3049 ab
963 3002 1029 3050 al.
1061 3016 1130 3050 m.
1166 3004 1554 3065 suppletum—5
1594 3002 1730 3050 Dan.
1764 3001 1878 3050 Pal.
1918 3004 1964 3049 1.
2000 3001 2230 3050 Florent.
2265 2998 2410 3049 Leid.
2433 3001 2492 3047 et

268 3066 427 3115 Voss.
454 3070 501 3115 1.
525 3070 574 3114 2.
597 3066 844 3115 omittunt
867 3068 1159 3116 Alexander.
1226 3068 1454 3117 Floreat.
1481 3065 1630 3117 Leid.
1654 3067 1809 3116 VosS.
1832 3071 1880 3115 1.
1904 3064 2025 3113 And.
2056 3072 2110 3115 et
2140 3065 2262 3115 Bas.
2291 3061 2490 3126 alioqui.

270 3132 430 3181 Voss.
454 3135 506 3180 2.
540 3131 701 3195 inquit
719 3132 905 3195 quidem
923 3146 944 3189 ,-
977 3132 1120 3181 Pith.
1143 3132 1341 3183 omittit
1362 3133 1539 3196 inquit.
1594 3131 1732 3180 Mer.
1779 3131 1946 3181 sciatis
1980 3146 2054 3181 me
2091 3131 2314 3181 lieet.—6
2351 3130 2490 3177 Dan.

271 3196 445 3259 Bong.
486 3196 715 3246 Floreat.
756 3205 813 3245 et
851 3196 1003 3246 Leid.
1039 3198 1264 3247 demissos
1277 3214 1297 3256 ,·
1345 3198 1494 3248 Voss.
1536 3201 1585 3245 1.
1623 3196 1856 3246 demissis.
1895 3198 2034 3246 Dan.
2069 3197 2301 3245 Floreat.
2338 3191 2489 3243 Leid.

275 3261 447 3326 Bong.
486 3268 542 3310 et
563 3262 710 3311 Voss.
735 3264 784 3311 l.
808 3266 858 3312 2.
899 3262 1148 3312 omittunt
1177 3263 1340 3312 amici.
1396 3264 1628 3311 Floreat.
1654 3261 1803 3311 Leid.
1845 3267 1901 3310 et
1933 3261 2084 3310 Voss.
2125 3264 2169 3312 1.
2208 3259 2487 3315 Plania-ax,-

271 3327 431 3376 Voss.
465 3330 516 3376 2.
557 3326 771 3386 Feniee,·
818 3328 930 3376 Col.
970 3327 1105 3378 Mer.
1142 3335 1198 3377 et
1236 3328 1363 3377 Bas.
1398 3328 1625 3378 Phoenix.
1664 3326 1777 3376 Col.
1802 3327 1923 3376 Bae.
1963 3332 2019 3374 et
2060 3325 2214 3375 Frob.
2238 3325 2491 3374 omittunt

273 3393 555 3442 urbem—'7
591 3392 707 3440 Pal.
749 3396 796 3441 1.
833 3393 998 3455 Βοῦς.
1036 3393 1270 3442 Florem.
1308 3392 1456 3443 Leid.
1492 3400 1546 3441 et
1568 3393 1721 3442 Voss.
1762 3394 1810 3441 1.
1832 3391 1971 3451 ferre
2006 3392 2323 3440 decreverant.
2358 3389 2489 3438 Mox

272 3457 425 3508 Voss.
446 3461 499 3508 2.
528 3456 766 3516 Africum
800 3457 935 3507 Mer.
968 3456 1198 3520 Aphrico,
1239 3463 1294 3508 et
1329 3458 1405 3506 sic
1446 3457 1714 3520 deinceps.
1749 3456 1904 3505 Voss.
1941 3459 1992 3505 2.
2029 3456 2236 3505 maxime
2270 3454 2487 3515 eiectum.

272 3520 467 3585 Vulgg.
507 3521 558 3574 iu
594 3523 733 3571 littus
754 3524 981 3572 evolvens.
1019 3523 1143 3585 Nec,
1164 3525 1245 3585 ᾅτ.
1280 3528 1296 3551 ‘
1315 3523 1429 3586 Ego
1462 3538 1529 3572 ex
1554 3520 1788 3586 plurimis
1824 3521 2038 3585 scriptis
2059 3519 2314 3584 (Floreat.
2340 3519 2486 3571 Leid.

273 3586 427 3637 vossi.
456 3591 504 3636 1.
528 3591 579 3636 2.
598 3594 655 3636 et
677 3587 876 3651 Bong.)
907 3587 1089 3651 scripsi
1123 3588 1317 3645 evolvit,
1342 3596 1503 3652 atque
1526 3586 1997 3651 interpunctionem
2020 3585 2310 3634 emendavi.
2333 3585 2490 3634 Cete-

277 3665 390 3699 rum
414 3652 532 3714 ipsa
553 3649 720 3701 ferme
746 3653 905 3702 verba
928 3666 994 3701 ex
1018 3652 1164 3717 Vix-g.
1188 3653 1303 3703 AEn.
1328 3666 1367 3701 1.
1402 3657 1484 3704 86.
1518 3659 1785 3702 mutuatus
1809 3658 1891 3700 est
1916 3650 2164 3700 Curtius.'
2195 3649 2488 3703 Schmieder.

276 3715 445 3779 Lugd.
469 3724 524 3766 et
547 3715 717 3767 Amst.
754 3718 911 3767 etiam
935 3718 1223 3767 evolvit.-8
1261 3718 1370 3767 Pro
1407 3717 1677 3781 accipiendo
1708 3715 1955 3765 Heinsius
1978 3715 2177 3764 mavult
2209 3714 2490 3777 occipiendo.

276 3781 380 3845 legi
401 3787 577 3832 tamen
590 3783 750 3848 jussit
771 3782 1072 3846 auspicando.
1105 3782 1255 3832 Leid.
1293 3787 1340 3832 1.
1364 3798 1500 3846 quem
1521 3784 1604 3833 ille
1636 3787 1819 3833 ventus.
1884 3780 2001 3832 Pal.
2038 3784 2087 3829 1.
2125 3780 2210 3829 vix
2245 3781 2340 3829 levi
2373 3786 2421 3830 et
2452 3786 2491 3830 t.

275 3848 438 3898 maris.
475 3847 668 3899 Fauch.
692 3854 893 3899 comesta
925 3863 1021 3913 pro
1056 3853 1294 3911 congesta.
1328 3849 1345 3877 ‘
1368 3848 1476 3898 Pro
1511 3849 1650 3911 pulsu
1688 3847 1816 3897 illisa
1862 3846 2003 3908 nturi,
2021 3842 2337 3910 suffragante
2370 3845 2488 3901 Pal.

1269 3979 1325 4029 N
1331 3978 1495 4029 OTAE

341 4085 364 4110 θ
404 4078 706 4143 Pala-tyron]
772 4077 1084 4143 Παλαίτυρος,
1142 4078 1342 4141 antiqua
1422 4077 1561 4127 idem
1587 4074 1785 4126 Latinis
1800 4073 2000 4136 Asticus
2023 4074 2334 4138 appellatur,
2350 4075 2492 4140 quod

283 4154 454 4217 Tyrus,
475 4154 526 4203 in
550 4154 840 4203 continenti
858 4154 979 4215 fuit,
1004 4155 1218 4217 triginta
1236 4161 1341 4204 sta·
1424 4155 1492 4204 ab
1516 4154 1726 4204 Occasu
1757 4152 1987 4217 hyberno
2026 4150 2178 4201 Italis
2217 4165 2284 4200 ex
2306 4151 2493 4201 Africa

282 4229 378 4279 diis
400 4245 431 4279 a
453 4244 585 4279 nova
607 4229 824 4278 distans.
1420 4230 1603 4288 spiret.
1649 4229 1835 4279 Nostri
1855 4234 2029 4279 nautae
2052 4226 2108 4277 in
2129 4227 2346 4278 Oceano
2367 4225 2495 4278 Sud-

345 4304 367 4337 ἲ
391 4304 584 4370 Africo]
638 4305 743 4358 Qui
782 4305 922 4371 apud
968 4305 1189 4357 Graecos
1229 4301 1343 4368 Λὶψ,
1423 4303 1558 4350 ouest
1578 4297 1828 4349 vocitant.
