2978 4933
818 402 933 451 on.
981 404 1170 450 cxii.
1210 386 1275 450 3.
1353 404 1424 449 A.
1472 403 1591 450 cn.
1640 403 1712 450 N.
1760 390 1910 452 329.
2344 390 2473 453 521

280 546 673 612 circumibat
700 546 934 631 pedeS,
957 548 1262 629 jacentes
1304 546 1640 632 quosdam
1678 547 1960 631 erigena,
1992 555 2064 613 et
2093 549 2288 628 alioS,
2320 569 2471 614 cum

280 669 451 731 aegre
480 656 925 734 sequerentur,
955 650 1362 715 adminiculo
1394 650 1699 733 corporis
1729 652 1829 715 sui
1860 652 2207 734 excipiens
2236 671 2252 716 ε
2298 672 2475 730 nunc

279 750 368 814 ad
401 753 612 833 prima
640 754 853 836 signa,
883 773 1058 819 nunc
1101 756 1168 816 in
1196 754 1462 833 medio;
1503 773 1676 817 nunc
1707 756 1773 818 in
1801 755 2041 820 ultimo
2081 754 2476 836 agmineiti·

277 854 456 917 neris
484 856 935 938 multiplicato
967 858 1198 921 labore
1231 857 1481 922 aderat.
1547 858 1676 923 18.
1707 859 2005 923 Tandem
2037 856 2124 923 ad
2153 858 2312 922 loca
2335 859 2476 921 cul-

277 957 448 1020 tiora
479 966 863 1040 perventum
896 967 1018 1039 est,
1064 966 1579 1044 commeatuque
1623 962 1813 1045 largo
1860 972 2187 1027 recreatus
2217 963 2478 1026 exerci-

278 1066 431 1123 tus:
480 1062 676 1124 simul
722 1069 809 1141 et,
853 1066 968 1147 qui
1022 1065 1340 1147 consequi
1389 1084 1522 1128 non
1572 1072 1944 1148 potuerant,
1991 1068 2061 1128 in
2100 1067 2218 1147 illa
2256 1070 2476 1130 castra

277 1172 617 1228 venerunt.
710 1168 815 1233 19.
864 1167 1029 1231 Inde
1058 1188 1294 1250 agmen
1327 1169 1672 1250 processit
1693 1168 1778 1233 ad
1819 1168 2244 1233 Caucasum‘*
2286 1188 2476 1232 mon-

1195 1336 1251 1354 O‘
1259 1338 1283 1354 Ι
1289 1336 1560 1356 ‘nnnc‘

279 1436 464 1488 Heius.
507 1436 644 1498 conj.
680 1435 1087 1500 offerebant.—l⁷
1124 1436 1311 1498 Vulgg.
1346 1433 1553 1484 nuncin
1590 1436 1810 1498 medium,
1834 1436 1970 1500 quod
1995 1436 2144 1485 deest
2180 1436 2232 1483 in
2257 1436 2407 1485 Voss.
2428 1441 2477 1485 2.

275 1517 399 1557 nunc
433 1501 482 1549 in
518 1503 672 1550 medio
710 1501 848 1549 solus
867 1502 1085 1550 Theocr.
1110 1500 1268 1564 idque
1293 1500 1488 1565 primus
1521 1502 1724 1561 recepit
1746 1501 2064 1551 Schmieder.
2100 1501 2248 1550 Voss.
2282 1505 2331 1549 2.
2356 1517 2480 1551 nunc

276 1568 340 1615 ad
360 1566 528 1614 ultima
548 1566 904 1627 agminia—18
943 1566 1169 1615 Florem.
1191 1565 1335 1615 Leid.
1359 1566 1508 1615 Voss.
1546 1571 1589 1616 1.
1620 1567 1758 1616 Dan.
1784 1575 1840 1615 et
1864 1568 1978 1617 Pal.
2005 1569 2052 1614 1.
2074 1567 2137 1615 ad
2158 1568 2260 1615 loca
2279 1567 2481 1615 cultiora

275 1636 549 1692 perventum
585 1636 657 1680 est
673 1647 694 1689 ,·
744 1630 863 1680 Ald.
897 1631 1050 1679 Frob.
1078 1632 1213 1680 Mer.
1236 1631 1354 1680 Bas.
1378 1640 1434 1679 et
1460 1633 1573 1681 Col.
1596 1634 1658 1681 ad
1687 1632 1890 1681 cultiora
1924 1637 2201 1694 perventum
2233 1632 2334 1680 loca
2372 1636 2479 1686 θείς

276 1695 444 1757 Bong.
466 1697 529 1744 ad
550 1696 750 1744 cultiora
778 1697 881 1744 toea
912 1701 985 1745 est
1018 1700 1329 1758 perventum;
1378 1697 1528 1745 Voss.
1550 1700 1596 1744 2.
1618 1699 1682 1745 ad
1702 1698 1803 1745 loca
1833 1697 2061 1744 ulteriora
2088 1701 2364 1759 perventum
2391 1700 2480 1744 est.

277 1760 443 1823 Bong.
469 1764 513 1809 2.
533 1766 834 1824 cumeatuque
850 1761 1004 1823 largo.
1072 1760 1209 1810 Edd.
1236 1766 1363 1809 vett.
1384 1775 1477 1810 non
1495 1764 1866 1824 poteram—19
1899 1759 2092 1810 Fauch.
2107 1760 2329 1824 processit
2355 1760 2479 1809 Cau-

1275 1890 1494 1942 NOTAE

343 2002 366 2035 q
404 1988 685 2052 Caucasum]
749 1991 1144 2055 Parapamisum
1188 1990 1338 2039 intel-

277 2069 400 2131 lige,
421 2082 572 2132 quem
597 2068 909 2117 Macedones
926 2066 1224 2117 Alexandro
1244 2066 1339 2115 mi-

275 2146 485 2194 litantes
509 2144 794 2212 Caucasum
831 2144 1199 2208 appellabant3
1231 2151 1340 2192 stu-

276 2222 380 2282 dio,
406 2228 464 2271 ut
502 2219 690 2282 fertur,
717 2221 1002 2271 Alexandri
1043 2234 1125 2269 res
1167 2226 1339 2283 gestas

277 2297 645 2360 amplificandi,
665 2298 812 2362 quasi
849 2297 1135 2347 Caucasum
1170 2298 1336 2346 conti-

274 2382 438 2424 nuata
459 2374 674 2424 victoria
689 2374 987 2424 Alexander
1005 2373 1339 2438 superasset.’

277 2452 364 2502 lta
403 2451 655 2503 Arrianus
688 2452 778 2503 lib.
803 2466 857 2503 v.
923 2452 1061 2502 Vide
1090 2459 1336 2518 quantum

278 2530 588 2591 aberrarint‚
609 2530 699 2595 qui
718 2531 734 2558 ‘
751 2531 1040 2580 Caucasum
1063 2530 1114 2578 in
1138 2536 1337 2580 montes

278 2608 491 2657 Indicos
513 2608 690 2673 eisque
708 2608 930 2671 vjicinum
955 2619 1096 2656 mare
1115 2612 1339 2655 transtu-

278 2684 449 2732 lerunt
486 2698 517 2731 a
549 2683 805 2732 montibus
834 2682 920 2749 qui
951 2696 1109 2745 supra
1136 2682 1341 2732 Colchi-

279 2760 398 2809 dem
422 2766 477 2809 et
497 2759 755 2809 Euxinum
788 2773 931 2808 mare
965 2760 1050 2808 siti
1076 2767 1215 2822 sunt,
1236 2774 1341 2809 am⁴

279 2838 414 2901 plius
437 2837 655 2902 triginta
673 2836 957 2886 stadiorum
977 2836 1202 2885 millibus
1218 2836 1341 2900 (hoc

279 2921 363 2964 est
395 2918 541 2964 3750.
586 2911 914 2977 milliaribus)
949 2913 1013 2963 ab
1048 2912 1203 2962 India
1241 2912 1340 2961 dis·

279 2991 494 3041 tautes.'
522 2989 695 3039 Verba
710 2995 830 3041 suut
850 2988 1120 3038 Strabonis
1139 2989 1232 3039 lib.
1259 3002 1341 3039 ιι.

280 3070 296 3095 ⁸
317 3067 442 3116 Fuit
486 3081 607 3116 saue
656 3063 965 3130 gloriosius,’
1004 3065 1153 3115 addit
1203 3065 1341 3114 idem

277 3145 520 3208 scriptor,
549 3145 565 3173 ‘
589 3142 934 3193 Alexandrum
961 3156 1120 3206 usqne
1155 3144 1219 3191 ad
1254 3143 1342 3192 In-

280 3222 428 3271 dicos
466 3227 670 3271 montes
704 3233 857 3284 quam
900 3233 1064 3282 usque
1109 3218 1177 3267 ad
1219 3219 1341 3269 inti·

279 3314 415 3347 mum
444 3297 631 3348 Euxini
655 3296 817 3345 sinum
839 3304 895 3345 et
913 3296 1202 3344 Caucasum
1224 3295 1343 3344 sub-

278 3377 447 3438 egisse
465 3373 641 3423 Asiam
659 3389 674 3423 :
696 3373 785 3422 sed
806 3373 967 3435 gloria
983 3371 1172 3420 montis
1185 3369 1344 3436 (Cau-

282 3452 415 3518 casi)
449 3465 757 3514 nomenque,
788 3456 844 3499 et
867 3449 1009 3513 quod
1040 3448 1201 3498 Jason
1226 3461 1344 3496 cum

282 3531 385 3580 suis
407 3528 752 3592 longissimam
775 3525 1008 3575 creditus
1032 3531 1103 3572 est
1130 3524 1344 3587 expedi-

282 3609 476 3658 tionem
511 3603 716 3666 fecisse,
757 3615 1059 3666 progressus
1094 3614 1255 3664 usque
1278 3600 1342 3649 ad

283 3687 516 3737 Caucaso
547 3681 715 3730 vicina
735 3681 885 3739 loca;
920 3677 1162 3743 quodque
1185 3676 1344 3726 tradi·

284 3768 391 3811 tum
434 3759 536 3809 fuit
580 3757 946 3807 Prometheum
1005 3755 1055 3803 in
1101 3754 1347 3803 extremis

281 3846 440 3889 terrra
462 3835 653 3884 finibus
680 3831 747 3882 ad
770 3833 1057 3883 Caucasum
1084 3829 1243 3880 fuisse
1276 3833 1347 3880 al-

281 3918 534 3979 ligatum3
572 3913 705 3972 haec,
744 3911 974 3976 inquam,
1012 3908 1252 3960 fecerunt
1287 3916 1346 3960 ut

282 3992 503 4057 gratiam
528 3989 662 4053 regis
688 4002 745 4037 se
768 3987 987 4036 inituros
1019 3992 1286 4050 putarent,
1305 3986 1347 4036 si

283 4084 471 4121 nomeu
506 4066 729 4118 Caucasi
764 4065 815 4114 in
853 4064 1052 4113 Indiam
1097 4061 1347 4114 transfer-

281 4134 439 4199 rent-¹
506 4143 702 4196 Eadem
727 4142 782 4191 in
804 4142 1016 4191 Iaxarte
1029 4139 1185 4191 fluvio
1209 4155 1351 4191 com-

283 4228 443 4276 missa
479 4222 622 4272 fraus
657 4227 758 4283 est,
798 4233 865 4268 ex
898 4233 999 4284 quo
1027 4219 1239 4268 Tanaim
1273 4214 1349 4267 fes-

285 4316 441 4364 eere3
466 4314 584 4351 cum
607 4312 707 4349 non
724 4296 893 4348 minus
916 4295 982 4345 ab
1005 4295 1225 4347 invicem
1250 4294 1350 4344 dis·

1420 1998 1535 2040 tent
1555 2006 1708 2056 quam
1725 1993 1984 2042 Caucasus
2011 1998 2067 2041 et
2099 1990 2481 2054 Parapamisns.

1419 2068 1598 2132 Atque
1638 2068 1889 2117 hactenus
1943 2066 2152 2132 quidem
2196 2067 2482 2117 tolerabilis

1421 2143 1784 2193 Graeculorum
1828 2145 2030 2194 vanitas
2068 2142 2226 2206 foret,
2261 2143 2358 2192 nisi
2399 2158 2487 2192 no·

1419 2222 1611 2270 minum
1628 2222 1718 2270 illa
1731 2221 2129 2271 communicatio
2145 2220 2376 2269 infinitos
2393 2220 2482 2269 de-

1420 2299 1542 2349 inde
1567 2314 1772 2349 errores
1794 2299 2101 2363 peperisset.
2152 2299 2286 2348 Nam
2309 2304 2483 2361 poste-

1421 2376 1461 2425 ri
1509 2376 1795 2440 scriptores
1839 2391 1955 2426 cum
1991 2376 2057 2426 de
2094 2390 2217 2425 vero
2252 2376 2489 2425 Caucaso

1420 2468 1650 2519 veroque
1692 2454 1852 2505 Tanai
1906 2455 2020 2505 haec
2070 2454 2216 2505 dicta
2259 2454 2486 2519 accepis-

1421 2538 1566 2591 seut;
1590 2545 1929 2595 quaecumque
1953 2531 2194 2580 alterutri
2219 2531 2328 2579 sive
2346 2544 2487 2578 mon-

1422 2608 1466 2659 ti
1511 2608 1621 2656 sive
1659 2607 1816 2656 fluvio
1855 2610 2067 2671 propria
2111 2614 2282 2667 erant,
2327 2619 2391 2655 ea
2431 2608 2485 2655 in

1422 2698 1577 2733 unum
1615 2685 1978 2734 contulerunt:
2026 2683 2163 2748 quod
2198 2689 2374 2732 noster
2411 2682 2488 2732 in-

1424 2760 1603 2824 primis
1641 2759 1775 2810 fecit
1810 2761 2042 2823 Curtius,
2064 2760 2251 2809 multos
2285 2760 2406 2810 inde
2431 2760 2483 2809 in

1421 2851 1619 2887 errores
1643 2844 1904 2900 praeterea
1928 2838 2128 2887 ductus.
2196 2837 2329 2889 Quae
2348 2837 2485 2886 enim

1421 2913 1489 2963 de
1515 2914 1800 2964 Alexandri
1831 2914 2059 2964 transitu
2095 2913 2291 2978 prodit,
2320 2913 2488 2978 deque

1423 3004 1554 3054 rupe
1586 2991 1873 3041 stadiorum
1895 2991 2097 3052 decem,
2115 2994 2215 3041 διο.
2250 2991 2316 3041 ad
2352 2992 2487 3041 Cau-

1421 3081 1597 3117 casum
1623 3069 1887 3131 pertinent
1917 3067 2151 3118 Indicum
2185 3067 2295 3116 sive
2329 3068 2489 3117 Para-

1422 3144 1694 3208 pamisum.
1729 3145 1861 3196 Quae
1886 3159 2008 3195 vero
2029 3145 2097 3194 de
2121 3142 2489 3208 Caspio‘freto‚

1424 3221 1489 3271 de
1531 3220 1728 3281 Araxe,
1765 3221 1831 3270 de
1876 3221 2076 3284 Cilicia,
2120 3221 2187 3271 de
2226 3221 2487 3271 Armeniae

1423 3298 1708 3360 montibus,
1730 3299 1794 3348 de
1828 3299 2054 3348 Pontico
2088 3299 2233 3359 mari,
2263 3298 2330 3348 de
2363 3300 2490 3362 Scy·

1425 3375 1550 3424 thiae
1586 3375 1827 3435 desertis,
1860 3373 2030 3438 deque
2061 3373 2372 3424 Prometheo
2412 3381 2489 3423 at·

1426 3449 1630 3511 texuit3
1670 3464 1733 3497 ea
1766 3450 2063 3512 Scythicum
2102 3449 2312 3512 proprie
2353 3450 2486 3499 Cau·

1425 3541 1625 3588 casum,
1649 3526 1732 3590 qui
1759 3539 1908 3575 verus
1928 3533 2026 3586 est,
2051 3531 2309 3589 spectant.
2353 3527 2490 3576 Cau-

1426 3618 1575 3654 casus
1614 3617 1770 3668 porro
1806 3603 2054 3666 Scythica
2082 3604 2258 3666 lingna
2284 3603 2490 3652 Cram-

1424 3696 1506 3730 sus
1527 3681 1817 3745 appellatus
1841 3686 1941 3735 est,
1965 3679 2109 3744 quasi
2141 3680 2157 3707 ‘
2175 3680 2291 3728 nive
2313 3679 2489 3729 caudi·

1427 3757 1562 3818 dus,'
1600 3763 1738 3806 teste
1781 3754 1954 3804 Plinio
1994 3754 2084 3804 lib.
2125 3769 2200 3804 vr.
2249 3769 2367 3818 cap.
2409 3760 2488 3806 17.

1425 3834 1821 3898 Parapamisum
1857 3847 1981 3882 vero
2014 3833 2102 3882 alii
2139 3834 2155 3860 ‘
2182 3832 2489 3898 Paropami-

1424 3911 1575 3967 sum,’
1625 3911 1642 3939 ‘
1665 3907 2116 3972 Paropamissum,'
2164 3909 2489 3974 ‘Paropani-

1427 3985 1567 4039 sum'
1614 3986 1888 4036 vocabunt.
1955 3983 2112 4047 Apud
2154 3984 2489 4035 Aristotelem

1427 4078 1551 4114 vero
1582 4065 1597 4092 ‘
1618 4060 1907 4111 Parnasus’
1938 4061 2160 4125 legitur3
2196 4061 2335 4125 apud
2357 4063 2491 4115 Dio-

1427 4141 1630 4206 nysium
1653 4153 1789 4188 nunc
1813 4141 1828 4167 ⁸
1850 4137 2136 4202 Pal-pessus
2151 4136 2166 4159 ’
2185 4138 2292 4189 sive
2320 4140 2337 4167 ⁸
2358 4138 2487 4189 Par-

1428 4215 1642 4281 nessus,’
1664 4229 1801 4266 nunc
1823 4213 1839 4240 ‘
1860 4213 2210 4280 Parpanisus.'
