2978 4933
509 310 597 375 64

510 472 713 535 Grypb.

510 551 691 603 Gualt.

514 632 697 683 Heius.

511 713 702 764 Heum.

509 794 657 846 Junt.

511 876 660 928 Leid.

512 958 675 1023 Lugd.

509 1040 686 1091 Maitt.

509 1118 726 1170 Mediol.

509 1200 645 1249 Mer.

506 1279 659 1331 Mod.

508 1359 667 1410 Obss.
689 1358 841 1408 Misc.

509 1520 684 1571 Oxou.

508 1603 624 1653 Pal.
649 1606 700 1654 1.
719 1605 770 1652 2.
791 1606 840 1652 3.

506 1763 642 1814 Pan.
664 1779 712 1815 o.

506 1844 750 1897 Perizon.

506 1926 693 1977 Pitisc.

505 2008 649 2059 Pith.

505 2172 639 2235 Pop.

504 2252 633 2303 Put.

506 2331 640 2381 Rad.

506 2412 655 2462 Rom.

505 2494 746 2557 Rutgers.
766 2488 775 2498 '

506 2575 728 2626 Salmas.

502 2653 677 2707 Schef.

502 2738 688 2789 Schon.

500 2899 821 2952 Schmieder.

504 3063 678 3126 Sigeb.

501 3143 662 3194 Snak.

502 3225 734 3289 Spirens.

501 3306 634 3356 Tell.

501 3386 720 3438 Theocr.

501 3540 658 3598 Udai.

500 3629 694 3680 venet.

500 3709 694 3760 Veron.

504 3870 627 3923 Vct.
649 3885 734 3923 an.
758 3876 904 3925 14⁷1.

501 3953 649 4006 Voss.
674 3958 719 4005 1.
743 3957 794 4005 2.

1089 324 1489 374 ELENGHUS
1538 327 2142 381 ALPHABETIGUS.

1027 468 1202 520 Editio
1223 470 1579 535 Lugdunensis
1605 486 1688 536 ap.
1710 472 1833 524 Seb.
1854 474 2165 538 Gryphium.

1025 550 1306 601 Gualterus
1326 552 1378 600 in
1401 551 1803 604 Alexandrcide.

1024 632 1275 683 Nicolaus
1297 633 1564 685 Heinsius.

1026 713 1086 764 C.
1107 713 1176 765 Α.
1200 713 1538 766 Heumannus
1564 718 1616 768 in
1643 718 1798 769 Notis
1821 719 1950 768 Mss.
1975 716 2038 768 ad
2056 717 2311 769 Curtium.

1022 792 1198 844 Editio
1218 793 1451 852 santius,
1475 796 1754 849 Florentia
1774 801 1919 849 1507.

964 934 969 935 ⁷
1024 873 1205 925 Codex
1228 874 1496 926 Leidensis
1516 876 1919 942 snakenburgii.

1024 955 1203 1006 Editio
1220 956 1579 1021 Lugdunensis
1602 958 1815 1009 Antonii
1839 958 2079 1010 Candidi.

1066 1063 1198 1075 ---
1217 1036 1513 1095 Maximini,
1535 1038 1754 1089 Londini
1777 1043 1916 1089 1716.

1064 1144 1196 1155 --
1216 1117 1628 1169 Mediolanensis
1651 1120 1879 1185 antiqua.

1064 1224 1196 1235 --
1214 1197 1587 1248 Bartholomaei
1608 1200 1847 1256 Merulae,
1871 1198 2107 1249 venetiis
2133 1203 2275 1250 1494.

1020 1278 1330 1329 Franciscus
1347 1278 1557 1329 Medius
1577 1279 1627 1329 in
1648 1278 1766 1328 edd.
1787 1279 2016 1329 Colouiae
2041 1282 2185 1329 1579.
2210 1282 2354 1328 1591.

1019 1356 1374 1408 Miscellaneae
1408 1358 1814 1409 Observationes
1852 1360 1903 1409 in
1932 1359 2181 1409 Auctores
2199 1359 2345 1409 Vett.
2378 1366 2434 1409 et
2457 1359 2699 1410 Recentt.

1089 1453 1214 1489 cura
1233 1440 1538 1504 Burmanni,
1556 1439 1724 1491 Amst.
1746 1443 1892 1491 1732.
1911 1444 2058 1491 1751.

1023 1519 1205 1571 Codex
1231 1520 1564 1585 oxoniensis,
1585 1536 1734 1587 quem
1757 1522 1885 1573 citat
1903 1520 2218 1572 Schmieder.

950 1616 953 1619 ’
1024 1601 1247 1652 Codices
1277 1601 1506 1653 Palatini
1539 1608 1668 1666 tres,
1699 1604 1842 1668 cujus
1873 1604 2020 1652 Varr.
2059 1603 2236 1653 Lectt.
2271 1601 2499 1653 citantur
2531 1601 2584 1651 in
2618 1602 2702 1653 cd.

1087 1684 1437 1735 Freinshemii.

1027 1764 1256 1815 Palatini
1280 1780 1474 1816 omnes.

1021 1845 1254 1897 Jacobus
1275 1847 1587 1898 Perizonius
1612 1847 1665 1897 in
1689 1847 1867 1898 Curtio
1889 1846 2186 1897 vindicato.

1022 1926 1199 1977 Editio
1221 1928 1475 1979 Samuelis
1498 1928 1705 1991 Pitisci,
1728 1928 1866 1994 Hag.
1885 1929 2030 1979 Com.
2054 1932 2197 1978 1708.

1021 2009 1173 2060 Petri
1207 2009 1399 2061 Pithaei
1420 2010 1607 2068 codex,
1630 2009 1782 2074 cnjus
1803 2008 2141 2060 Variantibus
2174 2022 2294 2058 usus
2316 2013 2398 2058 est
2431 2007 2706 2058 Freinshe-

1086 2105 1233 2142 mius.
2312 2098 2322 2113 ·

1017 2173 1168 2223 Titus
1188 2174 1387 2238 Popma
1409 2174 1462 2225 iu
1483 2175 1572 2225 ed.
1595 2189 1679 2225 an.
1701 2178 1845 2224 1622.

1022 2254 1225 2304 Claudii
1252 2255 1477 2305 Puteani'
1496 2254 1681 2319 codex,
1705 2266 1858 2320 quem
1882 2254 2012 2304 citat
2035 2252 2429 2304 Freinshemius.

1019 2333 1271 2382 Matthias
1297 2334 1551 2385 Raderus.

988 2458 989 2463 ,
1022 2411 1198 2462 Editio
1220 2414 1470 2475 Romana,
1493 2427 1575 2462 an.
1596 2416 1742 2463 1472.

1016 2493 1183 2546 Janus
1204 2494 1511 2557 Rutgersius
1532 2494 1585 2543 in
1604 2493 1764 2545 Libro
1787 2493 2062 2545 Variarum
2087 2495 2408 2546 Lectionum.

1019 2574 1264 2626 Claudius
1284 2576 1582 2627 Salmasius.

1012 2656 1067 2709 J.
1091 2655 1384 2708 Schefferus
1403 2658 1456 2707 in
1475 2657 2021 2708 Animadversionibus
2041 2660 2093 2708 in
2117 2660 2186 2711 Q.
2207 2658 2459 2709 Curtium.

1018 2739 1199 2789 Codex
1216 2739 1524 2791 Schonhovii
1548 2739 1953 2806 antiquissimus,
1984 2754 2138 2805 quem
2159 2739 2378 2790 contulit
2401 2737 2703 2788 Hadrianus

1080 2820 1283 2871 Junius.

1021 2900 1161 2950 Frid.
1197 2900 1558 2953 Schmiederus
1590 2902 1644 2952 id
1668 2901 1751 2952 ed.
1773 2916 1866 2952 sua
1896 2901 2168 2967 Gottingoe
2190 2904 2531 2952 1802-1804.
2547 2902 2699 2965 cujus

1085 2988 1279 3032 textum
1305 2981 1655 3033 exhibendum
1677 2982 1983 3033 curavimus.

1020 3061 1201 3112 Codex
1223 3061 1617 3126 sigebergensis
1642 3063 1825 3113 Modii.

1002 3141 1198 3193 'Editio
1219 3144 1621 3209 snakenburgii.

1020 3225 1201 3275 Codex·
1224 3225 1483 3288 Spirensis
1507 3225 1717 3276 Raderi.

960 3298 973 3316 ⁸
1017 3305 1192 3355 Editio
1206 3305 1438 3356 Tellierii
1462 3308 1517 3356 in
1533 3321 1674 3357 usum
1692 3306 1956 3370 Delphini.

1016 3385 1195 3436 Codex
1232 3386 1508 3438 Benedicti
1537 3387 1827 3437 Theocreni
1861 3392 2117 3449 vetustus,
2151 3386 2300 3450 cujus
2333 3386 2482 3436 Varr.
2518 3387 2703 3442 Lectt.

1080 3467 1242 3516 citant
1265 3467 1491 3517 Cunzius
1514 3474 1572 3517 et
1595 3466 1913 3519 Schmieder.

1013 3547 1193 3596 Codex
1214 3546 1505 3611 Augustan.
1537 3548 1591 3597 S.
1611 3547 1870 3611 Udalrici,
1881 3561 2032 3613 quem
2055 3548 2186 3599 citat
2206 3548 2457 3599 Raderus.

1018 3628 1191 3678 Editio
1212 3628 1416 3678 Veneta
1436 3630 1668 3694 antiqua.

1058 3736 1190 3746 --—
1210 3709 1528 3759 Veronensis
1578 3709 1698 3759 anni
1751 3713 1895 3762 1491.
1952 3710 2100 3774 cujus
2141 3708 2417 3761 Variautes
2460 3711 2700 3765 exhibuit

1078 3790 1346 3841 Maittaire
1365 3789 1419 3840 in
1439 3790 1525 3840 ed.
1548 3789 1862 3841 londinensi
1881 3795 2027 3844 1716.

1016 3873 1192 3922 Editio
1213 3872 1366 3936 hujus
1390 3873 1508 3922 anni
1532 3877 1752 3935 vetusta,
1765 3886 1919 3937 quam
1938 3871 2158 3923 contulit
2177 3872 2376 3936 Caspar
2396 3873 2662 3924 Barthius.

1015 3956 1138 4005 Duo
1160 3956 1367 4007 codices
1389 3954 1651 4014 Vossiani,
1674 3954 1859 4020 quibus
1880 3968 2000 4005 usus
2022 3959 2102 4005 est
2122 3952 2559 4020 snakenburgius.
