2978 4933
818 383 934 431 οι..
979 381 1173 430 cxu.
1218 363 1280 429 1.
1357 383 1431 429 A.
1479 381 1597 429 cn.
1646 381 1719 428 N.
1763 364 1914 429 332.
2328 365 2460 429 255

265 534 518 595 tantam
561 547 807 612 capere
849 528 1204 595 fortunam.
1306 528 1370 591 4.
1416 526 1673 591 Multas
1732 546 1805 591 se
1864 526 2085 591 adhuc
2145 525 2462 609 reliquias

253 634 580 713 habere3·
652 651 773 697 nec
835 651 1098 716 semper
1156 633 1222 695 in
1282 632 1616 714 angustiis
1646 638 1669 665 ⁰
1742 648 1950 713 posse
2011 628 2456 712 deprehendi:

262 735 743 801 transeundum
800 753 955 799 esse
1013 731 1407 798 Alexandro
1466 729 1906 817 Euphraten‚‘¹
1971 731 2336 816 Tigrinque
2396 737 2466 796 et

263 837 558 916 Araxen,
588 845 656 905 et
702 836 1106 921 Hydaspen,
1136 856 1378 918 magna
1422 835 1834 901 munimenta
1877 837 2057 919 regni
2086 835 2237 901 sui:
2280 835 2467 899 veni·-

265 940 516 1006 endum
572 940 642 1005 in
697 959 1004 1022 campoS,
1056 939 1176 1004 ubi
1225 938 1578 1022 paucitate
1625 959 1897 1003 snorum
1945 937 2465 1003 erubescendum

266 1044 404 1109 sit.e
490 1043 553 1106 5.
600 1036 954 1116 Mediam,f
972 1040 1411 1126 Hyrcaniam,
1440 1041 1713 1119 Bactra,
1743 1049 1810 1107 et
1841 1040 2048 1106 Indos
2072 1041 2326 1107 Oceani
2351 1059 2468 1104 ac-

267 1145 461 1211 colas
491 1143 764 1227 quando
795 1143 1124 1209 aditurum
1149 1145 1178 1208 Ἰ
1228 1145 1334 1209 vel
1366 1144 1753 1227 Sogdianos
1780 1153 1852 1210 et
1879 1145 2319 1223 Arachosios»,
2348 1163 2466 1207 no·

266 1249 449 1312 mine
482 1252 737 1311 tantum
769 1258 991 1325 notoS,
1025 1255 1427 1331 ceterasque
1448 1254 1681 1330 gentes
1713 1250 1798 1314 ad
1829 1248 2212 1314 Caucasum
2239 1255 2306 1312 et
2332 1248 2466 1313 Ta·

267 1352 450 1417 naim
481 1352 931 1434 pertinentes?
998 1350 1063 1413 6.
1109 1350 1609 1416 Senescendum
1655 1351 1793 1416 fore
1836 1359 2095 1417 tantum
2145 1345 2502 1416 terrarum'

269 1453 384 1518 vel
414 1454 563 1519 sine
592 1453 829 1535 praelio
861 1454 1156 1517 obeunti.
1246 1452 1335 1516 Se
1367 1471 1527 1518 vero
1558 1453 1644 1518 ad
1674 1454 1906 1537 ⁴ipsum
1935 1473 2182 1518 vocare
2211 1454 2472 1518 desine·

271 1564 410 1621 ret:
453 1574 744 1639 namque
783 1555 967 1621 illius
1029 1556 1240 1620 exitio
1291 1575 1444 1620 esse
1492 1559 1888 1622 venturum.’
1971 1559 2035 1623 ¹7.
2083 1555 2470 1623 Alexander

272 1662 365 1727 iis
411 1662 627 1746 [illis],
659 1663 792 1745 -qui
848 1662 1071 1726 literas
1119 1662 1512 1740 attulerant,
1549 1663 1914 1746 respondit,
1965 1663 2291 1728 ‘Darium
2338 1664 2469 1729 sibi

274 1766 501 1830 aliena
558 1766 979 1847 promittere:
1006 1761 1047 1812 f
1110 1763 1287 1847 quod
1342 1771 1560 1828 totum
1617 1766 1936 1841 amiserit,
1999 1766 2165 1830 velle
2218 1766 2470 1849 partiri.

280 1868 454 1933 Doti
502 1868 632 1932 sibi
688 1867 834 1930 dari
894 1866 1203 1952 Lydiam,
1266 1866 1553 1945 Ioniam,
1614 1868 1976 1946 AEolidem,
2041 1869 2476 1952 Hellesponti

278 1990 486 2046 oram,
516 1970 812 2036 victoriae
842 1989 988 2034 suae
1021 1969 1339 2053 praemia:
1377 1970 1566 2054 leges
1590 1979 1809 2035 autem
1842 1992 1884 2035 a
1913 1972 2283 2037 victoribus
2315 1971 2475 2049 dici,

280 2070 508 2159 accipi
539 2093 580 2136 a
621 2073 861 2138 victis.e
947 2073 1027 2137 In
1060 2079 1207 2138 utro
1255 2079 1433 2138 statu
1466 2059 1663 2139 ambo
1692 2082 1936 2153 essent,
1970 2074 2030 2140 si
2076 2075 2260 2139 solus
2294 2076 2479 2157 igno-

344 2231 365 2256 θ
399 2224 629 2284 Magnam
652 2223 841 2285 imperii
868 2230 1053 2287 partem
1080 2225 1170 2274 sibi
1191 2238 1445 2288 superesse.

339 2285 376 2330 s
401 2289 608 2337 Darium
629 2288 840 2351 fmilia-eri
860 2306 964 2352 quoe
974 2290 1079 2350 jam
1100 2292 1251 2354 ipsius
1269 2305 1364 2338 non
1383 2296 1554 2340 essent.

343 2362 375 2396 t
412 2352 716 2403 Conditiones
732 2355 864 2416 pacis
883 2371 913 2403 a
931 2356 1192 2405 victoribus
1207 2356 1414 2418 decerni,
1440 2372 1470 2404 a
1492 2356 1629 2406 victis
1650 2356 1904 2419 acceptari.

1173 2479 1186 2483 “
1207 2486 1571 2508 ουὀοοοοοφφ

281 2583 342 2617 ea
371 2581 476 2630 qnoe
501 2565 764 2631 possiderat
789 2566 1006 2616 inanibus
1032 2584 1088 2617 ac
1115 2569 1376 2631 puerilibus
1404 2570 1701 2618 lineamentis
1731 2568 2042 2636 offerret.-—4
2079 2567 2488 2619 Florent..Leid.

282 2634 440 2681 Voss.
465 2637 511 2680 1.
535 2635 583 2681 2.
607 2633 774 2694 Bong.
799 2632 968 2681 Amst.
995 2642 1049 2682 et
1083 2634 1247 2696 Lugd.
1288 2636 1413 2683 inter
1451 2634 1718 2693 angustias.
1786 2634 1932 2682 Leid.
1957 2633 2105 2682 vose.
2132 2639 2176 2682 1.
2201 2637 2249 2681 2.
2275 2639 2329 2681 et
2348 2634 2488 2683 Dan.

285 2702 337 2747 et
361 2698 596 2760 Idaspem
631 2697 753 2746 Ald.
779 2697 947 2746 Colin.
970 2697 1169 2761 Gryph.
1192 2707 1245 2747 et
1270 2701 1381 2748 Cot.
1403 2704 1447 2747 et
1473 2699 1862 2761 Hydaspem—5
1901 2698 2130 2745 Floreat.
2167 2697 2313 2747 Leid.
2339 2698 2489 2746 Voss.

288 2768 338 2827 1.
364 2765 413 2811 2.
438 2762 594 2811 Frob.
615 2762 736 2811 Bas.
776 2762 912 2810 Mer.
936 2762 1048 2813 Col.
1073 2762 1239 2812 Amst.
1264 2772 1316 2812 et
1345 2763 1508 2826 Lugd.
1536 2764 1586 2811 in
1613 2762 1824 2811 Mediam
1839 2778 1858 2819 ;
1892 2763 2010 2810 hinc
2051 2762 2330 2810 Heinsius:
2375 2762 2488 2811 luds

287 2827 525 2878 RIediam.
588 2827 737 2876 VosS.
756 2831 805 2875 2.
840 2828 1041 2876 Batras.
1108 2827 1245 2876 Pith.
1274 2827 1453 2878 Oceani
1472 2830 1667 2876 incolas.
1735 2828 1871 2875 Mer.
1893 2836 1946 2875 et
1973 2827 2089 2875 Am.
2113 2829 2298 2889 quando
2319 2842 2369 2880 se
2389 2827 2491 2875 adi·

287 2898 452 2941 turam
465 2907 483 2949 ,-
521 2892 657 2940 Dan.
680 2898 735 2941 et
758 2891 877 2940 Pal.
904 2897 951 2941 1.
987 2894 1257 2957 quandoque
1277 2894 1546 2949 aditurum;
1582 2894 1746 2953 Bong.
1769 2897 1819 2942 2.
1853 2894 2003 2955 quade
2025 2892 2300 2951 adilarmn5
2321 2892 2489 2955 Bong.

291 2961 339 3005 1.
378 2964 433 3004 et
460 2956 655 3006 Fauch.
691 2957 866 3020 quados
900 2958 1179 3016 adituram3
1214 2956 1402 3009 Sclueff.
1443 2958 1578 3020 conj.
1603 2959 1788 3021 quando
1826 2972 1983 3019 qaoeso
2020 2958 2278 3006 aditurum.
2358 2957 2491 3005 Dan.

288 3021 405 3070 Pal.
424 3026 471 3072 1:
495 3022 647 3070 Voss,
669 3027 714 3070 1.
737 3022 895 3071 Frob.
919 3028 974 3071 et
1000 3022 1109 3072 Col.
1134 3039 1191 3072 ne
1210 3021 1472 3085 Sogdianos
1485 3040 1506 3082 ,·
1540 3024 1706 3085 Bong.
1725 3030 1777 3070 et
1802 3021 1948 3071 Leid.
1969 3037 2028 3070 ne
2048 3024 2291 3071 socdianus
2303 3039 2322 3081 ,·
2356 3022 2494 3073 Mer.

291 3102 353 3135 ne
378 3085 628 3147 Sogliauos
643 3103 661 3144 ,·
695 3087 845 3137 Voss,
869 3090 916 3137 2.
950 3090 1024 3137 vel
1045 3087 1295 3137 Sodianas.
1364 3089 1509 3138 Leid.
1532 3087 1684 3137 Voss.
1711 3092 1757 3138 l.
1783 3088 1917 3137 Dan.
1944 3087 2058 3136 Pal.
2085 3092 2131 3136 1.
2154 3089 2276 3136 Bas.
2301 3094 2354 3135 et
2380 3088 2493 3135 Col.

291 3152 556 3207 nominem5
590 3152 738 3200 Voss.
758 3156 806 3201 2.
839 3153 1041 3211 nomine,
1064 3160 1118 3201 et
1142 3154 1191 3201 in
1218 3168 1377 3216 marg.
1402 3153 1582 3202 eadem
1606 3167 1760 3202 manu
1777 3160 2069 3202 correctum
2093 3152 2294 3201 nornina.
2360 3151 2495 3200 Dan.

297 3216 413 3264 Pal.
441 3221 488 3266 1.
511 3215 659 3265 Leid.
679 3218 830 3266 Voss.
856 3222 903 3266 1.
925 3221 975 3266 2.
1001 3219 1123 3267 Bas,
1149 3219 1285 3269 Mer.
1309 3227 1363 3267 et
1389 3220 1500 3267 Col.
1523 3219 1769 3268 omittunt
1806 3222 1990 3267 tantum
2009 3222 2157 3268 notos.
2227 3216 2365 3266 Pith.
2402 3217 2492 3266 Ta-

291 3281 403 3330 nati
435 3280 789 3346 impertinentes
798 3297 819 3339 ;
854 3282 998 3331 Leid.
1034 3283 1255 3333 Tanaitin
1277 3282 1677 3347 pertinentes-6
1712 3284 1943 3331 Florent.
1966 3282 2110 3330 Leid.
2129 3282 2242 3331 Pal.
2266 3286 2312 3330 1.
2339 3281 2496 3330 Frob.⁴

299 3348 423 3395 Bas.
448 3355 503 3395 et
526 3346 661 3395 Mer.
685 3361 735 3395 ss
756 3361 857 3396 esse
878 3352 1232 3415 ventumm.5-7
1266 3348 1542 3397 Alexander
1561 3348 1624 3395 iis
1644 3348 1725 3410 qui
1741 3347 1888 3395 Leid.
1913 3349 1967 3395 et
1985 3347 2134 3395 Voss.
2151 3352 2198 3396 1.
2232 3346 2294 3394 A.
2318 3346 2394 3393 his
2415 3346 2495 3408 qui

299 3411 533 3460 Floreut.
562 3412 743 3460 Colon.
770 3416 917 3461 1679.
955 3413 1121 3475 Lugd.
1163 3417 1305 3462 1584.
1342 3417 1485 3462 1588.
1528 3416 1672 3462 1591.
1713 3419 1769 3461 et
1807 3413 1976 3461 Amst.
2009 3415 2152 3460 1621.
2179 3414 2495 3459 1628.1629.

298 3478 364 3525 Δ.
384 3476 573 3525 εἰσᾰῑὶἰε
604 3476 685 3538 qui
720 3476 1054 3539 conjectabat
1089 3477 1528 3541 Snakenburgius.
1597 3478 1830 3526 Florem.
1858 3476 2004 3525 Leid.
2030 3484 2083 3522 et
2108 3477 2274 3538 Bong.
2308 3479 2356 3523 et
2376 3476 2498 3538 quod

300 3547 486 3598 totunm
516 3542 667 3591 Voss·
691 3545 739 3591 1.
775 3556 827 3590 eo
862 3544 1000 3605 quod.
1067 3544 1193 3591 Mox
1235 3542 1375 3596 Pith.
1417 3542 1614 3592 omittit
1648 3542 1739 3590 sibi
1781 3544 1906 3591 dari.
1992 3540 2220 3589 Florent.
2261 3540 2407 3589 Leid.
2443 3547 2499 3589 et

303 3605 457 3656 Voss».
482 3610 528 3655 1.
546 3610 596 3655 2.
633 3606 807 3665 Ionas;
843 3607 979 3657 Mer.
1004 3607 1123 3657 Bas.
1147 3615 1200 3656 et
1224 3608 1335 3657 Col.
1361 3608 1569 3657 Ionidas.
1618 3607 1765 3656 Voss.
1785 3610 1834 3656 2.
1861 3605 2103 3666 Helidem,
2126 3620 2220 3668 pro
2242 3604 2495 3653 AEolidem.

304 3671 452 3721 Leid.
486 3672 568 3721 An
588 3674 641 3720 in
662 3676 787 3720 utro.
849 3672 1066 3723 Theocr.
1099 3673 1161 3723 In
1182 3679 1291 3723 utro
1322 3677 1455 3722 statu
1474 3678 1616 3735 esset,
1633 3673 1820 3721 omisso
1841 3672 1991 3746 amaa.
2061 3671 2176 3720 Pal.
2203 3674 2250 3718 1.
2284 3669 2498 3718 sisoium

1287 3802 1503 3856 NOTAE

375 3910 397 3935 0
430 3901 495 3949 In
515 3899 771 3963 angustiis]
804 3892 1077 3952 Quomodo
1110 3916 1277 3966 nuper
1310 3901 1363 3950 in
1446 3905 1495 3949 8.
1548 3898 1821 3964 Hydaspes
1845 3897 2083 3949 libfvur.
2107 3912 2219 3961 cap.
2242 3903 2323 3949 14.

308 3978 494 4029 Cilicis
538 3978 888 4042 deprehensus
934 3979 1001 4029 ab
1044 3980 1366 4043 Alexandro,
1513 3981 1537 4009 e
1573 3976 1667 4025 Ubi
1690 3976 2043 4025 erubescendum
2070 3975 2157 4039 sit]
2181 3974 2502 4031 Alexandro-

311 4069 418 4105 non
450 4055 562 4119 ejus
583 4053 905 4118 fortitudine,
924 4055 1017 4105 sed
1051 4057 1150 4106 loci
1180 4069 1367 4121 oppor·
1512 4052 1534 4084 f
1549 4053 1785 4116 Mediam]
1810 4054 1941 4102 Haec
1962 4053 2132 4102 omnia
2153 4054 2260 4103 sive
2281 4053 2503 4115 urbium,

315 4132 541 4182 tunitate
563 4132 727 4182 victus
747 4139 903 4182 esset.
1449 4129 1558 4179 sive
1581 4130 1852 4192 regionum
1876 4130 2099 4191 nomina,
2117 4144 2230 4193 quae
2248 4129 2300 4177 in
2316 4129 2506 4178 utrius-

382 4206 408 4241 ὁ
430 4209 727 4271 Euphraten]
754 4209 1041 4272 Euphrates
1065 4210 1155 4260 lib.
1176 4223 1229 4258 v.
1251 4222 1367 4272 cap.
1449 4221 1552 4272 que
1573 4207 1708 4271 regis
1730 4206 1892 4255 literis
1915 4214 2216 4269 occurrunt,
2239 4206 2343 4256 suis
2367 4220 2507 4272 qnae-

316 4291 374 4336 1.
405 4285 582 4350 Tigris,
605 4284 816 4349 ibidem,
835 4284 1035 4336 Araxes
1059 4285 1149 4336 lib.
1173 4300 1227 4336 ν.
1252 4299 1368 4348 cap.
1452 4297 1551 4350 que
1573 4284 1699 4333 locis
1721 4283 2046 4334 exhibentur.
