2978 4933
503 354 633 422 246

504 518 758 600 majore
787 518 1170 582 locaverant
1213 517 1468 600 patria:
1500 524 1520 550 ⁵
1562 518 1920 601 multisque
1951 518 2107 583 aliis
2136 518 2380 603 spoliis
2410 519 2699 598 urbium,

506 641 547 683 a
577 626 785 701 semet
826 628 1198 705 captarum,
1229 641 1361 685 non
1410 620 1878 707 Carthaginem
1931 622 2169 705 magist,
2201 641 2405 706 quam
2437 622 2697 705 Tyrum

503 730 909 788 ornaverant.
995 724 1100 789 ⁶23.
1119 725 1399 789 Sacrum
1423 744 1714 808 quoque,
1734 723 1916 807 quod
1943 724 2213 807 quidem
2241 724 2392 788 Diis
2419 725 2698 788 minime

504 826 687 889 cordi
707 846 862 891 esse
887 827 1302 904 crediderim,
1326 826 1557 890 multis
1579 827 1854 891 saeculis
1877 827 2323 891 intermissum
2342 826 2701 909 repetendi

501 936 809 993 auctores
831 931 1104 1014 quidam
1135 940 1343 1007 erant,
1371 935 1391 963 ‘
1414 937 1489 993 ut
1506 941 1527 967 ⁸
1555 931 1881 1012 ingenuus
1919 948 2086 1014 puer
2115 930 2396 995 Saturno
2413 929 2433 963 t
2460 931 2704 993 immo-

500 1032 752 1096 laretur
776 1033 814 1098 :’
861 1034 1048 1118 quod
1097 1034 1522 1116 sacrilegium
1572 1035 1826 1110 verius,
1856 1053 2062 1117 quam
2090 1053 2378 1109 sacrum,
2412 1030 2703 1096 Cartha-

503 1135 806 1216 ginenses
838 1157 879 1200 a
897 1136 1354 1202 conditoribus
1387 1137 1734 1214 traditum,
1750 1157 1970 1221 usque
1992 1136 2076 1200 ad
2099 1135 2443 1201 excidium
2459 1141 2487 1168 ¹¹
2511 1135 2704 1198 urbis

503 1256 648 1302 suae
674 1239 921 1306 secisse
952 1240 1301 1306 dicuntur:
1346 1261 1427 1306 ac
1449 1241 1578 1305 nisi
1597 1241 1908 1305 Seniores
1939 1240 2381 1315 obstitissent,
2413 1256 2703 1321 quorum

503 1341 788 1406 consilio
838 1349 1085 1407 cuncta
1160 1343 1549 1425 agebantur,
1595 1343 2073 1409 humanitatem
2111 1342 2258 1406 dira
2306 1340 2703 1424 superstitio

500 1443 800 1509 vicisset.
888 1445 999 1510 24.
1029 1444 1358 1521 Ceterum,
1389 1446 1727 1510 efficacior
1757 1448 1935 1510 omni
1968 1453 2107 1509 arte
2138 1442 2555 1528 [imminens]
2585 1461 2704 1506 ne·

502 1549 792 1611 cessitas
842 1567 975 1612 non
1022 1550 1274 1613 usitata
1324 1548 1524 1612 modo
1576 1548 1921 1632 praesidia,
1971 1548 2092 1612 sed
2142 1546 2453 1630 quaedam
2485 1546 2705 1610 etiam

500 1667 682 1713 nova
713 1649 1054 1714 admovit!
1142 1650 1458 1734 Namque
1492 1650 1579 1714 ad
1609 1650 2021 1733 implicanda
2039 1649 2332 1730 navigia,
2366 1668 2521 1732 quae
2554 1669 2705 1714 rnu-

501 1771 613 1816 ros
656 1753 1026 1827 subibant,·‘
1075 1754 1318 1817 validis
1371 1754 1715 1819 asseribus
1769 1772 2006 1817 corvos
2056 1760 2125 1818 et
2163 1753 2407 1817 ferreas
2456 1771 2704 1817 manus

501 1857 681 1937 [cum
713 1856 902 1921 uncis
933 1876 1015 1921 ac
1044 1855 1851 1947 falcibus]·illigayerant;
1895 1863 1997 1932 ut,
2029 1875 2183 1920 cum
2233 1861 2561 1919 tormento
2596 1875 2706 1920 as-

966 376 1030 434 Q.
1078 370 1340 421 cuam
1393 348 1572 421 ‘num
1625 373 1768 419 mn.
1815 374 1916 421 ιν.
1964 376 2130 423 cAP.
2173 359 2235 424 3.

565 2026 585 2050 ⁸
622 2018 827 2073 Quidam
849 2021 1106 2070 suadebant
1122 2035 1346 2071 renotare
1366 2018 1668 2082 sacrificium,
1693 2019 1831 2081 quod,
1849 2020 1930 2081 ⁸5⁰·

567 2085 582 2114 ί
618 2084 731 2132 Non
753 2088 884 2133 modo
906 2093 1127 2136 consueta
1145 2084 1536 2151 propugnationis
1571 2083 1858 2145 adiumenta,
1898 2085 1979 2132 sed
2012 2083 2164 2132 'etiam
2194 2096 2289 2131 non
2324 2082 2504 2131 usitata
2542 2080 2708 2144 aliqua

499 2152 1048 2279 Ὕφέῗεῖΐξζῖἰὲηάαε
1061 2231 1202 2264 naves
1222 2230 1324 2279 quoe
1340 2216 1489 2263 muris
1509 2212 1959 2277 appropinquabant.

1401 2343 1556 2363 Μ

503 2437 643 2489 Mer.
682 2446 1119 2493 ornantium—28
1153 2444 1365 2493 Theocr.
1402 2442 1546 2493 Leid.
1581 2442 1751 2505 Bong.
1789 2441 2019 2491 Floreut.
2063 2446 2119 2490 et
2157 2441 2296 2491 Mer.
2333 2442 2457 2504 quod
2494 2441 2711 2505 equidem

502 2504 635 2552 Diis.
674 2505 810 2555 Dan.
833 2513 1063 2569 repetens,
1084 2518 1137 2558 et
1174 2510 1237 2557 ab
1272 2510 1338 2557 ai.
1371 2523 1437 2558 rn.
1459 2516 1751 2558 correctum
1786 2512 2084 2569 repetentem
2120 2507 2349 2555 Floreut.
2383 2507 2529 2554 Leid.
2554 2507 2705 2556 Voss.

501 2571 551 2617 2.
588 2575 642 2618 et
672 2570 809 2620 Mer.
833 2579 1106 2635 repetentes.
1163 2576 1297 2624 Dan.
1321 2574 1471 2623 Leid.
1494 2582 1549 2623 et
1568 2574 1715 2622 Voss.
1743 2577 1789 2620 1.
1829 2571 2286 2632 Carthaginiensem
2319 2572 2559 2621 Florent.
2590 2573 2712 2620 Car·

499 2633 830 2695 {bugini-ensis.
897 2638 1010 2687 Pal.
1044 2645 1084 2688 Ι.
1107 2645 1162 2688 at
1193 2641 1286 2688 nisi
1319 2640 1684 2688 &aierem—24
1721 2639 1938 2686 Ceterum
1969 2637 2170 2702 efficacia
2191 2637 2341 2685 Voss.
2379 2642 2424 2685 1.
2462 2636 2596 2685 omni
2629 2653 2708 2685 m·

500 2699 631 2747 tione
661 2702 880 2751 Theocr.
910 2705 1072 2753 amani
1094 2711 1198 2754 arte
1230 2705 1373 2754 Leid.
1406 2705 1656 2754 imminens
1680 2718 1780 2753 non
1806 2703 2024 2750 habetur
2045 2703 2096 2751 in
2125 2702 2350 2751 Florent.
2378 2701 2532 2751 Leid.
2552 2702 2708 2751 Voss·

501 2766 548 2810 1.
573 2768 621 2811 2.
647 2767 812 2829 Bong.
852 2777 906 2818 et
945 2771 1080 2819 Mer.
1148 2771 1280 2819 Vide
1323 2773 1444 2820 Not.
1478 2771 1600 2820 Var.
1642 2771 1834 2832 Vuigg.
1872 2767 2150 2825 admonium
2199 2782 2293 2830 pro
2330 2781 2429 2829 quo
2466 2767 2706 2817 Floreut.

501 2828 719 2878 Theocr.
745 2832 894 2881 Leid.
921 2834 1072 2883 Voss.
1100 2839 1145 2884 l.
1165 2841 1213 2884 2.
1247 2844 1300 2885 et
1326 2837 1597 2899 pleraeque
1617 2834 1737 2883 edd.
1761 2834 1987 2891 admovit,
2005 2832 2138 2896 quod
2161 2832 2360 2895 recepit
2376 2831 2703 2881 Schmieder.

500 2892 628 2940 Mox
655 2896 795 2944 Dan.
818 2907 870 2945 et
895 2899 1009 2949 Pal.
1034 2905 1079 2948 l.
1102 2902 1379 2949 omittunt:
1412 2915 1574 2948 corvos
1593 2904 1637 2948 et
1650 2899 1843 2959 ser-reus
1863 2913 2064 2955 manum
2101 2898 2267 2960 Bong.
2287 2898 2524 2947 Floreut.
2554 2897 2705 2947 Leia.

498 2964 554 3005 et
578 2958 729 3009 Voss.
753 2966 800 3010 2.
822 2964 978 3012 etiam
1002 2967 1308 3030 sequentia:
1341 2980 1446 3013 cum
1462 2965 1596 3013 uncis
1618 2963 1914 3023 ansata-ibus.
1978 2962 2114 3034 Aliae
2136 2962 2253 3012 edd.
2277 2963 2507 3014 habentz
2541 2977 2733 3012 cernor

1486 3095 1699 3146 NOTAE

497 3202 602 3250 rint
623 3215 878 3268 nunquam
898 3221 913 3266 ς
948 3206 1105 3272 forte,
1128 3209 1262 3273 quod
1288 3224 1352 3258 ex
1369 3210 1553 3259 subur-

495 3279 632 3327 bano
671 3281 844 3346 aliquo
887 3284 1318 3347 Syracusanorum
1358 3287 1555 3350 templo

497 3357 751 3407 sublatum
774 3361 860 3422 sit,
894 3362 944 3410 id
984 3364 1253 3424 Syracusis
1278 3364 1552 3415 advectum

496 3434 725 3486 dixerit:
760 3438 848 3487 sed
874 3440 1198 3490 verisimilius
1221 3443 1358 3505 qrrod
1391 3442 1555 3493 habet

496 3508 779 3574 Diodorus,
806 3512 985 3565 Gelois
1008 3516 1060 3565 id
1090 3518 1416 3567 simulacrum
1439 3532 1554 3568 esse

492 3594 751 3649 ereptum.

558 3669 577 3695 ⁸
610 3664 798 3727 Μῄονα
826 3669 1010 3733 patria]
1045 3670 1199 3734 Tyro,
1220 3684 1371 3736 quam
1407 3671 1553 3722 veiut

492 3738 635 3789 urbis
658 3756 765 3792 suae
782 3753 1048 3808 parentem
1073 3750 1442 3812 agnoscebant,
1460 3767 1550 3811 μη-

492 3815 732 3879 effu-om.

556 3895 575 3925 θ
607 3894 836 3959 Saturno]
884 3899 1001 3949 Hoc
1045 3900 1170 3949 illud
1209 3910 1292 3950 est
1334 3903 1549 3967 impium

495 3972 733 4021 sacrificii
766 3989 943 4039 genus,
970 3978 1110 4041 quod
1150 3992 1251 4028 non
1276 3980 1550 4044 Carthagi-

491 4046 694 4096 nienses
723 4050 872 4098 modo
897 4066 926 4099 a
957 4053 1134 4115 Tyriis
1169 4063 1439 4117 acceptum
1463 4071 1551 4105 co-

488 4123 655 4187 luere,
685 4124 775 4172 sed
811 4126 910 4188 ipsi
941 4142 1141 4192 quoque
1174 4130 1429 4181 Israelitoe
1455 4147 1553 4195 per

490 4214 740 4249 summum
754 4201 898 4252 nefas
915 4215 1226 4267 usurparunt
1244 4224 1258 4268 ;
1281 4211 1376 4258 hoc
1391 4210 1549 4259 etiam

492 4277 558 4327 ad
581 4279 944 4332 crudelitatem
970 4282 1167 4348 addito,
1189 4291 1246 4335 ut
1279 4300 1396 4337 suos
1421 4287 1549 4337 iibe-

1634 3222 1736 3272 ros,
1772 3209 1901 3257 uluis
1941 3205 2282 3257 candentibus
2314 3205 2451 3253 Idoli
2488 3206 2704 3256 Molocii

1632 3285 1932 3349 (Saturnum
1954 3283 2114 3334 fuisse
2139 3282 2344 3348 quidam
2368 3282 2586 3347 putant)
2611 3287 2703 3333 im-

1636 3365 1851 3429 positos,
1893 3363 2102 3412 immani
2142 3362 2372 3412 cruciatu
2418 3369 2704 3423 torrerent,

1636 3440 2060 3506 obstrepentibus
2095 3441 2296 3490 intere·
2327 3441 2612 3503 tympanis,
2635 3452 2701 3487 ne

1634 3506 1951 3569 miserorum'
1973 3517 2244 3567 infantium
2279 3518 2456 3580 vagitu
2494 3517 2704 3567 barbari

1634 3606 1877 3660 parentes
1902 3602 2250 3664 moverentur.

1697 3682 1720 3708 ¹¹
1751 3674 1834 3723 Aa
1864 3671 2044 3733 excid]
2079 3673 2193 3721 Nec
2229 3670 2292 3719 ad
2328 3669 2589 3720 excidium
2616 3685 2698 3720 so-

1629 3751 1735 3799 lum
1752 3766 1767 3811 ;
1784 3765 1901 3799 nam
1916 3750 2158 3799 restituta
2175 3748 2492 3811 Cartbagine
2511 3748 2696 3797 endem

1630 3826 1870 3890 impietas
1893 3827 2147 3890 repetita3
2171 3839 2319 3890 quam
2336 3825 2576 3873 Tiberius
2590 3819 2697 3873 Im·

1634 3916 1745 3967 per.
1772 3905 1884 3967 iege
1910 3903 2156 3953 coercuit.
2193 3903 2439 3951 Ceterum
2457 3901 2693 3949 humanis

1629 3979 1810 4030 hostiis
1832 3980 2008 4030 facere
2033 3980 2387 4043 plurimarum,
2411 3979 2562 4034 immo
2584 3991 2694 4025 om·

1632 4057 1770 4106 nium
1797 4072 1956 4121 prope
1985 4056 2215 4120 gentium
2240 4069 2509 4105 commune
2531 4055 2693 4102 sacri-

1628 4134 1820 4198 legium
1837 4133 1960 4195 fuit,
1980 4134 2078 4183 etsi
2098 4147 2196 4183 non
2220 4132 2437 4197 perinde
2457 4131 2693 4182 omnibus

1628 4209 2032 4278 frequentatum.
