2978 4933
762 423 1026 475 surm..
1074 424 1156 473 m
1206 424 1275 485 o.
1321 423 1669 473 cunnum
1723 424 1869 472 1213.
1917 423 1964 474 1.
2333 409 2461 478 101

280 568 432 650 quod
459 569 658 631 multis
686 567 834 630 locis
861 569 957 630 vix
992 581 1312 650 quaternos
1358 579 1616 630 armatos
1654 580 1932 649 caperet:
1975 568 2262 630 montium
2293 569 2460 651 jugis

278 668 463 729 Clitus
490 677 669 748 atque
696 668 979 728 Glaucias
1010 668 1445 747 sagittariorum
1487 678 1549 730 et
1586 666 1952 750 funditorum
1995 667 2269 727 cohortes
2298 688 2468 749 mag-

277 785 521 847 namque
574 766 767 848 gravis
819 776 1134 826 armaturae
1188 785 1429 826 manum
1475 766 1897 846 imposuerant.
1983 767 2084 824 24.
2128 765 2468 828 Alexander

278 863 543 925 ducentis
572 866 865 945 equitibus
895 876 1034 941 ante
1075 875 1386 946 utrumque
1414 864 1732 945 phalangis
1776 882 1962 925 cornu
1991 862 2321 937 collocatis,
2358 864 2466 923 im-

275 972 437 1042 perat
474 970 493 999 ‘
521 975 589 1024 ut
630 965 925 1044 erigerent
967 963 1208 1030 hastas;
1249 982 1388 1023 mox
1434 961 1609 1041 signo
1651 961 1795 1022 dato
1836 980 2038 1022 versus
2087 960 2293 1021 hostes
2336 976 2470 1022 tan-

278 1079 447 1140 quam
487 1061 773 1142 impetum
812 1060 1050 1135 facturi,
1096 1059 1342 1120 infestas
1387 1058 1831 1139 protenderent,
1872 1056 2050 1118 modo
2077 1057 2140 1116 in
2169 1057 2467 1133 dextrum,

275 1158 445 1219 modo
470 1159 531 1218 in
556 1159 858 1220 sinistrum
879 1158 1038 1220 latus
1059 1158 1308 1233 invicem
1331 1156 1648 1218 conversi?
1728 1159 1828 1218 25.
1861 1155 2182 1235 Suspensis
2211 1175 2282 1216 eo
2309 1176 2470 1217 com-

275 1264 467 1315 mento
519 1256 816 1328 hostibus,
869 1256 1225 1337 phalangem
1277 1255 1494 1337 raptim
1541 1271 1916 1340 progressam
1959 1272 2119 1314 nunc
2163 1253 2224 1313 in
2270 1253 2469 1334 plures

275 1352 426 1412 acies
454 1352 704 1427 diducit,
732 1372 892 1414 nunc
922 1352 1176 1414 divisam
1203 1352 1429 1434 colligit
1446 1373 1488 1422 3·
1511 1352 1590 1413 ad
1629 1361 1952 1413 extremum
1974 1369 2171 1413 ‚cuneo
2201 1351 2382 1425 facto,
2410 1353 2470 1411 in

175 1480 178 1489 ·
278 1449 421 1511 laeva
446 1450 779 1532 Illyriorum
817 1451 1097 1534 praesidia
1135 1462 1373 1512 strenue
1402 1451 1598 1512 infert.
1636 1498 1642 1504 .
1684 1451 1786 1512 26.
1831 1449 1926 1509 Illi
1954 1449 2252 1511 celeritate
2280 1458 2341 1509 et
2364 1468 2471 1528 pe·

276 1546 401 1607 ritia
429 1549 831 1610 Macedonum
861 1550 923 1608 in
954 1559 1254 1628 stuporem
1284 1550 1458 1619 versi,
1492 1547 1741 1609 desertis
1771 1566 1923 1627 quos
1950 1556 2266 1607 tenuerant
2300 1566 2472 1607 mon-

275 1643 447 1718 tibus,
491 1665 700 1706 versus
737 1647 951 1706 urbem
1004 1646 1368 1726 refugerunt.
1452 1647 1554 1708 27.
1599 1644 1783 1707 Pauci
1830 1645 2169 1706 restiterant
2207 1645 2270 1704 in
2312 1643 2473 1704 edito

275 1740 444 1814 colle,
469 1743 737 1822 quaejam
768 1744 1081 1803 transierat
1111 1742 1513 1804 Macedonum
1541 1760 1794 1822 agmen:
1831 1741 1901 1802 iis
1927 1741 2195 1822 dejectis,
2218 1740 2474 1801 Alexan-

275 1838 373 1898 der
399 1838 634 1900 duobus
674 1839 795 1899 fere
837 1839 1095 1900 millibus
1129 1842 1519 1920 Agrianorum
1565 1841 2118 1922 sagittariorumque
2147 1839 2343 1901 locum
2369 1857 2470 1899 ca·
2543 1897 2547 1901 ,

277 1937 388 2015 pit:
431 1936 735 2017 phalangi,
783 1956 962 2017 quam
1005 1938 1225 1998 flumen
1260 1936 1662 1998 transmittere
1694 1935 1972 2017 jusserat,
2007 1936 2284 2017 praesidio
2313 1935 2475 1995 futu-

274 2052 387 2093 rus.
432 2037 572 2111 >283
620 2035 709 2094 Ea
756 2055 818 2095 re
863 2044 1209 2114 conspecta,
1241 2033 1517 2094 universa
1566 2033 1822 2094 hostium
1870 2032 2191 2094 multitudo
2234 2032 2345 2092 iter
2396 2031 2470 2090 ad

274 2141 493 2192 montes
522 2131 807 2212 arripuit;
850 2152 923 2193 eo
967 2130 1243 2205 consilio,
1271 2140 1339 2190 ut
1383 2129 1705 2210 transjecta
1743 2129 1906 2209 gravi
1936 2139 2251 2200 armatura,
2280 2138 2472 2193 extre·

201 2240 202 2243 ’
275 2246 423 2288 mum
449 2248 690 2309 agmen,
736 2230 797 2288 in
841 2249 960 2309 quo
1005 2229 1134 2309 ipse
1178 2248 1282 2289 rex
1326 2228 1684 2288 transiturus
1725 2238 1873 2302 erat,
1902 2226 2286 2288 adorirentur.
2370 2228 2473 2286 29.

277 2324 395 2401 Ille,
423 2327 571 2386 nihil
601 2327 858 2401 territus,
881 2326 1184 2388 venientes
1213 2327 1437 2388 fortiter
1463 2327 1716 2407 excipit:
1751 2326 1926 2388 simul
1952 2325 2215 2406 phalanx
2238 2323 2473 2385 sublato

274 2423 538 2498 clamore,
569 2425 741 2506 quasi
770 2425 983 2488 iterum
1011 2426 1365 2488 transmisso
1395 2445 1570 2488 amne
1599 2424 1868 2488 subsidio
1895 2425 2022 2486 suis
2050 2412 2473 2497 itura,'metum

272 2522 513 2585 ‘incussit
541 2524 741 2585 hosti:
789 2527 886 2586 30.
919 2544 1058 2585 nam
1087 2545 1189 2585 rex
1221 2535 1710 2605 quoeevenerunt
1735 2524 1935 2586 futura
1961 2533 2146 2596 ratus,
2174 2540 2473 2603 praecepe-

276 2630 378 2693 rat,
402 2629 471 2681 ut
496 2623 559 2681 in
591 2622 900 2683 adversam
929 2621 1116 2703 ripam
1146 2621 1329 2683 delati
1368 2624 1571 2684 statim
1618 2622 1804 2682 aciem
1840 2621 2216 2690 instruerent,
2258 2618 2473 2678 loevum

276 2733 468 2791 cornu,
495 2717 661 2799 quod
689 2737 726 2778 a
753 2719 992 2780 flumine
1016 2720 1407 2798 hostibusque
1433 2718 1679 2799 propius
1703 2718 1927 2791 aberat,
1951 2717 2011 2775 in
2036 2714 2293 2795 speciem
2320 2714 2477 2775 mul-

275 2816 534 2877 titudinis
589 2811 875 2897 'quantum
923 2827 1176 2898 possent
1223 2815 1611 2896 explicantes.
1664 2816 1908 2895 .Itaque
1954 2834 2090 2875 curn
2135 2798 2474 2876 universum

277 2914 586 2975 exercitum
623 2916 959 2976 incumbere
990 2915 1102 2976 sibi
1131 2926 1408 2995 putarent
1434 2913 1752 2986 Taulantii,
1779 2911 2082 2994 paulisper
2116 2921 2474 2972 retrocesse-

274 3021 425 3072 runt.
511 3014 612 3071 31.
657 3012 740 3090 Id·
772 3012 1028 3093 spatium
1076 3014 1288 3074 nactus
1335 3010 1699 3085 Alexander,
1729 3029 1872 3071 suos
1901 3008 2116 3090 raptim
2143 3006 2221 3068 ad
2250 3007 2475 3071 flumen

277 3107 468 3170 ducit:
511 3128 636 3189 quo
680 3109 782 3169 ubi
829 3120 1073 3170 ventum
1119 3120 1232 3183 est,
1275 3110 1408 3189 ipse
1444 3110 1598 3169 inter
1637 3108 1859 3189 primos
1904 3099 2371 3186 transgreditur;
2414 3114 2478 3167 et

277 3224 403 3266 cum
430 3227 560 3281 eos,
591 3208 690 3286 qui
720 3227 931 3288 agmen
962 3208 1346 3282 claudebant,
1386 3227 1658 3269 reversus
1684 3206 1876 3268 hostis
1901 3213 2159 3285 urgeret,
2184 3201 2476 3263 machinis

277 3301 590 3383 dispositis,
623 3324 760 3383 quae
787 3314 950 3364 trans
996 3323 1229 3366 amnem
1266 3305 1518 3366 missilia
1557 3312 1927 3385 spargerent,
1953 3321 2089 3362 eum
2122 3302 2475 3362 summovit:

279 3398 589 3481 simul‘qui
620 3401 748 3481 jam
790 3401 1041 3481 ingressi
1078 3401 1299 3463 flumen
1345 3412 1534 3475 erant,
1575 3421 1609 3462 e
1659 3400 1873 3461 mediis
1917 3397 2089 3478 aquis
2125 3396 2249 3457 tela
2275 3396 2475 3476 conje-

279 3513 440 3556 cere:
477 3498 570 3558 ita
616 3498 848 3560 nemine
898 3498 1236 3559 desiderato
1284 3508 1549 3560 ceterum
1595 3497 1706 3557 iter
1746 3497 2013 3578 quietum
2060 3493 2290 3555 habuit.
2342 3496 2474 3553 .32.
2532 3515 2537 3518 Α

279 3590 555 3656 Triduum
585 3594 1033 3665 intercesserat:
1078 3616 1215 3657 cum
1259 3601 1277 3632 ‘
1302 3596 1509 3657 hostes
1549 3605 1835 3674 tanquam
1885 3593 2094 3673 fugato
2143 3590 2477 3651 Macedone

279 3699 430 3751 metu
482 3712 727 3768 vacuos,
769 3695 993 3773 passim
1042 3694 1209 3755 nullo
1254 3694 1467 3756 ordine
1513 3692 1776 3766 tendere,
1823 3711 2018 3771 neque
2055 3708 2216 3749 more
2242 3685 2477 3746 militari

279 3787 492 3849 vallum
542 3791 858 3862 fossamve,
889 3810 997 3873 pro
1038 3792 1249 3853 castris
1291 3792 1532 3865 habere,
1561 3809 1769 3870 neque
1819 3788 2051 3867 vigilias
2091 3795 2153 3846 et
2189 3783 2477 3846 stationes

281 3884 465 3947 obire'
503 3887 826 3949 nuntiatur.
883 3890 1009 3948 -33,
1055 3888 1242 3969 Igitur
1279 3888 1573 3950 assumtis.
1599 3884 1919 3965 sagittariis
1959 3883 2375 3963 Agrianisque,
2418 3891 2480 3942 et

281 4000 350 4041 ea
377 3982 773 4046 Macedonum
820 3984 1069 4046 militum
1116 4006 1317 4061 manu,
1369 4005 1549 4068 quam
1595 3981 1914 4045 Perdiccas
1945 3992 2006 4043 et
2034 3981 2255 4042 Coenos
2299 3979 2479 4041 duce-

281 4079 441 4154 bant,
472 4092 653 4143 noctu
683 4092 959 4163 superato
988 4082 1250 4160 flumine,
1291 4085 1560 4147 celeriter
1604 4082 1681 4144 ad
1718 4101 1822 4143 eos
1866 4079 2208 4148 contendit;
2252 4077 2481 4157 reliquo

285 4178 531 4241 exercitu
562 4180 729 4261 sequi
761 4179 966 4259 jusso:
1013 4183 1114 4241 34.
1158 4202 1268 4244 nec
1314 4175 1629 4263 expectato
1675 4199 1769 4255 eo,
1807 4199 1882 4240 ne
1913 4178 2288 4241 occasionem
2314 4193 2479 4235 mora

286 4289 669 4353 consumeret,
721 4276 866 4338 levis
926 4289 1239 4341 armaturae
1294 4280 1538 4343 militem
1586 4277 1927 4361 praemittit:
1973 4296 2123 4339 mox.
2163 4274 2290 4357 ipse
2340 4292 2477 4338 cum
