2978 4933
479 396 567 462 46
1298 410 1861 460 PROLEGOMENA

475 556 543 621 τὸ
588 552 728 632 ἦθος,
779 550 1309 636 ἀναλαμβάνουσιν,
1354 554 1655 641 ἃλάχιστα
1684 562 1794 620 τῶν
1822 562 2027 620 λοιπῶν
2064 565 2246 647 μερῶν
2280 558 2678 645 &ponzan-25.

482 654 675 733 Οὕτως
700 660 829 739 ἡμῖν
849 654 1028 722 δοτέον
1054 662 1128 733 εἰς
1156 662 1234 722 τοὶ
1260 663 1358 736 τῆς
1387 658 1586 746 ψυχῆς
1628 662 1839 742 σημεῖα
1865 663 2093 742 μᾶλλον
2137 660 2429 742 ἐνδύεσθαι,
2459 661 2559 727 καὶ
2588 664 2679 728 διὰ

475 760 688 829 τούτων
716 763 989 827 εἰδοποιεῖν
1031 765 1126 827 τὸν
1171 759 1419 827 δκοίστου
1453 761 1599 844 βίον,
1643 759 1927 840 ἐάσαντας
1960 762 2163 852 ἑτέροις
2204 768 2285 831 τοὶ
2324 762 2529 853 μεγέθη
2574 766 2675 830 καὶ

478 862 609 940 τούς
638 869 888 952 ἀγῶνας.
2657 946 2666 951 Α

568 989 636 1038 ν.
661 971 880 1036 Etiam
905 971 989 1035 de
1010 971 1191 1055 stylo
1215 970 1434 1036 Curtii
1450 956 1635 1036 ‘docti
1649 970 1925 1056 judices
1951 971 2368 1038 dissentiunt.
2461 971 2682 1036 Nemo

479 1087 704 1142 tamen
742 1075 902 1152 suit,
949 1075 1068 1158 qui
1123 1076 1519 1157 elegantiam
1553 1075 1881 1138 sermonis
1909 1081 1976 1140 et
2000 1074 2389 1139 facultatem
2419 1061 2694 1138 dicendi-

477 1199 611 1244 non
642 1187 829 1244 esset
853 1179 1130 1243 miratus
1157 1200 1175 1259 3
1218 1184 1287 1242 et
1314 1178 1434 1261 qui
1462 1177 1651 1241 illum
1682 1178 2196 1259 castigaverunt,
2224 1178 2426 1242 nimia
2453 1178 2690 1261 potius

478 1282 922 1347 concinnitate
948 1289 1017 1346 et
1043 1282 1433 1359 festivitate,
1455 1301 1660 1364 quam
1693 1281 2006 1359 duritate,
2034 1284 2101 1344 et
2128 1281 2329 1364 quasi
2355 1281 2689 1344 moestitia

476 1385 799 1450 orationis
843 1383 1079 1449 offensi
1124 1391 1318 1450 sunt:
1381 1393 1593 1469 atque
1634 1384 1788 1468 ipse
1834 1384 2142 1450 Clericus
2187 1383 2557 1461 confitetur,
2604 1404 2679 1448 se

473 1488 766 1552 lectione
792 1486 1008 1552 Curtii
1053 1489 1343 1552 maxime
1389 1508 1543 1553 esse
1589 1487 2028 1553 delectatum.
2107 1492 2129 1522 ‘
2161 1486 2412 1552 Rerum
2460 1494 2682 1570 gesta-

473 1588 666 1667 rum,'
691 1589 937 1674 inquit,
963 1589 1149 1676 (Art.
1178 1589 1412 1657 Critic.
1446 1591 1528 1656 P.
1561 1609 1677 1658 ιιι.
1710 1612 1766 1657 s,
1797 1592 1862 1656 3.
1896 1612 1953 1658 c.
1982 1594 2073 1671 l.)
2116 1595 2138 1625 ‘
2159 1610 2328 1675 quas
2359 1589 2686 1656 describit

414 1760 421 1763 ,
475 1694 925 1775 magnitudine
954 1695 1221 1760 animus
1247 1696 1622 1779 perculsus,
1666 1702 1731 1761 et
1776 1695 1935 1780 styli
1981 1693 2305 1777 elegantia
2333 1693 2680 1771 delinitus,

475 1797 658 1863 aliud
700 1798 889 1876 nihil,
951 1804 1200 1882 praeter
1242 1798 1721 1878 fortitudinem,
1776 1799 2136 1865 audaciam
2190 1805 2258 1863 et
2301 1796 2686 1862 felicitatem

474 1898 852 1966 Alexandri
891 1902 1208 1983 videbat3
1251 1904 1435 1968 aliud
1477 1904 1643 1969 nihil
1690 1908 1927 1989 praeter
1969 1901 2289 1968 sublimia
2331 1900 2541 1965 verba
2580 1898 2683 1963 fa-

474 2003 868 2069 cundissimi
898 2006 1241 2088 scriptoris
1271 2005 1636 2072 audiebat?
1697 2007 1941 2091 Neque
1967 2025 2122 2071 vero
2151 2002 2524 2087 negandum
2552 2011 2686 2078 est„

474 2105 777 2173 Curtium
821 2110 1074 2195 ubique
1107 2109 1297 2193 justo
1343 2111 1502 2194 plus
1547 2108 1848 2197 ῥητορεύειν
1889 2116 1977 2188 et,
2030 2108 2426 2173 Rhetorices
2454 2105 2688 2171 studio

473 2210 666 2296 unice
693 2211 1011 2290 deditum,
1040 2214 1434 2277 occasiones
1466 2221 1775 2296 captare,
1807 2212 2136 2278 oratorias
2169 2209 2686 2294 descriptiones,

474 2313 729 2390 αὐξήσεις
777 2318 1255 2398 orationesque
1302 2317 1782 2379 disertissimas
1810 2315 2141 2399 opusculo
2170 2333 2293 2378 suo
2322 2312 2679 2379 inserendi.

473 2408 711 2481 Nihilo
740 2421 960 2481 tamen
988 2416 1209 2483 minus
1234 2416 1537 2483 Curtiani
1569 2417 1887 2483 sermonis
1917 2423 2106 2484 tanta
2133 2424 2238 2483 est
2260 2415 2573 2493 dulcedo,
2603 2420 2679 2481 ut

473 2537 607 2582 non
654 2538 697 2584 a
735 2520 1090 2603 juventute
1121 2520 1292 2599 sola,
1340 2521 1463 2585 sed
1512 2521 1715 2586 etiam
1748 2541 1792 2586 a
1821 2521 2080 2587 limatis
2107 2528 2178 2586 et
2206 2519 2537 2586 emunctis
2565 2518 2686 2583 ho·

473 2621 764 2686 minibus
795 2623 866 2686 in
898 2622 1161 2688 deliciis
1192 2625 1277 2689 sit
1316 2622 1606 2701 habitae,
1651 2629 1857 2708 atque
1891 2623 2244 2706 singularis
2272 2621 2389 2687 illa
2418 2621 2682 2704 elegan-

474 2724 596 2800 tia,
638 2727 805 2791 mira
848 2727 966 2792 illa
1010 2729 1319 2794 suavitas
1364 2728 1569 2794 etiam
1612 2728 1775 2792 viris
1822 2727 2228 2793 subactioris
2262 2724 2506 2810 judicii
2549 2743 2692 2789 non.

472 2826 908 2911 displicuerit.
1000 2830 1445 2895 Heumannus
1474 2831 1604 2896 hac
1642 2831 1723 2896 de
1766 2851 1836 2895 re
1879 2832 1978 2896 ita
2006 2829 2309 2914 judicat:
2357 2831 2380 2862 ‘
2410 2826 2692 2892 Curtius

470 2929 813 3014 elegantiae
859 2936 993 2995 tam
1040 2932 1384 2997 studiosus
1428 2941 1553 3010 est,
1599 2939 1674 2997 ut
1716 2953 1757 2997 a
1796 2933 2181 3016 vulgaribus
2225 2930 2679 2996 locutionibus

472 3030 814 3096 abstineat
856 3041 927 3116 et
971 3034 1296 3118 ejusmodi
1343 3033 1624 3117 phrases
1671 3034 2014 3113 adhibeat,
2066 3053 2243 3119 quas
2283 3034 2499 3098 lector
2541 3052 2680 3097 non

470 3134 894 3216 praeviderat,
939 3137 1293 3220 quoillum
1326 3140 1750 3202 attentiorem
1781 3138 2021 3203 reddat
2047 3146 2117 3202 et
2145 3137 2278 3203 sibi
2305 3136 2452 3220 ejus
2483 3155 2675 3200 amo-

470 3257 609 3302 rem
641 3246 844 3322 atque
874 3241 1387 3306 admirationem
1431 3242 1766 3325 conciliet.
1855 3240 2115 3306 Similis
2157 3240 2359 3322 igitur
2388 3242 2494 3302 est
2520 3236 2682 3302 Vir·
2801 3265 2804 3266 f

472 3341 654 3423 gilio,
699 3342 816 3425 qui
862 3351 930 3407 et
972 3344 1118 3427 ipse
1159 3362 1290 3407 non
1334 3343 1675 3408 delectare
1704 3343 2096 3428 simpliciter
2127 3342 2355 3408 studet
2382 3342 2680 3407 lectores

471 3462 658 3522 suoS,
701 3445 820 3509 sed
864 3446 1063 3510 etiam
1109 3466 1235 3510 eos
1281 3447 1351 3511 in
1398 3446 1905 3512 admirationem
1949 3465 2187 3531 rapere
2233 3452 2304 3510 et
2355 3444 2678 3510 attonitos

470 3545 741 3614 reddere
786 3555 1058 3614 conatur
1101 3550 1482 3633 eloquentia
1527 3570 1655 3615 sua
1696 3549 2074 3633 magnifica.
2161 3547 2323 3612 Vid.
2377 3545 2679 3611 Morbos.

326 3688 353 3709 .
469 3646 588 3711 lib.
636 3648 719 3714 de
766 3660 1001 3735 arguta
1045 3651 1340 3716 dictione
1387 3673 1458 3736 p.
1506 3653 1660 3718 170.
1751 3652 2206 3731 Quintilianus
2233 3650 2349 3716 lib.
2388 3666 2486 3714 ιν.
2519 3669 2577 3713 c.
2609 3649 2690 3713 2.-

467 3748 699 3817 laudat
727 3756 1171 3819 narrationem
1204 3774 1377 3832 eam,
1424 3774 1579 3839 quae
1625 3754 1825 3832 omni,
1872 3774 2005 3838 qua
2048 3757 2299 3838 potest,
2344 3751 2559 3835 gratia
2606 3760 2679 3817 et

469 3848 731 3919 Venere
774 3866 1103 3923 exornata
1146 3868 1272 3937 est,
1323 3860 1515 3943 atqui
1559 3858 1714 3938 talis
1757 3863 1866 3922 est
1909 3857 2124 3923 Curtii
2172 3854 2259 3920 de
2301 3853 2677 3921 Alexandri

468 3957 667 4020 rebus
696 3961 1007 4037 nan-atie,
1027 3982 1184 4043 ergo
1215 3981 1363 4026 eam
1394 3960 1675 4026 laudare
1700 3959 2019 4024 debemus
2045 3978 2197 4023 cum
2222 3955 2674 4037 Quintil-iano,

467 4057 615 4121 viro
646 4058 1146 4128 laudatissimo.
1195 4061 1433 4127 Cicero
1465 4084 1616 4128 cum
1641 4060 1873 4127 Curtio
1900 4061 1999 4125 ita
2026 4062 2395 4145 comparari
2426 4064 2672 4142 potest,

467 4159 562 4221 uti
595 4156 828 4225 Cicero
858 4170 1284 4248 comparatur
1311 4183 1463 4230 cum
1499 4163 1840 4230 Messalla
1862 4163 2158 4228 Corvino
2188 4183 2231 4229 a
2250 4161 2673 4242 Quintiliano

470 4260 742 4347 Dialog.
775 4265 860 4330 de
885 4264 1073 4331 Orat.
1103 4266 1206 4333 18.
1237 4271 1257 4303 ‘
1277 4264 1630 4353 Utroque,’
1657 4267 1895 4351 inquit,
1928 4265 2276 4345 (Graccho
2304 4269 2370 4331 et
2388 4263 2671 4344 Crasso)
