2978 4933
585 323 633 388 2
1325 337 1382 384 J.
1431 335 1941 385 rumusmmu

544 479 996 545 Atheniensium
1042 478 1250 541 civitas
1281 488 1423 542 tunc
1451 481 1626 542 etiam
1655 482 1866 562 opibus
1896 492 1957 542 et
1985 483 2338 545 auctoritate
2367 484 2511 546 satis
2538 484 2707 565 polle·

543 583 682 644 batt
727 600 838 644 nec
882 578 1294 641 Thebanorum
1340 588 1442 639 aut
1494 580 1760 661 potentia
1802 600 1923 640 non
1969 581 2408 659 contemnenda
2445 594 2592 654 erat,
2630 592 2721 642 aut

546 678 785 760 opinio:
826 676 1081 738 necdum
1109 675 1448 739 exoleverat
1474 676 1757 738 memoria
1788 677 2110 738 Leuctricoe
2138 698 2378 758 pugnae,
2420 698 2538 757 qua
2575 679 2721 758 prin-

545 775 807 857 cipatum
849 772 1104 836 'Groeciae
1156 775 1620 837 Lacedaemoniis
1671 787 2057 838 extorserant.
2169 779 2268 837 29.
2337 776 2520 856 Igitur
2565 785 2631 836 ut
2671 787 2722 835 et

547 875 841 936 sociorum
880 875 1255 935 confirmaret
1295 875 1544 944 animos,
1587 885 1649 936 et
1695 874 1946 936 diversae
1976 874 2246 935 factionis
2274 873 2724 936 machinationes

545 981 940 1055 praeverteret,
968 971 1286 1052 Amyntam
1308 982 1369 1032 et
1388 971 1743 1033 Clearchum
1766 970 2136 1033 Macedonas
2160 991 2231 1032 eo
2254 971 2411 1031 misit
2429 990 2446 1040 ς
2463 975 2486 1003 ¹
2511 969 2722 1039 addito,

544 1069 715 1149 cujus
744 1068 1100 1148 eloquentiae
1130 1067 1443 1149 plurimum
1473 1069 1716 1144 fidebat,
1762 1069 2033 1150 Pythone
2079 1069 2366 1152 Byzantio
2385 1077 2435 1131 ι·
2475 1089 2647 1149 quem
2670 1068 2723 1126 in

544 1167 798 1237 concilio
827 1167 1164 1227 Boeotorum
1191 1168 1275 1228 ita
1297 1165 1564 1228 locutum
1594 1167 1953 1248 accepimus.

624 1266 734 1329 VI.
801 1269 855 1326 1.
898 1272 915 1299 ‘
942 1265 1004 1323 Si
1051 1264 1327 1344 Philippo
1377 1265 1439 1324 in
1488 1264 1848 1326 Macedonia
1894 1264 2227 1341 desidente,
2259 1264 2530 1327 Elateam
2557 1263 2727 1326 Athe·

543 1363 769 1427 niensis
798 1364 1087 1424 exercitus
1117 1365 1391 1432 haberet;
1425 1383 1620 1442 neque
1651 1362 2031 1425 vobisullum
2059 1383 2195 1425 cum
2223 1383 2360 1443 rege
2380 1362 2618 1423 foederis
2637 1372 2729 1422 aut

546 1462 820 1524 amicitiae
838 1461 939 1540 jus
956 1473 1151 1520 esset:
1181 1470 1380 1520 tamen
1399 1460 1669 1521 dubitare
1691 1480 1809 1522 non
1831 1459 2040 1534 debe0,
2057 1461 2201 1540 quin
2221 1459 2379 1522 illius
2398 1460 2728 1522 societatem

546 1559 756 1620 essetis
783 1558 1077 1638 optatum
1122 1558 1254 1638 quis
1303 1558 1458 1620 enim
1504 1558 1668 1619 illum
1715 1568 1885 1622 tanta
1920 1559 2205 1640 potentia,
2234 1560 2538 1639 tantisque
2564 1559 2728 1620 rebus

546 1656 755 1738 gestie,
784 1655 1007 1716 civitati
1039 1655 1199 1715 fama
1225 1675 1406 1736 quam
1450 1655 1670 1717 viribus
1715 1656 1984 1718 validiori
2028 1677 2147 1718 non
2192 1656 2604 1739 proeponeret?
2679 1660 2732 1716 2.

546 1752 726 1815 Nunc
752 1765 949 1815 autem
980 1773 1116 1813 cum
1143 1752 1266 1828 illo,
1295 1753 1394 1833 qui
1419 1752 1758 1816 victricibus
1783 1754 1969 1834 copiis
2000 1754 2159 1816 velut
2191 1753 2555 1815 vestibulum
2581 1752 2730 1813 urbis

542 1864 758 1937 yestrae
806 1851 1054 1924 obtinet,
1112 1851 1276 1910 socio
1327 1860 1508 1928 atque
1558 1851 1748 1913 amico
1800 1852 2086 1920 utamini;
2147 1853 2220 1912 ab
2269 1850 2724 1912 Atheniensibus

544 1949 747 2035 multis
774 1949 1069 2010 veteribus
1100 1962 1277 2031 atque
1307 1948 1476 2008 novis
1505 1947 1727 2029 injuriis
1751 1948 1947 2011 affecti
1976 1948 2141 2017 sitis;
2172 1949 2385 2008 horum
2407 1949 2730 2018 amicitiam,

544 2047 823 2126 neglecto
865 2066 1024 2126 rege,
1066 2047 1230 2106 vobis
1281 2046 1552 2119 suadere,
1593 2046 1858 2126 profecto
1907 2044 2267 2106 contumelia
2312 2054 2424 2117 est,
2452 2042 2730 2105 Thebani.

548 2145 601 2205 3.
649 2143 770 2204 Sed
814 2143 1218 2224 superbissimi
1263 2143 1598 2203 mortalium
1642 2142 1751 2202 sibi
1802 2141 1944 2202 solis
1981 2139 2282 2221 ingenium
2309 2141 2736 2220 consiliumque

547 2261 858 2322 superesse
908 2250 1256 2308 autumant3
1313 2240 1595 2318 reliquos,
1646 2251 1705 2301 et
1754 2239 2017 2319 inprimis
2069 2239 2310 2300 Boeotos
2353 2239 2550 2318 (vobis
2594 2237 2736 2298 enim

544 2358 669 2418 prae
696 2337 908 2397 ceteris
936 2337 1249 2412 insultant)
1276 2338 1510 2416 ineptos
1539 2349 1600 2398 et
1626 2335 1804 2398 rudes
1835 2356 1988 2410 esse,
2011 2356 2144 2410 nec,
2176 2357 2311 2417 quae
2337 2338 2504 2398 utilia
2533 2337 2737 2397 hones-

545 2446 726 2516 taque
756 2435 916 2508 factu
946 2434 1085 2507 sint,
1129 2433 1505 2510 dignoscere.
1588 2437 1649 2496 4.
1695 2436 1903 2514 Itaque
1950 2454 2069 2516 quo
2099 2434 2246 2495 nibil
2273 2445 2367 2497 est
2393 2434 2743 2505 dementius,

548 2531 614 2612 id.
638 2552 702 2592 se
730 2532 893 2592 vobis
921 2550 1309 2612 persuasuros
1333 2540 1568 2611 putant,
1589 2543 1657 2593 ut
1673 2552 1747 2593 ex
1775 2533 2036 2613 ipsorum
2067 2534 2264 2613 potius
2289 2533 2552 2608 arbitrio,
2572 2550 2739 2613 quam

548 2629 798 2700 utilitate
844 2641 1037 2690 vestra
1080 2628 1284 2691 hostes
1328 2639 1508 2710 atque
1556 2631 1777 2692 amicos
1817 2629 2126 2700 habeatis;
2169 2630 2363 2691 verbis
2415 2630 2645 2703 confisi,
2683 2628 2740 2687 in

546 2729 759 2809 quibus
805 2729 997 2790 omnis
1041 2728 1300 2807 ipsorum
1346 2728 1435 2787 vis
1486 2738 1600 2789 est.
1703 2730 1762 2787 5.
1806 2727 1927 2788 Sed
1975 2727 2158 2787 verba
2199 2746 2373 2788 nemo
2401 2746 2588 2789 sanus
2616 2734 2743 2787 ante

547 2828 709 2890 facta
753 2823 996 2892 habuit;
1044 2826 1368 2904 praesertim
1410 2825 1471 2885 in
1524 2825 1723 2886 bello:
1765 2824 1866 2886 ubi
1911 2844 2003 2884 res
2042 2844 2224 2884 manu
2253 2824 2496 2904 geritur,
2522 2825 2743 2904 lingum

545 2922 909 3002 promtitudo
938 2941 1377 3002 supervacanea
1401 2932 1529 2999 est.
1615 2924 1697 2982 Ut
1725 2923 1839 2986 sibi
1867 2921 2070 2985 diserti
2106 2920 2446 2996 videantur,
2473 2922 2658 2983 virtus
2683 2927 2741 2983 et

546 3016 786 3079 fortuna
827 3018 1108 3100 Philippi,
1155 3020 1335 3078 tantis
1390 3020 1514 3079 suis
1565 3019 1976 3100 sociorumque
2026 3019 2246 3082 viribus
2293 3019 2567 3091 subnixa,
2616 3018 2743 3098 pius

547 3117 785 3196 poterit.
882 3116 941 3177 6.
986 3115 1120 3176 Nec
1143 3116 1301 3178 enim
1330 3116 1503 3177 facile
1534 3113 1799 3191 dixerim,
1846 3116 2113 3182 stolidior
2141 3136 2215 3177 an
2245 3114 2642 3195 impudentior
2669 3115 2745 3174 sit

549 3231 752 3273 eorum
799 3211 1162 3292 postulatio!
1243 3214 1605 3275 Intentatum
1646 3214 1862 3275 Atticae
1891 3214 2114 3278 fulmen
2143 3212 2417 3294 excipite,
2445 3210 2740 3272 Thebani:

550 3309 720 3376 socio
742 3319 919 3388 atque
950 3310 1142 3370 amico
1172 3309 1295 3389 regi
1322 3310 1543 3372 bellurn
1571 3329 1708 3371 cum
1734 3310 1910 3372 exitio
1941 3320 2136 3372 vestro
2181 3310 2379 3385 facite,
2425 3322 2495 3372 ut
2533 3329 2641 3371 nos
2681 3307 2740 3366 in

547 3416 677 3467 tuto
708 3408 892 3470 simus
915 3427 935 3468 ⁹.
975 3407 1207 3469 vestros
1250 3426 1452 3486 agros,
1489 3417 1687 3469 vestra
1728 3426 1976 3485 corpora
2002 3406 2261 3486 objicite,
2299 3427 2374 3468 ne
2402 3406 2735 3487 injuriarum

549 3524 787 3564 suarum
806 3503 1125 3565 vindictam
1145 3506 1217 3563 ab
1240 3504 1706 3568 Atheniensibus
1725 3503 2036 3584 Philippus
2055 3504 2277 3583 exigat.
2333 3504 2392 3564 7.
2422 3512 2439 3539 ‘
2464 3501 2739 3565 Haeccine

547 3612 689 3672 sunt
727 3599 1030 3681 postulata
1073 3601 1398 3675 hominum,
1442 3603 1545 3683 qui
1595 3612 1700 3663 aut
1745 3601 1861 3682 ipsi
1906 3621 2054 3663 sano
2095 3601 2322 3682 judicio
2352 3610 2614 3671 utantur,
2643 3606 2739 3657 aut

548 3702 828 3772 aliosnti
873 3696 1167 3760 credant?
1247 3699 1363 3769 Qui
1412 3698 1590 3764 modo
1633 3698 1861 3764 nullam
1887 3698 2192 3777 premendi
2239 3719 2340 3760 vos
2370 3698 2738 3761 occasionem

546 3799 1082 3881 praevtermiserunu
1146 3796 1251 3880 qui
1302 3816 1411 3877 yos
1467 3795 1867 3869 contumeliis,
1922 3796 2175 3876 injuriis,
2225 3796 2401 3859 armis
2457 3803 2736 3875 quantum

546 3904 865 3974 potuerunt
889 3896 1203 3973 persecuti,
1225 3908 1451 3956 vestras
1481 3894 1686 3956 clades
1719 3904 1895 3973 atque
1923 3894 2189 3975 pericula
2210 3893 2550 3953 felicitatem
2571 3907 2731 3951 suam

549 3990 660 4049 rati
690 4000 862 4049 sunt:
907 3992 948 4050 ii
996 4010 1155 4049 nunc
1198 4012 1234 4050 a
1270 3994 1432 4057 vobis
1479 4003 1682 4073 petere
1734 3992 1979 4065 audent,
2020 4003 2088 4051 ut
2135 4011 2271 4052 cum
2321 3991 2464 4070 ipsis
2513 3988 2735 4055 malitis,

551 4107 726 4173 quam
756 4105 889 4152 cum
921 4086 1199 4167 Philippo
1228 4088 1484 4152 vincere.
1589 4094 1648 4152 8.
1690 4090 1772 4149 At
1813 4089 1924 4149 iste
1967 4088 2187 4170 hospes
2216 4100 2279 4150 et
2306 4089 2579 4151 alumnus
2608 4102 2732 4145 ves-

1144 4252 1165 4283 ·
1195 4230 1401 4300 mum.
1423 4247 1462 4298 ι.
1531 4285 1537 4293 .
1751 4252 1770 4279 ·
1805 4245 1961 4300 mod.
1985 4246 2021 4297 ι.
2049 4248 2088 4299 ι.
