2978 4933
1677 369 1754 420 N.
1799 355 1949 422 330.
1976 300 1999 323 Ι

311 502 539 590 pugna,
566 530 701 590 quae
722 530 842 572 rem
866 513 1220 593 Spartanam
1249 514 1528 594 majorem
1554 516 1616 574 in
1644 514 1887 574 modum
1916 514 2143 576 afflixit.
2187 516 2338 578 Cum
2363 519 2519 579 enim

314 616 609 693 angustiis
635 616 921 691 locorum,
950 618 1011 677 in
1040 620 1254 698 quibus
1283 621 1683 699 pugnabatur,
1711 619 1941 692 confisi,
1970 620 2070 708 ubi
2099 621 2256 682 hosti
2292 623 2522 685 nullum

310 711 710 772 multitudinis
758 734 931 774 usum
982 714 1244 775 futurum
1274 717 1617 790 credebant,
1662 716 1925 776 animose
1967 720 2271 797 congressi
2297 731 2519 791 essent,

311 828 509 887 neque
534 810 899 871 Macedones
922 811 1171 892 impigre
1195 813 1560 884 resisterent,
1581 814 1832 873 multum
1858 815 2164 893 sanguinis
2185 815 2381 876 susum
2404 827 2520 877 est.

314 906 413 965 17.
453 905 576 967 Sed
602 917 918 987 postquam
948 909 1258 990 Antipater
1283 910 1576 989 integram
1621 908 1872 969 subinde
1917 930 2158 970 manum
2193 911 2518 979 laboranti-

309 1002 424 1061 bus
456 1002 577 1062 suis
606 1004 872 1065 subsidio
916 1004 1209 1077 mittebat,
1260 1005 1520 1085 impulsa
1561 1006 2145 1083 Lacedaemoniorum
2189 1009 2346 1068 acies
2389 1029 2520 1090 gra-

310 1096 453 1157 dum
473 1100 771 1181 paulisper
792 1100 1028 1165 retulit.)
1111 1102 1289 1171 Quod
1312 1102 1696 1182 conspicatus
1719 1102 1891 1181 Agis,
1914 1123 2048 1163 cum
2068 1103 2309 1165 cohorte
2330 1107 2516 1186 regia,
2600 1158 2603 1161 Α

310 1215 448 1274 quae
478 1216 550 1257 ex
577 1197 912 1259 fortissimis
941 1202 1275 1274 constabat,
1307 1221 1370 1262 se
1409 1202 1468 1260 in
1497 1199 1754 1261 medium
1801 1220 2022 1280 pugnae
2063 1200 2428 1262 discrimen
2413 1223 2517 1269 rm-

308 1293 491 1367 misit,
524 1299 637 1357 ἀεὶ.

781 368 968 418 ο-ι..
1016 367 1203 419 oxu.
1247 355 1311 419 3.
1391 370 1463 419 Α.
1512 372 1630 419 cir.
2392 357 2524 422 423

706 1533 1027 1608 .pugnae⁸
1072 1525 1433 1591 discrimen
1454 1525 1759 1604 immisit,
1791 1523 2353 1609 obtruncatisque,
2401 1521 2521 1606 qui

304 1628 635 1709 promtius
685 1628 1108 1708 resistebant,
1166 1648 1481 1712 magnam
1538 1640 1794 1712 partem
1832 1629 2148 1692 ‚hostium
2195 1626 2520 1711 propulit.

302 1729 369 1791 2.
416 1728 789 1813 Coeperant
811 1732 1040 1815 sugere
1064 1733 1391 1799 victores:
1437 1731 1563 1816 [et]
1599 1732 1816 1796 donec
1849 1731 2117 1797 avidius
2151 1731 2514 1813 sequentes

303 1831 375 1898 in
404 1833 678 1914 planum
710 1835 1076 1915 deduxere,
1105 1836 1300 1901 inulti
1330 1834 1659 1901 cadebant
1684 1855 1703 1916 ;
1733 1834 1859 1899 sed
1885 1840 1959 1900 ut
1982 1834 2266 1916 primum
2296 1833 2515 1909 locuS,

302 1933 378 2021 in
405 1954 539 2018 quo
567 1945 740 2003 stare
769 1942 1068 2020 possent,
1098 1938 1246 2017 fuit,
1276 1938 1494 2022 eequis
1521 1937 1779 2002 viribus
1809 1937 2200 2002 dimicatum
2231 1941 2358 1998 est.
2446 1930 2515 1996 3.

304 2035 488 2103 Inter
529 2057 764 2109 omnes
794 2045 1020 2107 tamen
1050 2031 1609 2111 Lacedaemonios
1635 2038 1660 2077 ¹³
1707 2059 1833 2103 rex
1859 2036 2218 2116 eminebat,
2245 2055 2381 2100 non
2413 2054 2517 2099 ar-

300 2155 562 2205 morum
611 2142 815 2208 modo
867 2151 936 2210 et
984 2144 1286 2230 corporis
1334 2143 1593 2228 specie,
1646 2143 1764 2208 sed
1814 2142 2020 2209 etiam
2064 2137 2516 2225 magnitudine

355 1538 457 1593 «ι.
492 1523 685 1589 1....

1230 2322 1585 2346 ΜΝ

365 2461 394 2508 1
433 2457 542 2508 Hoc
564 2473 740 2521 pugna
763 2458 946 2509 Colon.
981 2459 1074 2524 Sig
1076 2459 1157 2511 eb.
1173 2459 1378 2511 const.
1401 2461 1553 2511 Mod.
1582 2466 1640 2511 et
1663 2460 1798 2511 Rad.
1853 2458 2150 2509 obtruncatis
2169 2457 2252 2521 qui
2285 2472 2342 2508 ue
2375 2455 2519 2507 Pith-

294 2528 485 2586 partem
504 2526 677 2573 ostium
711 2524 857 2573 Leid.
860 2530 957 2574 —2
990 2527 1142 2574 Voss.
1166 2530 1217 2574 2.
1264 2528 1481 2590 Coeperat
1505 2526 1708 2589 fugere.
1779 2525 2013 2575 Florent.
2040 2524 2185 2573 Leid.
2268 2538 2367 2572 oss.
2392 2525 2439 2571 1.
2463 2526 2518 2571 2.

301 2588 438 2639 Dan.
459 2588 572 2638 Pal.
597 2593 644 2639 1.
670 2588 793 2639 Ald.
818 2590 986 2639 Colin.
1001 2589 1114 2655 Gry
1119 2590 1207 2654 p.h
1231 2592 1369 2641 Mer.
1392 2593 1516 2642 Bas.
1537 2543 1696 2641 Fgrob.
1720 2596 1777 2640 et
1802 2590 1916 2639 Col.
1943 2588 2194 2638 omittunt
2217 2593 2266 2636 et
2287 2591 2408 2636 ante
2431 2588 2516 2635 do·

298 2667 404 2702 neo.
472 2653 592 2702 Pal.
611 2657 660 2704 1.
679 2654 802 2715 inp.
824 2655 1065 2705 deducere·
1131 2655 1250 2705 Pal.
1280 2660 1328 2706 1.
1350 2657 1486 2706 Dan.
1511 2657 1654 2706 Pitb.
1679 2656 1807 2704 Pnt.
1833 2654 2025 2703 Fauch.
2050 2654 2216 2715 Bong.
2242 2656 2288 2701 1.
2305 2656 2355 2700 2.
2396 2650 2517 2699 Flo-

298 2726 438 2767 rent.
459 2717 607 2767 Leid.
629 2718 783 2767 Frob.
804 2719 972 2770 Amst.
990 2729 1045 2769 et
1067 2720 1235 2783 Lugd.
1259 2721 1405 2770 inulti
1426 2722 1676 2771 cadebant.
1717 2721 1876 2769 Voss,
1899 2722 1948 2768 1.
1971 2719 2205 2767 Florent.
2228 2714 2375 2766 Leid.
2398 2714 2517 2765 Pal.

300 2786 349 2831 1.
380 2784 514 2831 Dan.
546 2782 687 2845 Pith.
720 2784 845 2833 Put.
872 2784 1069 2834 Faucb.
1094 2786 1265 2848 Bong.
1284 2790 1332 2834 1.
1353 2790 1403 2836 2.
1450 2785 1574 2835 Ald.
1613 2786 1784 2835 Colin.
1811 2782 2016 2848 Gryph.
2053 2782 2178 2831 Bas.
2210 2781 2325 2831 Col.
2350 2779 2511 2830 Frob.
2546 2831 2556 2837 ,

293 2846 376 2895 Lu
380 2846 468 2909 g.d
490 2846 662 2897 Amst.
684 2848 921 2899 Freinsh.
941 2850 1135 2899 Cellar.
1170 2850 1359 2902 Pitisc.
1376 2851 1537 2901 Snak.
1561 2851 1722 2899 Barb.
1756 2849 1879 2913 Bip.
1902 2855 1962 2897 et
1999 2848 2157 2895 Both.
2178 2851 2310 2895 stare
2323 2850 2518 2908 posset·

292 2910 448 2963 Voss.
474 2917 520 2963 1.
529 2913 640 2961 Ed.
667 2928 744 2977 pr.
762 2914 977 2964 Venett.
1001 2915 1150 2964 Rom.
1172 2916 1367 2967 Veron.
1398 2916 1557 2965 Mait.
1582 2921 1637 2964 et
1657 2914 1791 2963 Tell.
1827 2918 1955 2963 stare
1973 2917 2183 2975 possent,
2205 2911 2341 2975 quod
2367 2923 2516 2960 revo-

293 2976 437 3027 cavit
456 2977 774 3029 Schmieder.
839 2972 989 3030 Leid.
1008 2989 1065 3029 et
1085 2981 1239 3032 Voss.
1263 2985 1311 3031 1.
1336 2982 1468 3045 equis
1491 2980 1688 3031 viribus.
1691 2984 1787 3029 -3
1823 2980 1977 3029 Voss.
2009 2982 2061 3027 2.
2085 2977 2318 3027 eminebat
2339 2991 2513 3026 rex.—

1286 3128 1503 3180 No'rAE

356 3266 383 3291 ⁸
421 3256 637 3320 Pagnae]
701 3257 787 3307 Ad
832 3257 946 3309 haec
993 3274 1154 3325 usque
1201 3261 1362 3311 verba
1442 3268 1457 3291 ‘
1482 3258 1754 3326 Spartani’
1775 3259 1839 3309 ab
1857 3257 1985 3308 urbe
2007 3258 2253 3307 Laconiae
2279 3254 2514 3319 principe

288 3332 637 3383 Freinshemii
655 3334 1088 3397 Supplementum
1113 3337 1358 3400 pertinet.
1439 3338 1647 3403 Sparta,
1688 3336 2025 3386 maximorum
2081 3333 2268 3383 ducum
2323 3332 2512 3394 patria.

286 3409 441 3472 Agis,
458 3409 525 3459 de
549 3425 649 3475 quo
669 3426 837 3460 sermo
860 3419 959 3476 est,
974 3413 1362 3465 Lacedaemoni-
1443 3414 1905 3475 Lacedaemonem,
1950 3411 2112 3474 pulsis
2180 3408 2390 3458 Achaeis
2455 3416 2513 3458 et

288 3500 440 3535 orum
462 3501 557 3536 rex
579 3486 893 3538 Archidamo
930 3490 1069 3552 patri
1092 3500 1212 3540 ante
1234 3491 1359 3541 duo·
1442 3492 1722 3555 Orestidis,
1745 3491 2087 3541 obtinuerunt
2110 3486 2427 3537 Aristodemi
2449 3486 2511 3536 fi-

289 3562 1360 3629 decimannossuccesseratOlymp.cvm.
1440 3571 1502 3620 lii
1542 3569 1757 3622 Procles
1781 3575 1838 3618 et
1877 3565 2231 3630 Eurysthenes
2269 3564 2517 3614 Heracli·

287 3653 377 3689 an.
401 3643 450 3689 3.
475 3647 598 3689 aute
631 3654 855 3705 pugnam
894 3641 960 3691 ad
1001 3642 1359 3708 Chaeroneam,

287 3719 338 3765 8‘.
378 3715 553 3781 itaque
588 3722 648 3766 ut
684 3717 867 3766 eodem
900 3718 987 3768 die
1008 3718 1357 3773 Archidamus

284 3792 613 3855 occubuerit,
633 3809 735 3859 qno
753 3793 1029 3860 Philippus
1051 3797 1356 3859 debellavit,

284 3882 391 3917 non
428 3874 603 3919 tamen
642 3869 827 3920 eodem
862 3886 1012 3923 anno.
1078 3876 1222 3927 Quot
1243 3875 1356 3927 fue-

282 3944 389 3994 rint
423 3945 528 3996 hoc.
558 3946 766 3997 nomine
797 3948 1169 4013 Spartanorum
1205 3969 1354 4018 reges

286 4019 514 4072 diximus
535 4024 623 4075 lib.
645 4035 725 4074 nr.
746 4040 858 4089 cap.
884 4025 931 4077 1.

352 4098 377 4133 ὓ
420 4099 823 4166 Lacedoemonios]
879 4103 1083 4170 'Populi
1138 4101 1353 4159 fuerunt

283 4176 529 4240 Graeciae,
548 4177 601 4227 in
624 4186 859 4230 extrema
881 4181 1247 4247 Peloponneso
1284 4184 1350 4235 ad

281 4253 594 4318 Meridiem3
627 4256 782 4307 aliter
801 4258 817 4285 ‘
845 4257 1075 4310 Lacones
1092 4263 1106 4286 '
1125 4260 1271 4325 dicti,
1294 4266 1352 4310 et

1442 3647 1564 3700 dae:
1601 3660 1818 3713 quorum
1854 3642 2126 3708 impressio
2163 3641 2214 3690 in
2247 3641 2510 3705 Pelopon-

1440 3738 1620 3774 nesum
1641 3720 1868 3773 secunda
1901 3718 2120 3781 contigit
2144 3723 2266 3768 ante
2289 3718 2506 3781 primam

1440 3797 1812 3863 Olympiadem
1849 3795 1992 3846 annis
2018 3798 2134 3844 328.
2175 3800 2299 3841 ante
2338 3791 2512 3843 Chris-

1439 3883 1547 3927 tum
1573 3880 1716 3926 1104.
1749 3879 1871 3937 post
1893 3870 2153 3922 excidium
2192 3868 2401 3932 Trojan.
2423 3872 2508 3918 80.

1434 3953 1524 4005 Ab
1565 3953 1890 4018 Eurysthene
1926 3956 1982 3998 et
2014 3948 2207 3997 Procle
2239 3960 2421 4010 regum
2454 3944 2509 3993 in

1433 4031 1526 4081 illa
1540 4030 1669 4080 urbe
1682 4025 1893 4078 familiae
1907 4026 2024 4075 duae
2040 4028 2345 4088 propagatae
2360 4029 2510 4081 sunt;

1434 4104 1953 4171 Eurysthenidarum,
1997 4116 2115 4167 quae
2172 4098 2510 4164 praestantior

1433 4179 1517 4233 e'st
1548 4181 1759 4242 habita,
1793 4185 1849 4229 et
1889 4176 2278 4237 Proclidarum,
2311 4189 2377 4223 ex
2399 4187 2503 4239 qua

1432 4260 1633 4310 Noster
1653 4257 1738 4330 hic
1764 4254 1891 4320 Agis
1911 4245 2163 4304 'oriundus
2187 4250 2383 4301 extitit.
