2978 4933
514 346 652 419 432

513 508 694 579 rum¹
723 513 974 593 colunt,
1017 516 1437 582 ascribuntur
1467 515 1701 597 Asiae3
1752 524 1826 582 ‘at
1875 518 1991 602 qui
2035 517 2106 591 in
2136 517 2406 602 Europa
2452 520 2630 594 sunt,
2670 532 2709 578 a

508 615 689 681 laevo
719 617 1028 684 Thraciae
1049 626 1092 653 ¹¹¹
1119 620 1323 684 latere
1352 619 1440 684 ad
1469 620 2006 706 Borysthenem,¹²
2035 628 2241 706 atque
2275 621 2434 686 inde
2465 621 2552 684 ad
2583 620 2706 683 Ta-

513 712 672 783 nain
692 727 719 754 ⁰
748 721 953 786 alium
983 738 1269 800 amnem,
1297 729 1484 787 recta
1514 723 1716 806 plaga
1748 724 2055 789 attinent.
2146 727 2253 787 14.
2294 723 2552 787 Tanais
2582 723 2710 786 Eu-

511 840 752 904 ropam
802 828 873 888 et
923 822 1167 894 Asiam
1217 825 1481 889 medius
1534 826 1899 899 interfluit:
1968 847 2088 891 nec
2128 818 2500 904 dubit-atur,
2560 825 2710 908 quin

512 923 806 1008 Scythae,
837 927 955 1010 qui
984 927 1267 993 Parthos
1298 928 1708 1005 condidere,1’
1731 950 1866 993 non
1891 949 1934 994 a
1965 931 2325 1015 Bosporo,‘¹
2355 929 2476 993 sed
2504 947 2594 992 ex
2621 947 2708 991 re-

976 372 1044 431 q.
1090 369 1354 419 cunm
1407 369 1589 421 num
1644 372 1786 422 ms.
1837 369 1937 421 vr.
1985 372 2153 424 cst.
2194 357 2262 423 2.

1436 1084 1799 1114 eeceeeeoeode

512 1199 563 1251 η.
598 1192 641 1236 ἐς.
679 1180 940 1238 Possm-um
976 1201 1125 1238 mare.
1191 1186 1337 1239 Pith.
1377 1192 1699 1241 ascribuntur.
1777 1194 1929 1243 Voss.
1968 1198 2013 1243 1.
2051 1198 2102 1244 2.
2135 1194 2199 1243 cd
2231 1192 2544 1243 Bari-stenem.
2611 1193 2710 1242 Pro

511 1253 740 1315 attinent,
779 1252 918 1318 quod
954 1262 1167 1303 servant
1207 1254 1436 1304 Floreat.
1468 1256 1614 1307 Leid.
1650 1259 1801 1308 Voss.
1830 1263 1878 1309 1.
1899 1263 1948 1308 2.
1984 1258 2099 1309 Pal.
2134 1263 2180 1309 l.
2216 1260 2357 1308 Dan.
2390 1256 2556 1320 Boug.
2594 1256 2709 1306 Ald.

516 1318 684 1367 Colin.
726 1318 929 1383 Gryph.
963 1318 1119 1370 Frob.
1153 1319 1288 1370 Mer.
1315 1322 1439 1370 Bas.
1475 1330 1532 1372 et
1570 1323 1685 1372 Col.
1720 1325 1978 1373 nonnullae
2016 1323 2138 1374 edd.
2172 1323 2366 1373 habent
2393 1326 2710 1386 pertinent.—

516 1386 580 1432 14
615 1386 630 1410 ⁸
653 1383 734 1432 Ex
757 1383 869 1460 ipso
893 1381 1074 1433 ordine
1095 1388 1268 1434 rer'um
1292 1394 1614 1436 narratarum
1636 1389 1914 1452 intelligas,
1934 1398 2034 1438 nou
2053 1389 2237 1450 Curtii,
2258 1387 2351 1443 sed
2375 1388 2549 1437 nescio
2571 1389 2707 1451 cujus

516 1448 840 1510 glossatoris,
863 1463 974 1498 esse
999 1451 1188 1499 verba:
1217 1451 1394 1500 Tanais
1407 1452 1471 1501 E.
1494 1453 1614 1503 ΛΔ.
1628 1468 1696 1512 pn.
1720 1454 1986 1519 interfluit:
2009 1455 2175 1518 petita
2190 1455 2279 1503 illa
2293 1454 2508 1503 fortasse
2524 1468 2591 1502 ex
2617 1467 2709 1502 vn.

511 1516 565 1562 7.
599 1512 697 1562 sub
719 1512 962 1562 initium!
996 1514 1171 1565 Bothe.
1238 1516 1394 1565 Voss.
1422 1520 1469 1566 1.
1505 1519 1621 1581 quin
1640 1519 1780 1568 scite.
1846 1518 1985 1569 Pith.
2017 1522 2100 1569 sed
2132 1520 2341 1583 regione,
2373 1519 2561 1568 omissa
2580 1532 2707 1582 prae-

511 1578 803 1643 positione3
836 1578 985 1629 Voss.
1012 1585 1061 1631 1.
1085 1584 1136 1631 2.
1169 1579 1312 1631 Pith.
1337 1582 1507 1647 Lugd.
1530 1590 1587 1633 et
1607 1583 1781 1638 Amst.
1802 1587 1886 1634 sed
1906 1599 1969 1635 ex
1991 1584 2200 1649 Europe
2220 1585 2429 1648 regione.
2495 1583 2645 1634 Voss.
2665 1587 2709 1634 2.

1505 1714 1721 1767 No'rAE

510 1819 653 1871 num,
685 1812 741 1858 et
775 1808 1085 1872 Carpathius
1124 1815 1323 1860 montes
1360 1811 1411 1861 in
1448 1811 1578 1876 Sep·

509 1883 841 1934 temtrionem
874 1885 1210 1949 extenditur3
1258 1888 1406 1937 initio
1439 1887 1580 1952 apud

507 1958 751 2024 Veteres,
771 1975 909 2011 nnnc
930 1962 1180 2027 Scythiae,
1201 1977 1340 2014 nunc
1373 1965 1578 2015 Sarma-

508 2039 605 2089 tiae
621 2039 828 2090 nomine
842 2041 1385 2106 comprehendebatur
1405 2057 1420 2104 ς
1436 2049 1578 2107 post-

509 2128 576 2165 ea
594 2115 647 2165 in
669 2117 840 2167 varios
865 2124 971 2168 tam
994 2120 1267 2185 Europaea,
1290 2134 1440 2185 quam
1457 2118 1577 2170 Asi·

508 2195 672 2258 atica,
687 2198 909 2262 populos
934 2198 1100 2248 divisa
1123 2205 1222 2248 est.

567 2269 585 2306 ¹
624 2274 721 2329 Qui
771 2288 911 2338 super
962 2274 1249 2340 Bosporum]
1316 2277 1580 2340 Bosporus

506 2350 731 2400 maxime
748 2350 944 2414 duplex
956 2349 1254 2403 celebratur
1270 2368 1286 2415 ς
1308 2353 1581 2416 Thracius,

505 2426 649 2477 luter
667 2427 939 2479 Thraciam
955 2435 1012 2481 et
1028 2430 1347 2494 Bithyniam,
1358 2429 1411 2480 in
1431 2431 1577 2496 cujus

507 2503 685 2554 citime
717 2506 896 2556 littore
929 2506 1032 2556 sita
1064 2507 1577 2571 Constantinopolis3

508 2587 565 2631 et
588 2581 914 2641 Cimmerius,
945 2598 1038 2647 per
1060 2597 1211 2649 quem
1236 2583 1447 2634 Maeotis
1471 2585 1574 2634 Pa-

505 2657 588 2708 lus
612 2658 815 2709 Euxino
845 2660 1022 2710 Ponto
1055 2659 1416 2711 committitur.
1479 2661 1578 2711 Est

509 2741 684 2786 autem
700 2737 967 2800 Bosporus
981 2735 1174 2787 fretum
1193 2736 1266 2786 ita
1282 2743 1577 2801 angustum,

506 2816 570 2860 ut
602 2811 697 2862 bos
729 2813 903 2863 nando
935 2814 1182 2878 trajicere
1205 2813 1404 2877 possit:
1441 2812 1579 2862 unde

505 2888 525 2917 ⁸
549 2889 846 2953 Bosphori:
870 2891 950 2939 vel
974 2891 1137 2955 magis
1168 2891 1183 2921 ⁴
1202 2888 1467 2953 Bospori,’
1484 2902 1577 2939 no·

503 2977 649 3028 men,
669 2980 698 3014 a
720 2967 838 3021 βοῦς
859 2973 914 3015 et
934 2964 1096 3032 πόρος,
1132 2967 1279 3031 quasi
1301 2966 1445 3015 ‘bovis
1476 2963 1575 3016 tra-

495 3040 673 3103 sectus.
736 3043 985 3093 Thracius
1006 3045 1142 3094 enim
1162 3052 1384 3109 quatuor
1397 3045 1575 3094 admo·

507 3118 631 3167 dum
652 3118 838 3183 stadia,
857 3118 965 3169 sive
988 3120 1296 3185 quingentos
1320 3137 1506 3186 passus
1520 3122 1575 3171 iu

504 3193 832 3245 latitudinem
857 3203 1023 3260 patet.
1056 3197 1197 3249 Huic
1213 3198 1367 3249 hodie
1389 3213 1576 3249 nomen

504 3272 550 3322 le
575 3273 807 3324 Concide
827 3274 875 3323 la
895 3274 1010 3325 Mer
1032 3275 1202 3326 Noire.
1267 3276 1576 3327 Cimmerius

506 3364 540 3400 a
563 3350 853 3401 Cimmeriis
865 3353 985 3402 olim
1005 3353 1209 3417 populis
1226 3352 1421 3415 dictus,
1436 3367 1577 3402 nunc

505 3428 663 3495 vulgo
681 3429 883 3480 Detroit
903 3430 961 3480 de
984 3429 1144 3496 Caffa.
1213 3432 1299 3480 De
1322 3430 1422 3480 isto
1447 3431 1573 3480 Cur-

504 3506 612 3557 tius
634 3507 1021 3572 intelligendus.

567 3584 609 3619 *¹²
631 3585 676 3637 A
692 3586 810 3635 toeoo
829 3586 1069 3652 straeioe]
1085 3586 1406 3638 Ptolemaeus
1415 3585 1574 3636 Thra-

505 3659 643 3711 ciam
663 3661 805 3711 inter
830 3670 888 3714 et
914 3663 1136 3728 Scythas
1160 3665 1447 3728 interponit
1464 3665 1572 3716 Da·

507 3737 668 3799 ciam3
701 3751 880 3788 verum
919 3740 1006 3789 alii
1028 3741 1160 3790 hanc
1193 3754 1419 3806 quoque,
1451 3754 1569 3789 cum

506 3812 712 3874 Curtio,
730 3815 957 3880 Scythiae
981 3817 1064 3866 vel
1100 3818 1370 3867 Sarmatiae
1401 3813 1569 3866 Euro·-

504 3905 635 3956 paeae
660 3902 863 3956 partem
885 3892 1103 3945 faciunt.

556 3974 595 4035 ,¹¹
616 3969 699 4019 Aa
718 3969 1089 4037 Borysthenem]
1105 3970 1472 4035 Borysthenes,
1484 3968 1574 4019 ho·

506 4043 596 4095 die
620 4046 823 4113 Nieper,
852 4050 1124 4099 Sarmatiae
1151 4047 1339 4099 fluvius
1365 4048 1570 4099 nobilis-

508 4121 683 4187 simus,
706 4140 772 4174 ex
796 4125 993 4191 duplici
1008 4125 1154 4176 fonte
1173 4134 1333 4189 ortua,
1357 4126 1410 4175 in
1433 4126 1571 4176 Pon·

509 4206 618 4250 tum
652 4201 912 4255 Euxinum
948 4216 1003 4253 se
1037 4201 1257 4256 effundit
1290 4203 1356 4255 ad
1390 4202 1571 4255 urbem

506 4278 756 4329 Όσεαοοω.

1724 1819 1748 1844 ⁰
1779 1811 1864 1862 Aa
1897 1811 2105 1877 Tanain]
2142 1810 2602 1863 Memoratissimus
2629 1811 2706 1862 hic

1661 1888 1799 1953 apud
1825 1891 2042 1939 Veteres
2066 1889 2354 1954 praesertim
2377 1888 2706 1953 Geographos

1659 1964 1867 2029 fluvius,
1886 1965 2026 2016 Asiae
2050 1975 2107 2016 et
2139 1960 2364 2029 Europae
2399 1965 2543 2014 limes
2565 1964 2629 2014 ab
2650 1965 2705 2014 iis

1660 2044 2009 2108 constitutus;
2049 2057 2340 2109 quanquam
2363 2041 2429 2091 de
2463 2041 2577 2106 ejus
2604 2040 2706 2091 fou·

1662 2120 1801 2171 tibus
1824 2117 1991 2186 deque
2008 2135 2159 2170 cursu
2181 2114 2312 2170 mira
2333 2119 2471 2170 inter
2485 2119 2596 2168 illos
2615 2118 2706 2168 fuit

1661 2196 1959 2261 opinionum
1982 2196 2353 2262 discrepantia,
2374 2201 2434 2244 ut
2457 2210 2521 2245 ex
2540 2195 2705 2245 Strab.

1662 2274 1753 2323 lib.
1776 2288 1815 2324 ι.
1839 2273 2193 2337 intelligimus,
2211 2278 2266 2323 et
2285 2272 2377 2324 lib.
2401 2286 2486 2322 χι.
2509 2271 2603 2322 sub
2623 2271 2705 2321 ini-

1660 2350 1807 2400 tium.
1874 2350 2153 2400 Geminum
2189 2350 2509 2399 recentiores
2536 2360 2706 2412 agnos-

1659 2434 1785 2478 cunt
1814 2426 2047 2478 Tanaim.
2115 2425 2292 2490 Maj0r
2327 2440 2396 2476 ex
2427 2426 2547 2475 lacu
2581 2425 2708 2474 inter

1655 2504 1908 2569 Sirgatios
1930 2511 1987 2554 et
2008 2503 2349 2567 Exorbycitas
2363 2502 2615 2565 nascitur,
2631 2500 2715 2550 ubi

1658 2584 1805 2648 regio
1838 2589 1920 2635 est
1949 2581 2313 2642 Moschovitis,
2347 2583 2512 2632 Remu
2544 2581 2706 2631 dicta:

1659 2660 1886 2725 indeque
1928 2662 2080 2725 longo
2114 2659 2255 2710 flexu
2300 2658 2365 2709 ad
2410 2660 2631 2709 Boream
2659 2663 2710 2706 et

1659 2736 1932 2786 Orientem
1973 2739 2301 2801 procurrens,
2339 2740 2449 2784 tum
2486 2733 2550 2783 ad
2580 2732 2710 2783 Afri·

1658 2827 1775 2863 cum
1799 2812 2039 2877 reflexus,
2067 2814 2120 2862 iu
2155 2811 2464 2863 Maeotidem
2497 2826 2552 2861 se
2575 2812 2712 2875 palu·

1657 2889 1775 2939 dem
1810 2896 2060 2939 exonerat
2098 2877 2261 2953 prope
2286 2888 2502 2937 Tanaim
2526 2887 2712 2947 urbem,

1654 2967 1753 3017 hoc
1796 2974 1895 3030 est,
1918 2966 2100 3032 Amph.
2166 2966 2346 3016 Minor
2384 2963 2435 3015 in
2482 2964 2712 3015 Moscho·

1657 3043 1800 3093 vitici
1843 3044 2067 3108 imperii,
2110 3049 2166 3092 et
2204 3042 2426 3092 Minoris
2466 3041 2711 3092 Tartarioe

1657 3119 1893 3170 confiniis
1916 3128 2082 3183 ortus,
2119 3120 2172 3169 in
2196 3120 2452 3183 Major-em
2477 3134 2535 3169 se
2556 3118 2714 3169 effun-

1658 3197 1754 3248 dit.
1820 3191 2041 3263 Utrique
2066 3197 2332 3260 vulgatum
2350 3203 2540 3245 nomen
2562 3201 2661 3257 est,
2677 3196 2715 3243 le

1658 3275 1787 3324 Don.
1830 3273 1936 3324 Sed
1960 3272 2083 3338 quid
2103 3273 2157 3322 in
2179 3271 2339 3321 Tanai
2365 3267 2579 3322 Curtius
2602 3285 2714 3321 cum

1658 3350 1777 3401 aliis
1814 3350 1991 3400 multis
2031 3348 2352 3414 peccaverit,
2386 3348 2625 3398 dicemus
2652 3347 2711 3395 ad

1655 3427 1744 3478 lib.
1774 3440 1877 3478 vn.
1900 3441 2016 3490 cap.
2037 3431 2089 3476 7.

1718 3510 1745 3546 Ρ
1783 3504 1882 3560 Qui
1928 3504 2136 3553 Parthos
2170 3499 2443 3565 condidere]
2477 3502 2713 3562 Gemina,

1652 3586 1714 3629 ut
1752 3580 1991 3643 diximus,
2023 3577 2335 3642 Scytharum
2369 3577 2516 3628 facta
2548 3585 2629 3626 est
2664 3576 2714 3624 in

1652 3654 1922 3706 Parthiam
1967 3654 2209 3717 irruptio.
2274 3653 2445 3703 Primi
2490 3654 2712 3704 Parthie

1651 3747 1858 3796 nomen,
1893 3730 2143 3795 postremi
2179 3730 2452 3795 imperium
2477 3730 2713 3779 attulere.

1653 3809 1781 3860 Illos
1797 3810 1841 3859 si
1859 3809 2072 3860 Curtius
2107 3809 2376 3873 intelligit,
2410 3824 2511 3861 nec
2536 3807 2716 3863 refelli,

1655 3886 1858 3951 opinor,
1871 3900 1968 3935 nec
1990 3886 2199 3950 probari
2218 3884 2371 3936 facile
2389 3893 2566 3951 potest
2579 3879 2712 3950 quod

1653 3964 1897 4016 affirmat.
1962 3964 2053 4016 Sin
2075 3963 2141 4015 de
2161 3966 2277 4016 istis
2301 3965 2493 4030 agitur,
2518 3973 2617 4015 non
2640 3965 2712 4013 ita

1656 4043 1982 4108 exploratum
2006 4048 2087 4094 est
2108 4055 2198 4092 eos
2222 4056 2289 4093 ex
2312 4042 2533 4106 Europa
2547 4038 2708 4091 venis-

1654 4135 1732 4183 se,
1755 4128 1815 4171 at
1837 4135 1903 4171 ex
1934 4119 2105 4171 Strab.
2129 4119 2218 4170 lib.
2253 4132 2331 4170 ιι.
2366 4119 2703 4181 intelligimus.

1657 4193 1869 4264 Quippe
1891 4201 1906 4227 ‘
1924 4213 2023 4248 non
2044 4203 2126 4248 est
2144 4209 2355 4261 prorsus
2373 4196 2422 4245 iu
2445 4189 2703 4249 confesso,'

1654 4278 1846 4343 inquit,
1865 4277 2006 4328 ‘'esse
2029 4273 2274 4341 quosdam
2291 4273 2474 4324 *Dahas
2492 4271 2693 4337 Scythas
