2978 4933
482 342 613 407 136
1282 356 1340 405 s.
1389 344 1888 406 rasissnnmr

486 497 918 559 matrimonium
949 515 1311 577 regnumque
1340 498 1551 558 sociari
1571 498 1661 558 fas
1684 511 1781 558 est
1804 498 2013 559 iisdem
2035 500 2379 580 parentibus
2410 505 2660 580 genitos:

383 588 390 593 ⁵
486 607 548 657 at
577 606 888 674 postquam
919 596 1233 655 Artemisia
1254 594 1547 655 desiderio
1576 595 1838 656 defuncti
1874 597 2156 669 extabuit,
2187 597 2464 657 Hidrieus
2495 620 2662 678 regno

483 692 728 771 potituS,
750 704 811 752 et
840 692 971 752 sine
999 692 1204 753 sobole
1232 692 1683 766 mortuus,Ada‘³
1713 695 1949 773 reliquit
1969 695 2291 774 imperium.
2376 698 2475 754 21.
2508 696 2664 754 Hanc

485 788 829 849 Pexodarus
874 790 1120 871 expulit,
1164 791 1266 869 qui
1319 810 1473 850 unus
1520 790 1596 850 de
1645 791 2000 852 Hecatomni
2053 793 2185 852 filiis
2231 804 2579 872 supererat:
2613 803 2666 852 et

482 905 819 965 quanquam
849 887 899 946 is
928 886 1306 961 decessisset,
1336 887 1580 949 exclusa
1610 891 1920 957 manebat:
1964 890 2105 968 quia
2132 888 2542 950 Orontobaten
2574 909 2667 949 no-

480 983 660 1043 bilem
689 984 931 1044 Persam
960 983 1304 1045 Pexodarus
1334 1004 1614 1064 generum
1644 985 1952 1057 asciverat,
1976 996 2043 1045 ut
2068 985 2130 1043 in
2159 1004 2314 1044 novo
2335 996 2396 1045 et
2424 986 2479 1044 vi
2510 996 2668 1066 parto

482 1082 723 1160 imperio
766 1081 924 1141 illius
972 1082 1182 1162 opibus
1224 1094 1284 1143 et
1326 1083 1516 1162 gratia
1556 1093 1992 1163 protegeretur:
2036 1093 2213 1162 atque
2256 1083 2375 1156 ille,
2414 1084 2667 1143 extincto

482 1197 710 1252 socero,
739 1177 901 1239 velut
927 1177 1127 1240 dotale
1155 1200 1399 1258 regnum
1447 1179 1759 1239 retinebat.
1840 1182 1941 1241 22.
1985 1180 2132 1240 Eam
2168 1179 2436 1258 injuriam
2466 1179 2666 1259 deplo-

482 1294 621 1335 rans
658 1275 886 1349 mulier,
939 1277 1115 1336 simul
1157 1276 1392 1337 Alindis
1439 1275 1676 1350 deditis,
1724 1278 2205 1354 (munitissimum
2250 1275 2313 1335 id
2368 1277 2671 1337 castellum

483 1373 657 1446 erat‚)
686 1372 1037 1453 impetravit,
1067 1384 1133 1433 ut
1159 1393 1374 1433 nomen
1402 1374 1528 1446 filii,
1553 1373 1711 1453 quod
1737 1374 2060 1447 deferebat,
2091 1375 2299 1434 lubens
2342 1374 2670 1453 acciperet:

484 1479 901 1548 strenuumque
931 1470 985 1529 ei
1012 1489 1247 1549 operam
1278 1470 1356 1531 ad
1398 1473 1659 1552 antiquae
1697 1471 2001 1553 dignitatis
2030 1473 2214 1534 decus
2257 1483 2482 1549 mature
2533 1474 2675 1549 reci-5

483 1565 765 1642 piendum
805 1565 1198 1645 polliceretur.
1284 1568 1495 1646 Neque
1533 1570 1823 1648 promisso
1851 1569 2000 1628 fides
2043 1568 2264 1629 defuit:
2306 1578 2672 1648 expugnata-

484 1683 599 1740 que
627 1662 843 1723 deinde
863 1663 1309 1737 HalicarnassO,
1331 1676 1515 1725 totam
1534 1665 1616 1725 illi
1641 1667 1873 1726 Cariam
1896 1686 2099 1747 parere
2119 1666 2357 1746 jussit.¹¹
2436 1668 2537 1725 23.
2579 1668 2674 1725 In-

483 1760 653 1820 terim
698 1761 856 1819 fama
895 1761 1149 1840 benigne
1198 1772 1462 1840 exceptae
1514 1762 1736 1842 reginae
1782 1783 1887 1843 per
1932 1784 2165 1824 omnem
2216 1761 2380 1822 illum
2424 1773 2673 1825 tractum

485 1855 701 1917 diffusa
728 1857 946 1916 multas
997 1856 1266 1918 civitates
1313 1859 1653 1920 Alexandro
1695 1861 2067 1929 conciliavit;
2112 1881 2247 1922 nam
2297 1860 2594 1941 pleresque
2640 1881 2676 1922 a

485 1955 829 2015 necessariis
858 1963 963 2014 aut
990 1954 1369 2016 familiaribus
1397 1956 1549 2016 Adae
1591 1959 1979 2023 tenebantur.
2023 1958 2062 2016 ii
2092 1980 2196 2040 per
2238 1960 2469 2040 legatos
2504 1961 2675 2019 obtu-

461 2030 677 2113 lerunt
717 2070 925 2111 aureas
975 2070 1247 2124 cornum,
1281 2052 1710 2132 ‘futurosque
1695 2073 1756 2112 m
1796 2053 1916 2113 fide
1960 2073 2032 2114 ac
2074 2066 2369 2135 potestate
2412 2057 2591 2135 regiS,
2619 2065 2679 2115 et

482 2147 768 2227 imperata
808 2148 1121 2219 facturos,'
1180 2150 1623 2229 promiserunt.¹¹¹
1704 2153 1802 2209 24.
1863 2150 2023 2210 Dum
2071 2151 2202 2213 haec
2258 2155 2340 2214 ita
2374 2164 2680 2232 geruntur,

484 2245 790 2323 exquisitae
834 2246 975 2306 artis
1002 2247 1346 2327 saporisque
1389 2248 1555 2307 cibos
1585 2257 1764 2327 atque
1792 2247 2038 2308 bellaria
2064 2250 2295 2324 solicite
2333 2251 2547 2310 confici
2575 2269 2679 2309 cu-

484 2341 653 2400 rabat
681 2341 836 2412 Ada,
865 2360 1052 2420 eaque
1083 2362 1216 2401 cum
1243 2342 1387 2421 ipsis
1416 2344 1623 2420 coquis
1653 2358 1712 2403 et
1751 2343 2106 2422 cupediariis
2147 2348 2271 2427 regi
2300 2346 2460 2406 dono
2489 2345 2683 2406 mitte-

482 2437 621 2505 bat;
667 2448 949 2517 tanquam
994 2439 1390 2500 benemerenti
1441 2439 1691 2520 gratiam
1739 2441 2016 2515 relatura,
2046 2444 2096 2503 si
2125 2444 2335 2505 muniis
2386 2462 2679 2503 armorum

484 2535 706 2595 fessum
760 2536 1189 2617 fatigatumque
1234 2537 1479 2598 Asiatici
1529 2540 1702 2599 luxus
1759 2539 1987 2600 deliciis
2039 2542 2378 2621 exciperet.⁴²
2457 2545 2560 2603 25.
2603 2542 2684 2601 At

484 2631 580 2694 ille
628 2633 887 2713 prudens
931 2635 1436 2716 intemperantiam
1483 2634 1642 2715 gulae
1688 2637 1840 2696 seria
1888 2638 2163 2697 tractanti
2206 2637 2681 2718 intempestivam

484 2748 636 2801 esse,
665 2731 1091 2790 benevolentiae
1120 2731 1360 2809 quidem
1386 2731 1652 2792 muliebri
1682 2732 1923 2792 comiter
1961 2734 2181 2812 gratias
2219 2732 2375 2814 egit;
2420 2744 2679 2794 ceterum

485 2839 502 2865 ⁴
537 2843 655 2882 non
707 2825 1058 2898 attinuisse,'
1102 2826 1429 2905 respondit,
1460 2833 1564 2885 ‘ut
1590 2846 1696 2906 pro
1742 2827 1874 2908 ipso
1924 2828 2155 2890 solicita
2190 2841 2368 2904 esset,
2407 2831 2681 2898 meliores

485 2923 739 2985 habente
782 2939 1029 2999 coquOS,
1073 2922 1284 2999 quibus
1333 2921 1529 3000 ipsum
1578 2922 1717 2982 olim
1780 2925 2147 3007 paedagogus
2198 2947 2339 2988 suus
2386 2928 2682 2991 Leonidas

487 3017 897 3085 instruxisset:
942 3017 1018 3076 ad
1069 3017 1380 3097 prandium
1430 3018 1542 3078 iter
1588 3019 2022 3095 antelucanum,
2053 3024 2128 3083 ad
2175 3044 2403 3085 coenam
2451 3026 2681 3108 frugale

485 3112 840 3195 prandium!

571 3213 677 3273 IX.
753 3216 804 3272 1.
847 3212 982 3272 Jam
1033 3222 1160 3273 tota
1205 3213 1383 3274 ferme
1431 3213 1609 3274 Caria
1636 3213 1696 3273 in
1743 3214 2024 3277 ditionem
2068 3218 2388 3279 Alexandri
2432 3238 2680 3281 conces-

490 3322 679 3376 serat:
725 3308 831 3369 sed
876 3319 1056 3389 caput
1099 3309 1264 3390 regni
1317 3311 1771 3371 Halicarnassus
1815 3313 1979 3373 firmo
2027 3316 2307 3395 praesidio
2349 3318 2679 3378 tenebatur.

492 3408 700 3485 Itaque
748 3405 1086 3466 diuturnam
1135 3407 1503 3468 obsidionem
1547 3407 1672 3467 fore
1717 3408 2081 3487 conjectam,
2124 3418 2576 3486 ‘commeatum,
2616 3424 2683 3473 et

488 3503 795 3566 machinas
824 3524 959 3583 quae
995 3503 1072 3563 ad
1113 3504 1615 3584 oppugnationem
1656 3504 2034 3583 pertinerent,
2065 3507 2314 3568 navibus
2358 3528 2429 3568 eo
2470 3508 2682 3589 depor-

489 3601 637 3662 tari'
675 3586 878 3682 jubet:
943 3602 1069 3681 ipse
1117 3622 1251 3662 cum
1290 3601 1554 3682 pedestri
1601 3601 1860 3661 exercitu
1916 3602 2125 3681 quinto
2173 3606 2248 3664 ab
2298 3606 2439 3665 urbe
2489 3606 2681 3666 stadio

489 3709 689 3759 castra
727 3701 1097 3762 communit.a
1176 3702 1235 3763 2.
1281 3699 1512 3760 Deinde
1556 3718 1754 3759 muros
1784 3699 2074 3769 adortum,
2101 3700 2275 3779 juxta
2300 3713 2529 3779 portam
2562 3722 2681 3782 qua

493 3796 763 3875 Mylassa
813 3798 924 3857 iter
966 3808 1079 3871 est,
1119 3797 1438 3879 improvisa
1492 3795 1921 3875 oppidanorum
1968 3798 2195 3876 eruptio
2248 3800 2514 3880 excepit:
2573 3801 2679 3861 sed

494 3890 923 3952 Macedonibus
972 3895 1196 3955 fortiter
1243 3895 1691 3956 conserentibus
1739 3895 2394 3973 manum,xquibusdam
2443 3917 2677 3958 suorum

494 3986 727 4046 amissis
754 3986 914 4047 haud
956 4009 1173 4069 magno
1202 3992 1441 4071 negotio
1483 3988 1682 4069 rejecti
1728 4000 1887 4051 sunt.
1974 3993 2032 4050 3.
2075 3991 2274 4053 Pauci*
2300 3992 2516 4072 deinde
2551 3995 2675 4054 dies

560 4154 595 4180 ¹³¹
629 4110 838 4196 Arrian.
860 4147 893 4197 Ι.
918 4149 951 4197 l.
1691 4160 1713 4186 0
1746 4152 1887 4202 Plut.
1912 4149 2066 4202 Alex,
2089 4156 2270 4215 p.6⁷⁷.

559 4231 585 4260 ¹¹
619 4222 777 4275 Diod.
796 4223 831 4273 1.
850 4224 886 4274 1.
995 4229 1000 4234 '
1689 4235 1713 4264 ὃ
1746 4227 1948 4277 Arrian.
1973 4228 2007 4277 l.
2030 4228 2065 4278 1.
2101 4227 2255 4278 Diod.
2281 4228 2312 4278 l.
2336 4229 2371 4279 1.
