2978 4933
517 400 648 464 140
1309 412 1367 458 J.
1416 409 1917 459 rnniusnnmu

520 557 791 618 exhausti
841 552 1125 634 fractique
1168 572 1301 613 cum
1348 553 1480 634 ipsa
1525 554 1666 612 urbe
1694 552 1755 612 in
1784 552 2021 614 victoris
2068 554 2366 614 arbitrium
2416 554 2694 615 concede-

521 667 692 725 rent:
736 654 863 726 sed,
893 654 1032 713 dum
1085 651 1305 730 aliquid
1336 651 1544 710 virium
1574 664 1930 730 superesset,
1959 665 2093 710 cum
2116 652 2321 711 robore
2362 651 2696 712 conductitii

520 751 718 813 militis
747 748 1191 832 erumpendum,
1219 758 1282 808 et
1308 748 1604 807 alacribus
1641 748 1848 806 animis
1890 767 2023 806 cum
2054 748 2224 807 hoste
2266 747 2695 827 confligendum

520 869 674 909 esse.
734 853 793 910 7.
838 847 1166 908 Consilium
1196 864 1390 917 suum,
1415 864 1535 924 quo
1564 845 1621 903 in
1655 844 1910 923 speciem
1941 844 2225 905 audacius
2261 854 2444 918 esset,
2471 864 2543 906 eo
2569 845 2695 924 plus

517 945 578 1004 in
606 945 955 1026 exequendo
983 945 1281 1005 facilitatis
1321 943 1693 1002 habiturum:
1739 942 2006 1002 hostibus
2050 943 2204 1001 enim
2234 943 2348 1001 alia
2368 941 2573 1002 omnia
2608 961 2698 1001 ex·

517 1044 914 1123 pectantibus,
952 1052 1012 1102 et
1040 1041 1323 1101 adversus
1351 1060 1555 1100 casum
1585 1040 1658 1099 de
1685 1059 1805 1120 quo
1836 1041 1977 1099 nihil
2008 1040 2344 1099 dubitarent
2382 1039 2696 1118 imparatis,

515 1140 893 1220 superfusum
919 1140 987 1199 iri
1015 1138 1197 1200 suos!
1279 1142 1334 1198 8.
1381 1139 1592 1217 Neque
1637 1139 1942 1209 Memnon,
1984 1157 2321 1217 quanquam
2361 1147 2539 1196 cauta
2567 1156 2699 1195 con-

517 1237 649 1297 silia
692 1238 973 1317 speciosis
1012 1237 1284 1318 praeferre
1334 1234 1568 1309 solitus,
1596 1235 1837 1303 restitit;
1878 1254 2018 1294 nam
2062 1234 2285 1294 etiamsi
2335 1233 2478 1291 nihil
2526 1253 2698 1293 nova-

515 1345 694 1406 retur,
722 1334 887 1393 nulla
932 1333 1263 1414 propinqua
1304 1331 1502 1392 auxilii
1548 1351 1675 1410 spe,
1704 1332 1929 1393 tristem
1974 1331 2301 1391 obsidionis
2329 1331 2552 1391 exitum
2583 1332 2698 1391 fore

516 1430 946 1509 prospiciebat;
992 1440 1070 1502 et,
1091 1442 1159 1490 ut
1185 1429 1245 1487 in
1275 1439 1441 1488 tanto
1488 1427 1840 1501 discrimine,
1871 1448 1989 1487 non
2020 1429 2416 1488 inconsultum
2448 1428 2699 1500 rebatur,

517 1527 761 1604 experiri
788 1527 974 1587 virum
1025 1546 1240 1599 acrem,
1269 1536 1331 1587 et
1364 1526 1463 1606 qui
1493 1526 1652 1586 velut
1697 1526 1980 1586 instinctu
2017 1525 2273 1606 quodam
2323 1525 2398 1584 ad
2441 1535 2701 1584 extrema

517 1622 794 1684 audenda
822 1633 1112 1704 ageretur.
1196 1627 1254 1685 9.
1298 1625 1485 1704 Igitur
1531 1625 1855 1707 Ephialtes,
1888 1624 2119 1683 duobus
2159 1622 2411 1682 millibus
2441 1642 2517 1680 ex
2545 1623 2698 1681 omni

518 1715 1001 1782 mercenariorum
1033 1741 1274 1782 numero
1317 1721 1588 1796 delectis,
1617 1731 1635 1758 ‘
1659 1724 1820 1783 faces
1849 1722 2008 1782 mille
2045 1740 2251 1801 parare
2277 1721 2292 1745 ’
2325 1720 2513 1799 jubet,
2545 1725 2564 1752 ‘
2595 1719 2702 1798 pri-

507 1813 728 1897 ‘maque
756 1820 887 1879 luce
927 1819 1160 1894 adesse,
1189 1831 1250 1881 et
1287 1833 1544 1883 armatos
1592 1832 1902 1901 expectare
1943 1818 2287 1898 imperium!
2367 1819 2583 1900 Coepta
2609 1819 2701 1877 die

516 1934 649 1975 cum
677 1914 1014 1979 Alexander
1038 1916 1247 1979 iterum
1276 1938 1441 1979 muro
1469 1919 1723 1981 lateritio
1749 1916 2053 1978 machinas
2084 1915 2488 1988 admovisset,‘¹
2518 1913 2701 1976 insta-

515 2023 758 2094 rentque
787 2014 1151 2076 Macedones
1194 2016 1379 2095 operi,
1422 2016 1728 2096 Ephialtes
1772 2026 1943 2094 porta
1971 2013 2165 2073 subito
2209 2015 2507 2094 patefacta
2536 2014 2703 2073 dimi·

516 2107 675 2170 dium
708 2131 945 2172 suorum
974 2113 1231 2174 immittit
1252 2133 1387 2174 cum
1417 2115 1664 2187 facibus,
1703 2115 1829 2194 ipse
1854 2132 1986 2173 cum
2015 2111 2224 2172 ceteris
2254 2111 2440 2171 denso
2470 2113 2701 2190 agmine

517 2208 916 2288 subsequitur,
942 2222 1009 2269 ut
1034 2210 1239 2271 hostes
1280 2210 1620 2271 incendium
1662 2209 2051 2291 prohibituros
2103 2218 2514 2269 summoveret.
2560 2222 2563 2225 ’
2608 2212 2698 2268 10.

516 2302 872 2377 Alexander,
893 2306 1193 2366 intellecto
1211 2307 1353 2385 quid
1374 2318 1664 2385 ageretur,
1683 2307 1867 2385 aciem
1891 2305 2153 2365 celeriter
2167 2305 2419 2377 instruit,
2438 2305 2703 2365 subsidia

515 2397 749 2457 delecto
779 2400 959 2458 milite
989 2402 1217 2459 firmat:
1263 2407 1278 2433 ‘
1310 2421 1560 2480 cumque
1590 2401 1738 2480 alios
1769 2401 1845 2460 ad
1875 2401 2334 2482 extinguendum
2365 2401 2564 2480 ignem
2592 2403 2674 2463 ire
2694 2407 2707 2428 ⁹

507 2494 805 2574 jussisset,
833 2497 893 2555 in
922 2516 1024 2556 eos
1051 2498 1149 2575 qui
1179 2515 1313 2555 cum
1344 2497 1619 2578 Ephialte
1647 2498 2008 2558 advenerant
2044 2499 2322 2578 impetum
2353 2498 2512 2557 facit.
2610 2503 2700 2561 ll.

514 2594 595 2652 At
621 2593 720 2652 ille
745 2594 963 2675 insigni
991 2594 1251 2674 corporis
1281 2596 1511 2668 robore,
1528 2606 1823 2674 quotquot
1848 2595 2114 2653 conferre
2140 2593 2350 2673 pedem
2379 2595 2701 2668 audebant,

513 2693 893 2765 obtruncanS,
926 2711 1065 2751 suos
1085 2711 1253 2764 voce,
1276 2704 1445 2765 nutu,
1474 2707 1536 2752 et
1562 2691 1826 2773 inprimis
1855 2691 2127 2770 exemplo
2169 2691 2245 2751 ad
2274 2692 2547 2751 virtutem
2579 2694 2703 2752 ani-

514 2791 748 2849 mabat:
789 2809 978 2868 neque
1003 2808 1207 2870 parum
1237 2789 1522 2849 molestiae
1551 2808 1585 2848 e
1617 2789 1797 2848 muris
1833 2787 2218 2848 exhibebatur
2243 2786 2399 2846 hosti
2424 2808 2439 2848 :
2483 2789 2704 2871 quippe

514 2898 730 2945 turrem
775 2896 1013 2960 centum
1056 2886 1382 2945 cubitorum
1430 2886 1659 2945 obsessi
1705 2895 2032 2957 erexerant,
2073 2884 2495 2964 tormentisque
2543 2907 2705 2948 corn·

515 2980 688 3040 mode
737 2977 1035 3059 dispositis
1080 2980 1282 3042 hastas
1321 2991 1382 3041 et
1417 3001 1565 3041 saxa
1601 2982 2039 3061 jaculabantur.
2128 2984 2223 3043 12.
2270 2983 2429 3043 Inter
2471 2967 2604 3044 haec
2632 3003 2705 3043 ex

515 3076 748 3137 diversa
800 3087 967 3157 parte
1009 3079 1167 3138 urbis
1215 3078 1353 3159 (ipsi
1403 3086 1418 3114 ‘
1444 3079 1767 3161 Tripylon'
1815 3079 2132 3154 vocabant)
2172 3078 2326 3138 duce
2383 3080 2702 3141 Memnone

513 3174 663 3234 alius
692 3175 1118 3257 oppidanorum
1148 3174 1406 3255 globus:³
1429 3196 1551 3255 qua
1575 3178 1811 3237 minime
1838 3177 2279 3256 expectabatur,
2307 3176 2534 3256 erupit:
2566 3190 2699 3237 tan-

513 3283 726 3351 tusque
754 3274 1039 3334 tumultus
1069 3274 1311 3334 incessit
1337 3275 1572 3348 castris,
1599 3286 1667 3336 ut
1692 3276 1819 3357 ipse
1847 3275 2023 3335 etiam
2052 3293 2153 3332 rex
2181 3273 2409 3333 consilii
2442 3274 2703 3336 incertus

513 3365 884 3430 efficeretur!
960 3370 1080 3431 Sed
1110 3372 1287 3432 animi
1315 3373 1741 3452 magnitudine,
1757 3383 1819 3432 et
1843 3370 2188 3452 opportunis
2217 3370 2474 3450 imperiis
2504 3372 2702 3431 omnia

512 3467 773 3544 pericula
792 3469 1203 3548 propulsabam
1250 3480 1310 3530 et
1338 3470 1578 3529 fortuna
1615 3469 1674 3528 in
1706 3479 1966 3548 tempore
1996 3466 2287 3526 subvenit.
2375 3470 2468 3527 13.
2516 3468 2703 3548 Igitur

512 3574 572 3625 et
619 3564 721 3644 qui
769 3565 1073 3625 machinas
1120 3561 1524 3640 incenderant,
1568 3585 1605 3626 a
1652 3566 2080 3626 Macedonibus
2128 3566 2229 3645 qui
2271 3565 2352 3624 ibi
2393 3566 2701 3636 curabant,

513 3662 731 3743 quique
760 3679 796 3722 a
824 3682 961 3742 rege
1009 3663 1173 3723 missi
1222 3663 1488 3723 subsidio
1516 3674 1817 3737 venerant,
1845 3683 1980 3724 cum
2023 3684 2240 3744 magna
2280 3662 2452 3723 clade
2482 3661 2701 3742 repulsi

468 3755 472 3760 ’
514 3769 689 3826 sunt;
733 3769 794 3819 et
821 3761 1198 3822 Memnonem
1239 3760 1600 3821 Ptolemaeus
1633 3760 1865 3841 excepit
1905 3761 2159 3841 Philippi
2180 3760 2362 3832 filius,
2387 3760 2531 3839 regii
2572 3778 2701 3820 cor-

513 3854 670 3931 poris
698 3868 923 3929 custos,
949 3869 1163 3937 praeter
1191 3860 1484 3940 propriam
1528 3879 1765 3919 manum
1798 3858 2007 3919 Addaei
2044 3858 2463 3935 Timandrique
2491 3857 2700 3918 cohor-

511 3949 671 4010 tibus
729 3952 1015 4032 stipatus:
1046 3964 1071 4000 ⁸
1118 3958 1212 4015 14.
1255 3975 1441 4035 eaque
1496 3965 1662 4036 parte
1715 3956 1951 4034 egregie
1999 3956 2264 4014 vicerunt
2317 3952 2700 4022 Macedones,

511 4062 849 4129 quanquam
922 4051 1310 4111 Ptolemaeum
1361 4053 1798 4131 Addaeumque,
1854 4065 1916 4112 et
1991 4052 2420 4131 sagittariorum
2488 4050 2698 4110 ducem

574 4209 599 4242 ἃ
635 4208 841 4259 Ari-ian.
869 4224 909 4260 1.
929 4214 1013 4261 23.
1714 4212 1735 4243 f
1763 4211 1921 4263 Diod.
1946 4212 2037 4263 1.1.

577 4293 600 4320 e
631 4284 769 4337 Id.1.
802 4287 837 4336 l.
1714 4296 1739 4331 8
1773 4289 1977 4338 Ari-ian.
2002 4288 2035 4338 1.
2061 4288 2095 4336 1.
