2978 4933
483 363 618 431 894

484 546 641 613 quae
671 521 986 602 celeriter,
1019 521 1174 606 igne
1196 526 1554 604 concepto,
1581 521 1723 585 late
1739 518 1911 585 fudit
1930 516 2329 583 incendium.
2371 515 2436 581 6.
2473 513 2669 595 Quod

482 632 601 696 ubi
655 628 1018 705 exercitus,
1072 627 1189 711 qui
1247 624 1428 690 haud
1474 622 1716 708 procul
1761 623 1850 688 ab
1892 623 2067 687 urbe
2110 618 2474 694 tendebat:
2522 638 2674 683 con-

490 733 755 817 spexit3
797 731 1140 796 fortuitum
1174 737 1380 806 ratus,
1430 726 1520 792 ad
1548 745 1747 811 opem
1789 722 2124 791 ferendam
2167 721 2532 788 concurrit.
2617 722 2679 784 7.
2784 800 2787 805 ⁴

485 835 625 901 Sed
654 841 735 900 ut
763 833 855 900 ad
885 832 1289 899 vestibulum
1331 831 1532 912 regiae
1564 837 1834 895 ventum
1862 814 2015 907 θείς
2057 824 2283 890 vident
2325 843 2550 904 regem
2577 823 2680 906 ip-

483 958 631 1004 sum
647 937 882 1004 adhuc
927 947 1346 1018 aggerentem
1375 932 1591 998 faces.
1676 931 1955 996 Omissa
1980 927 2205 1011 igitur,
2228 944 2438 1010 quam
2467 931 2687 1008 porta-

482 1048 734 1120 verant,
762 1058 964 1124 aqua,
994 1036 1248 1102 aridam
1276 1034 1623 1101 materiam
1668 1033 1739 1098 in
1778 1029 2159 1097 incendium
2198 1028 2428 1112 jacere
2456 1045 2687 1110 coepe-

488 1150 662 1209 runt.
749 1144 814 1208 8.
860 1141 1067 1207 Hunc
1094 1140 1348 1205 exitum
1376 1135 1620 1202 habuit
1659 1134 1843 1219 regia
1881 1132 2095 1198 totius
2127 1128 2476 1206 Orientis‚‘¹
2507 1129 2689 1193 uude

488 1255 586 1315 tot
635 1251 869 1330 gentes
920 1251 1075 1310 ante
1093 1243 1247 1329 jura
1287 1242 1613 1326 petebant
1629 1239 1674 1319 ς’
1716 1236 1942 1323 patria
1980 1240 2086 1300 tot
2133 1251 2404 1316 regum;
2448 1234 2690 1298 unicus

493 1350 828 1435 quondam
858 1346 1152 1414 Graeciae
1174 1351 1422 1424 terror;
1472 1341 1714 1407 molita
1741 1340 1925 1405 mille
1969 1337 2239 1404 navium
2256 1343 2279 1372 ⁶
2308 1336 2594 1401 classem
2624 1343 2693 1399 et

496 1453 857 1528 exercituS‚
891 1450 1132 1534 quibus
1163 1447 1442 1530 Europa
1484 1444 1812 1511 inundata
1854 1446 1983 1521 est,
2013 1438 2449 1508 contabulato
2489 1440 2658 1503 mari
2679 1436 2701 1476 f

494 1555 787 1621 molibus
836 1552 1287 1638 perfossisque
1317 1550 1708 1626 montibus,⁸
1750 1547 1818 1611 in
1860 1564 2144 1630 quor-um
2177 1561 2430 1627 specus
2458 1541 2695 1606 fretum

492 1658 873 1725 immissum
904 1663 1032 1721 est.
1119 1657 1185 1722 9.
1229 1654 1336 1721 Ac
1378 1673 1461 1719 ne
1508 1654 1712 1736 longa
1755 1648 2029 1735 quidem
2061 1654 2286 1718 aetate,
2315 1664 2473 1730 quae
2505 1644 2698 1711 exci-

492 1762 679 1828 dium
736 1761 881 1845 ejus
931 1766 1173 1825 secuta
1229 1765 1354 1837 est,
1401 1750 1822 1823 resurrexit.h
1907 1750 2105 1817 Alias
2158 1749 2360 1815 urbes
2409 1745 2697 1814 habuere

966 379 1037 439 Q.
1083 373 1347 426 cumn
1401 360 1586 424 num
1637 370 1782 423 mn.
1829 373 1899 421 v.
1945 372 2110 423 on».
2151 357 2217 422 ⁵7.

555 1943 580 1968 ⁸
619 1935 718 1991 Qui
732 1951 825 1986 non
846 1938 981 1999 longe
1001 1951 1034 1985 a
1054 1933 1300 1998 Persepoli
1321 1937 1480 1983 castra
1502 1932 1719 1984 habebat.

558 1999 582 2032 ὅ
614 2001 699 2052 Ex
717 2017 810 2065 qua
828 2007 902 2051 tot
919 1999 1078 2067 populu·
1100 2005 1240 2050 antea
1264 2002 1392 2062 leges
1413 1998 1723 2062 accipiebant.

1404 2140 1769 2165 mnu

492 2248 799 2306 accepim—6
833 2242 949 2293 Pal.
975 2248 1023 2295 1.
1041 2242 1103 2292 ab
1123 2244 1237 2292 urbe
1256 2243 1462 2295 cedebat.
1512 2244 1666 2294 Voss.
1686 2248 1734 2292 2.
1756 2241 2281 2304 ramsorwitum.—⁷
2304 2240 2445 2292 Dan.
2468 2241 2707 2292 Florent.

495 2308 643 2356 Leid.
666 2313 720 2355 et
741 2307 892 2358 Voss.
916 2313 963 2358 1.
986 2309 1454 2370 adgeruntemfuces.
1503 2309 1737 2361 Floreat.
1762 2309 1910 2360 Leid.
1933 2308 2086 2358 Voss.
2111 2314 2157 2356 l.
2179 2312 2228 2359 2.
2250 2314 2305 2357 et
2329 2307 2451 2357 Ald.
2471 2307 2578 2368 igni
2599 2307 2704 2355 ατ·-

494 2372 622 2420 daem-
660 2372 901 2423 aFlet-eut.
923 2373 1070 2422 Leid.
1093 2380 1149 2422 et
1175 2374 1338 2438 Boug.
1363 2374 1610 2423 omittunt
1632 2374 1988 2423 materiem—8
2021 2373 2156 2422 Hinc
2174 2375 2356 2422 exitum
2380 2372 2515 2421 Mer.
2552 2376 2622 2420 tot
2641 2385 2704 2433 ς.

495 2441 637 2486 meu
658 2434 891 2487 Floreat.
913 2437 1059 2488 Leid.
1080 2446 1133 2487 et
1147 2439 1301 2488 Voss.
1325 2441 1373 2488 1.
1389 2439 1555 2489 molitu
1578 2438 1651 2490 X.
1667 2438 1867 2489 millium
1883 2439 2071 2488 navium
2091 2438 2192 2488 Ed.
2215 2452 2295 2502 pr.
2312 2438 2528 2488 Venett.
2550 2437 2705 2486 Rom.

495 2501 619 2557 Ver.
638 2517 720 2554 an.
743 2506 888 2553 1474.
916 2503 1109 2553 Veron.
1124 2502 1160 2555 J
1166 2510 1276 2554 unt.
1299 2502 1416 2554 ΑΜ.
1439 2505 1596 2555 Frob.
1621 2504 1734 2555 Col.
1754 2504 1922 2555 Colin.
1941 2504 2141 2568 Gryph.
2158 2504 2296 2554 Mer.
2319 2511 2374 2552 et
2397 2504 2519 2552 Bae.
2534 2502 2706 2550 mulien

501 2566 636 2616 XM.
658 2568 853 2617 nuvium
871 2569 1022 2618 Voss.
1037 2573 1088 2617 2.
1121 2569 1285 2619 molita
1303 2578 1368 2623 ω
1387 2569 1578 2619 nauium
1603 2570 1793 2620 Fauch.
1812 2576 1868 2618 et
1889 2570 2054 2632 Bong.
2071 2573 2118 2619 1.
2147 2569 2278 2618 mille
2299 2568 2450 2617 deest
2471 2569 2520 2615 in
2536 2567 2707 2627 Bong-

500 2636 550 2680 2.
573 2640 625 2684 et
646 2634 800 2684 Voss.
823 2638 870 2682 1.
904 2635 1069 2683 molita
1098 2635 1228 2683 mille
1257 2635 1449 2684 navium
1488 2634 1630 2684 Pith.
1664 2641 1722 2685 et
1758 2633 1881 2684 edd.
1914 2639 2034 2697 post
2073 2634 2434 2683 Medium—9
2467 2631 2705 2681 Florent-

497 2696 643 2748 Leid.
665 2697 811 2747 Voss.
835 2702 947 2749 Le.
967 2700 1133 2762 Boug.
1159 2699 1273 2748 Col.
1289 2707 1345 2749 et
1367 2699 1535 2750 Amst.
1580 2702 1656 2749 Ac
1677 2712 1736 2748 ne
1753 2705 1848 2749 tam
1867 2700 2007 2760 longa
2021 2714 2041 2758 ‚⁰
2084 2696 2274 2748 Scheff.
2299 2698 2524 2747 mavult:
2550 2698 2622 2746 Ac
2641 2709 2707 2743 ne

501 2767 603 2811 tam
621 2762 762 2824 longa
781 2764 870 2813 Ιιαο
891 2763 1075 2827 quidem
1096 2768 1255 2813 oetate.
1290 2764 1450 2815 Haecz
1472 2779 1588 2828 quus
1604 2779 1741 2820 nune.
1762 2767 1843 2827 ξσ.
1871 2778 2030 2828 usqne
2055 2763 2118 2812 ad
2144 2765 2413 2813 decreverat
2436 2776 2553 2825 cap.
2576 2772 2707 2809 vur.

499 2823 530 2888 ᾧ
555 2831 602 2875 1.
636 2828 687 2877 in
712 2829 864 2878 Voss.
885 2833 929 2878 1.
953 2834 1159 2892 prorsus
1182 2828 1369 2877 omissa
1395 2833 1551 2889 suut3
1587 2828 1725 2878 uude
1745 2835 1913 2878 totum
1936 2830 2106 2877 locum
2132 2843 2227 2892 pro
2252 2829 2429 2890 spurio
2447 2836 2604 2890 atque
2622 2825 2705 2872 in·
2786 2875 2789 2880 ,

500 2891 667 2941 siritio
687 2891 850 2943 habet
882 2892 1123 2944 Cunzius.
1171 2890 1361 2944 Scheff.
1397 2892 1674 2958 legendum
1707 2893 1990 2944 censebat:
2024 2894 2164 2944 Alias
2185 2893 2340 2949 urbes,
2369 2889 2708 2956 quassatam

1491 3021 1707 3073 No'rAE

569 3116 595 3151 θ
627 3116 789 3179 Regia
808 3119 954 3167 totius
976 3118 1215 3183 Orientis]
1261 3120 1426 3170 Erant
1446 3120 1562 3171 aliae

1624 3117 1799 3170 misso
1841 3121 1971 3171 mari
2026 3120 2459 3184 circumnavigari
2509 3126 2711 3185 posset.

506 3207 711 3259 quoque
734 3194 1013 3245 Persarum
1037 3197 1222 3261 regiae3
1247 3204 1305 3246 ut
1326 3198 1566 3262 vidimus,

1642 3200 1730 3250 De
1768 3213 1869 3263 quo
1919 3198 2037 3248 vide
2079 3197 2313 3248 Isaaeum
2360 3197 2601 3247 vossium
2637 3196 2708 3246 ad

503 3283 621 3334 cap.
662 3275 711 3319 6.
748 3270 841 3320 sed
881 3272 982 3321 ista
1014 3273 1238 3322 omnium
1275 3273 1563 3339 praecipus,

502 3359 788 3411 regumque
811 3346 965 3397 sedes
988 3356 1258 3400 consueta.

568 3428 591 3455 ⁶
622 3422 768 3473 Mine
788 3422 1000 3487 nuvium]
1033 3425 1163 3474 Cum
1187 3424 1393 3475 Xerxes
1415 3424 1565 3477 Grn-

504 3498 579 3549 ds
598 3498 793 3549 bellum
812 3498 1065 3561 inferret3
1090 3515 1151 3550 ae
1172 3502 1411 3566 plerique
1426 3504 1568 3553 ultra

503 3576 645 3627 mille
668 3575 915 3627 ducentas
946 3584 1236 3640 numerant,
1269 3585 1367 3628 nee
1389 3577 1568 3644 pauci-

506 3668 622 3704 ores
667 3657 948 3708 onerarias.
1014 3656 1150 3708 Vide
1191 3657 1447 3708 Herodot.
1471 3658 1566 3709 lib.

506 3744 607 3781 vu.
624 3732 904 3784 Jmtinum.
931 3733 1022 3783 lib.
1045 3748 1111 3785 ιι.
1408 3743 1411 3746 ’

572 3805 593 3839 ¹
621 3808 933 3859 Castabulum
950 3811 1097 3875 muri]
1123 3810 1251 3861 Cum
1271 3809 1409 3861 idem
1431 3811 1568 3861 Xer·

505 3895 599 3932 xes
638 3883 703 3931 ad
740 3886 1028 3935 exercitum
1057 3888 1109 3935 in
1132 3886 1390 3949 Europam
1418 3873 1594 3951 traji·'

454 3977 462 3986 *
508 3956 747 4005 ciendum
813 3958 1163 4024 Hellesponto
1229 3973 1295 4011 ex
1353 3961 1568 4011 navibus

509 4038 721 4095 pontem
746 4032 948 4095 injecit.

529 4159 536 4163 .
575 4115 600 4153 s
635 4107 962 4172 Per-fossisque
976 4111 1231 4177 montibus]
1274 4113 1360 4164 Ab
1381 4115 1567 4166 eodem

512 4183 687 4237 ferunt
708 4191 932 4234 montem
953 4184 1091 4235 Atho
1108 4187 1434 4241 Macedoniae
1449 4205 1568 4255 per-

513 4261 706 4312 fossum
749 4274 866 4312 esse
906 4261 971 4311 ad
1009 4273 1113 4313 nn).
1146 4279 1344 4330 passus,
1375 4274 1433 4318 ut
1471 4269 1567 4320 im·

1643 3275 1801 3326 Melae
1824 3275 1913 3326 lib.
1938 3289 2001 3325 ιι.
2024 3289 2144 3338 cap.
2167 3278 2216 3326 2.

1708 3349 1733 3385 ¹²
1766 3350 2075 3414 Remrreaeit]
2120 3350 2257 3404 Quid
2302 3350 2347 3399 si
2392 3365 2459 3399 ne
2513 3349 2712 3400 cecidit

1643 3428 1892 3493 quidem?
1914 3428 2053 3477 Saue
2077 3426 2262 3491 reliqui
2285 3425 2589 3490 scriptores,
2606 3425 2712 3475 Ar·

1645 3505 1820 3554 rianus
1843 3504 1934 3554 lib.
1959 3517 2046 3553 ιιι.
2091 3502 2281 3551 Strabo
2316 3501 2406 3551 lib.
2443 3514 2543 3552 xv.
2575 3502 2714 3552 Dio-

1646 3581 1820 3645 dorus,
1853 3581 2007 3647 quem
2043 3581 2238 3630 Noster
2272 3579 2598 3643 potissimum
2633 3594 2715 3630 se-

1647 3660 1737 3724 qui
1757 3659 1912 3720 solet,
1944 3657 2034 3706 lib.
2066 3670 2208 3706 xvn.
2240 3657 2400 3705 solam
2426 3656 2550 3721 Cyri
2574 3657 2718 3721 regi·

1649 3749 1730 3785 am
1782 3739 2168 3784 concrematam
2222 3730 2477 3781 referunt.
2539 3730 2623 3783 Ae
2666 3732 2713 3782 si

1649 3810 1774 3861 urbs
1806 3810 1919 3873 ipsa
1942 3808 2175 3858 funditus
2198 3809 2372 3858 excisa
2394 3807 2553 3872 foret,
2583 3824 2712 3875 quo·

1647 3886 1802 3936 modo
1823 3886 1961 3935 idem
1996 3884 2256 3934 Diodorus
2285 3885 2377 3934 lib.
2410 3899 2537 3937 xlx.
2572 3887 2715 3940 iuter

1625 4008 1628 4011 .
1648 3962 1740 4012 illa
1760 3976 2114 4012 successorum
2130 3961 2416 4011 Alexandri
2430 3962 2567 4013 bella
2585 3964 2715 4015 Per·

1650 4039 1867 4103 sepolim
1891 4038 2060 4106 adhuc
2097 4038 2246 4101 regui
2281 4048 2445 4102 eaput
2473 4040 2713 4091 diceret?

1648 4116 1773 4183 quid
1825 4116 2013 4164 mirum
2053 4115 2215 4178 igitur
2258 4115 2303 4164 si
2353 4120 2386 4165 2
2437 4116 2712 4167 Macchab.

1650 4207 1768 4257 cap.
1804 4205 1882 4242 ιι.
1917 4192 2243 4255 Persepolim
2288 4199 2520 4242 tentasse
2561 4192 2711 4243 Ami-

1650 4270 1808 4319 ochus
1837 4267 2064 4334 legitur?
2130 4267 2205 4322 At
2230 4272 2255 4317 1
2284 4268 2561 4322 Macchab.
2592 4285 2709 4335 esp.
