2978 4933
818 387 939 437 or..
985 384 1173 435 cxu.
1216 369 1280 436 2.
1354 385 1425 434 A.
1473 384 1596 434 cn.
1640 385 1717 435 N.
1756 368 1916 438 330.
2347 369 2481 438 395

281 529 737 598 Macedonum
766 526 994 614 reges,¹
1036 550 1210 615 quas
1240 549 1414 595 nunc
1448 530 1699 596 habent
1726 516 2002 598 Parthi:
2046 531 2248 616 hujus
2276 533 2480 598 vesti-

278 636 462 719 gium
492 653 621 699 non
652 634 1069 711 inveniretur,
1097 635 1232 698 nisi
1266 632 1534 699 Araxes
1586 634 1804 699 amnis
1849 634 2257 701 ostenderet:
2302 634 2477 700 haud

278 736 542 821 procul-
563 737 899 801 moenibus
946 736 1268 801 fluxerat:
1331 732 1493 800 inde
1539 737 1773 801 urbem
1809 736 2021 801 fuisse
2073 752 2215 801 xx.
2246 738 2481 802 stadiis

280 838 672 915 distantem,
700 837 978 904 credunt
1004 838 1220 919 magis
1249 856 1452 922 quam
1484 838 1706 903 sciunt
1730 836 2009 902 accolae.
2099 840 2204 903 10.
2244 837 2476 902 Pude-

279 942 404 1006 bat
445 940 882 1019 MacedoneS‚
941 947 1082 1007 tam
1126 941 1521 1025 praeclaram
1566 940 1802 1005 urbem
1850 960 1893 1005 a
1937 941 2480 1006 comessabundo

280 1063 438 1126 rege
480 1041 768 1109 deletam
798 1062 965 1108 esse.
1053 1043 1289 1127 Itaque
1320 1063 1429 1109 res
1455 1044 1523 1107 in
1556 1044 1799 1108 serium
1831 1062 2034 1112 versa
2062 1050 2212 1127 est3
2255 1050 2325 1109 et
2353 1043 2480 1108 im-

280 1150 684 1230 peraverunt
711 1146 868 1224 sibi,
907 1152 985 1211 ut
1028 1147 1412 1224 crederent,⁶
1458 1151 1479 1182 ⁸
1503 1145 1622 1210 illo
1668 1146 2093 1230 potissimum
2134 1147 2336 1213 modo
2377 1146 2485 1211 fu·

281 1248 422 1313 isse
478 1247 872 1314 delendam!
956 1249 1061 1314 11.
1109 1250 1373 1333 Ipsum,
1407 1256 1486 1314 ut
1536 1249 1821 1332 primum
1868 1258 2217 1332 gravatam
2260 1250 2481 1315 ebrie-

283 1356 424 1415 tate
475 1355 754 1416 mentem
802 1351 997 1434 quies
1026 1351 1336 1431 reddidit,
1366 1351 1767 1437 poenituisse
1806 1358 2078 1417 constat
2105 1359 2175 1418 et
2202 1353 2483 1430 dixisse,

279 1460 301 1488 ‘
328 1453 617 1537 majores
647 1473 890 1536 poenas
919 1453 1171 1518 Persas
1202 1453 1468 1520 Graecis
1502 1454 1780 1519 daturos
1808 1453 2044 1528 fuisse,
2067 1454 2127 1518 si
2155 1454 2382 1538 ipsum
2411 1455 2484 1518 in

280 1556 460 1620 solio
489 1557 800 1640 regiaque
825 1554 1089 1622 Xerxis
1117 1541 1454 1639 respicere
1472 1556 1692 1621 coacti
1719 1553 1982 1621 essent.'
2067 1556 2172 1621 12.
2203 1556 2483 1623 Postero

282 1659 396 1722 die
428 1655 679 1743 Lycio,j
727 1658 1013 1738 itiner-ie,
1055 1677 1191 1741 quo
1239 1658 1592 1723 Persidem
1643 1658 2028 1737 intraverat,
2075 1658 2254 1736 duci,
2285 1674 2486 1725 xxx.

282 1760 542 1828 talenta
568 1762 748 1827 dono
778 1761 984 1828 dedit.
1032 1761 1214 1827 Hinc
1247 1762 1316 1826 in
1345 1762 1680 1846 regionem
1713 1759 1968 1826 Mediae
1991 1756 2016 1795 ¹¹
2045 1759 2338 1838 transiit,
2368 1762 2488 1826 ubi

351 1933 373 1960 ⁶
408 1928 479 1977 Ee
496 1926 590 1978 eibi
609 1929 735 1978 ultro
750 1932 1090 1993 persuaserunt
1109 1933 1165 1979 ut
1180 1933 1424 1994 putarent,
1444 1932 1526 1994 ᾄτ.

1198 2069 1562 2091 OOOOOOOOOOOO

283 2174 443 2237 reges,
463 2187 587 2222 nuuc
608 2172 776 2222 habene
802 2172 993 2222 Parthi.
1042 2173 1197 2224 Voss.
1215 2177 1265 2222 2.
1282 2186 1373 2222 non
1388 2172 1782 2222 inmitem—10
1816 2171 1971 2222 Frob.
2001 2172 2138 2223 Mer.
2161 2173 2282 2221 Bas.
2303 2170 2416 2222 Col.
2430 2176 2489 2222 et

285 2238 414 2289 And.
440 2244 537 2287 tum
556 2239 750 2287 claram.
798 2238 947 2287 Leid.
968 2244 1022 2287 et
1038 2239 1180 2293 Dan.
1207 2237 1568 2296 commbundo3
1606 2236 1725 2288 ΑΜ.
1742 2238 2138 2287 εοηιηιεωὸαπάο.
2185 2237 2490 2287 Ald.Colin.

286 2303 495 2366 Gryph.
514 2302 626 2352 Col.
648 2303 771 2351 Bas.
794 2309 850 2351 et
873 2303 1011 2353 Mer.
1033 2308 1082 2352 et
1102 2303 1478 2366 impeti-avenant
1492 2318 1513 2360 ‚·
1547 2303 1694 2353 Voss.
1728 2307 1777 2353 2.
1797 2308 1844 2352 et
1866 2302 2219 2366 imperaverunt
2236 2303 2313 2351 vel
2331 2315 2491 2366 spera-

281 2375 455 2418 emat
469 2384 490 2426 ,·
522 2367 639 2417 Pal.
668 2371 714 2416 1.
736 2373 783 2417 et
803 2368 1152 2431 imperaverunt
1174 2368 1348 2430 igitar.
1399 2368 1516 2417 Pal.
1534 2368 1744 2427 bsai-sse
1763 2369 2156 2417 delendum—ll
2175 2367 2288 2417 Pal.
2308 2371 2354 2416 l.
2372 2379 2491 2428 gra-

282 2439 446 2483 vatam
460 2431 751 2483 ebrietatem.
800 2432 947 2482 Leid.
970 2433 1122 2484 Voss.
1142 2437 1193 2485 2.
1215 2440 1271 2483 et
1294 2431 1410 2483 Ald.
1434 2432 1656 2498 regiaque
1680 2432 1872 2483 Xersis.
1925 2432 2159 2483 Florent.
2174 2431 2324 2483 Leid.
2339 2432 2492 2481 Voss.

286 2503 340 2549 2.
355 2500 531 2564 Βοῦς.
551 2500 668 2549 alii:
708 2499 891 2548 Xerxi·
909 2498 1173 2563 conspicere
1192 2514 1238 2550 c.
1259 2502 1565 2552 menan—12
1602 2498 1749 2549 Voss.
1769 2503 1823 2549 2.
1846 2499 1990 2549 Lecio
2014 2513 2110 2563 pro
2138 2498 2303 2562 Lycio·
2350 2497 2491 2547 Mer.

1276 2644 1496 2697 NOTAE

285 2756 368 2793 vr.
380 2742 468 2792 nbi
482 2742 661 2792 eadem
674 2741 988 2800 referuntur,
1002 2741 1231 2806 Elymais
1244 2748 1345 2793 est.

287 2819 444 2870 Quod
472 2819 612 2869 urbis
636 2833 823 2869 nomen
861 2834 926 2870 eo
962 2821 1078 2869 loco
1110 2832 1226 2868 esse
1252 2817 1346 2867 du-

286 2894 431 2944 bium
464 2909 567 2944 non
610 2903 709 2960 est,
752 2896 985 2960 quamvis
1026 2902 1084 2945 et
1121 2894 1346 2957 regionis

288 2986 497 3036 quoque
541 2973 621 3021 ait.
686 2972 773 3022 Ab
829 2970 1047 3022 ‘Elam'
1087 2971 1149 3021 fit
1189 2971 1350 3037 ‘Ely-

287 3047 481 3098 maisz'
517 3048 664 3099 Elam
705 3048 814 3099 sive
861 3049 1117 3112 Elamitoe,
1170 3049 1351 3100 Persoe

288 3132 443 3187 eunt3
481 3126 498 3155 ⁸
515 3124 770 3189 Elymais’
796 3126 959 3190 igitur
978 3129 994 3155 ‘
1015 3125 1355 3191 Persepolis?

301 3239 304 3242 -
356 3202 715 3253 *Macedonum
750 3204 910 3266 reges]
953 3202 1256 3253 Alexander
1296 3218 1355 3253 e-

282 3282 482 3348 jusque
525 3296 853 3332 successores
899 3283 988 3347 qui
1019 3282 1353 3332 inPerside

289 3367 578 3423 regnarunt
600 3358 933 3425 aliquamdiu.
990 3360 1134 3408 Nune
1153 3357 1357 3422 Parthi]

291 3435 439 3486 Infra
475 3437 568 3487 lib.
601 3450 679 3487 vr.
717 3451 836 3501 cap.
858 3441 908 3487 2.
971 3435 1186 3500 Araxes]
1218 3434 1355 3485 Vide

292 3528 455 3579 supra
469 3528 587 3578 cap.
609 3517 659 3563 4.

353 3589 371 3633 ¹
407 3588 581 3656 Lycio]
622 3591 808 3653 Supra,
830 3603 945 3658 cap.
967 3593 1018 3639 4.
1057 3588 1239 3639 XXX.
1277 3592 1353 3638 tc-

257 3681 262 3686 ’
290 3667 446 3730 iada]
483 3668 564 3718 De
588 3667 799 3717 talentis
818 3667 911 3717 lib.
934 3679 1020 3716 m.
1042 3680 1160 3730 cap.
1190 3665 1288 3717 ult.

303 3779 309 3786 -
357 3744 385 3779 ¹¹
418 3745 620 3810 Medic]
673 3745 870 3801 Media,
912 3758 1064 3808 qnam
1102 3741 1279 3793 Graeci
1323 3757 1355 3792 a

290 3822 458 3873 Medo
498 3821 645 3886 AEgei
688 3830 746 3872 et
780 3821 988 3870 Medeae
1023 3819 1132 3870 filio
1162 3818 1357 3869 dietam

291 3898 519 3963 fingunt,
555 3899 609 3947 in
654 3897 782 3948 duas
823 3912 854 3947 a
886 3896 1142 3948 Strabone
1180 3900 1356 3959 partes

291 3977 567 4039 dividitur,
595 3976 820 4026 Mediam
843 3976 1100 4040 Majorem
1124 3983 1181 4024 et
1200 3973 1357 4026 Atro·

294 4055 513 4120 patiam.
578 4052 759 4104 Media
782 4053 973 4116 Major,
998 4068 1028 4100 a
1049 4051 1358 4115 septemtri-

296 4147 398 4182 one
429 4130 617 4194 Caspio
649 4130 807 4186 Mari,
841 4130 906 4179 ab
929 4129 1067 4179 Ortu
1092 4126 1361 4192 Hyrcania

296 4215 354 4257 et
379 4207 616 4269 Parthia,
648 4220 681 4254 a
716 4205 938 4255 Meridie
961 4204 1160 4263 Persia,
1191 4202 1257 4252 ab
1278 4216 1363 4252 oc·

296 4299 424 4336 casii
467 4283 682 4349 Assyria
714 4290 770 4334 et
808 4281 1086 4347 Atropatia
1122 4282 1363 4332 termina-

1427 2749 1531 2793 tur.
1598 2740 1921 2791 Hodiernum
1957 2753 2142 2790 nomen
2174 2738 2359 2790 dicunt
2380 2752 2493 2789 esse

1425 2816 1715 2879 Aderbaion,
1730 2817 1875 2881 cujus
1895 2822 2005 2864 tres
2024 2815 2291 2880 praecipue
2313 2823 2494 2878 partes

1427 2891 1689 2954 feruntur,
1716 2893 1939 2957 Guium,
1986 2893 2172 2943 Yerack
2210 2892 2406 2954 Agemi,
2440 2899 2496 2942 et

1429 2970 1687 3020 Dilemont
1725 2970 1780 3020 in
1831 2968 2061 3022 secunda
2105 2975 2190 3019 est
2235 2968 2499 3032 Hispana

1432 3048 1542 3098 sive
1575 3047 1808 3113 Aspeliam
1834 3048 2107 3098 Persarum
2129 3046 2285 3096 hodie
2317 3061 2492 3110 regum

1431 3123 1599 3176 aedes.
1665 3124 1966 3188 Atropatia,
2006 3126 2115 3174 sive
2148 3124 2499 3188 Atropatene,

1433 3202 1573 3251 inter
1606 3200 1838 3251 Mediam
1868 3202 2146 3266 Maiorem,
2181 3198 2496 3257 Armeniam,

1435 3284 1492 3329 et
1536 3277 1778 3342 Caspium
1815 3292 1957 3326 mare
2001 3277 2385 3327 extendebatur
2427 3276 2494 3325 ad

1433 3366 1598 3418 usque
1633 3352 1821 3402 Araxis
1854 3353 2019 3402 amnis
2055 3353 2209 3415 ostia,
2245 3352 2497 3423 ut‘docet

1431 3430 1624 3481 Strabo
1658 3429 1749 3478 lib.
1780 3441 1862 3478 xi.
1927 3427 2094 3478 Addit
2130 3428 2195 3477 ab
2237 3428 2497 3492 Atropato

1436 3506 1588 3563 Duce
1612 3511 1868 3568 vocatam,
1902 3504 2007 3570 qui,
2045 3518 2112 3553 ne
2145 3503 2497 3554 Macedonum

1436 3598 1501 3633 ea
1546 3584 1597 3633 in
1643 3589 1961 3647 potestatem
2005 3580 2230 3643 veniret,
2270 3580 2501 3631 obstitit.

1437 3660 1656 3710 Rectius
1677 3657 1895 3720 dixeris,
1916 3673 1975 3708 ne
1995 3658 2049 3707 ia
2083 3662 2315 3722 potestate
2338 3658 2500 3708 Maeo-

1436 3739 1610 3787 donum
1658 3740 1889 3797 muneret,
1938 3734 2242 3784 Alexandro
2295 3740 2500 3784 mortuo

1435 3814 1720 3877 videlicet3
1765 3826 1886 3862 nam
1939 3810 2133 3860 viventi
2186 3810 2503 3874 Atropatem

1436 3908 1554 3944 cum
1597 3906 1693 3941 sua
1732 3888 1977 3953 Sati-apia
2009 3887 2297 3953 subjectum
2342 3886 2504 3939 fuisse

1437 3977 1640 4021 certum
1663 3973 1746 4017 eat
1776 3980 1841 4014 ex
1863 3964 2072 4016 Arriani
2094 3966 2188 4017 lib.
2211 3979 2291 4016 lv.
2317 3972 2373 4015 et
2397 3978 2501 4017 vn.
2592 4023 2595 4024 ⁷

1403 4080 1408 4086 -
1439 4047 1493 4096 in
1513 4060 1575 4094 ee
1604 4044 1645 4092 is
1670 4056 1883 4106 regnum
1907 4041 2005 4091 sibi
2028 4041 2286 4105 peculiare
2309 4043 2504 4092 consti·

1441 4121 1560 4185 tuit,
1574 4119 1721 4184 cujus
1744 4118 2000 4168 successio
2019 4118 2083 4168 ad
2105 4118 2501 4183 ipsiusoetatem

1442 4192 1946 4249 Strabonisduravit.
1974 4195 2374 4245 Recentioribus
2391 4194 2503 4245 Sir.

1442 4289 1536 4325 eoa
1560 4271 1864 4338 appellatur.
1929 4272 2089 4323 Stetit
2112 4271 2386 4322 Medorum
2411 4273 2508 4322 im.
