2978 4933
812 374 893 423 m
943 372 1295 436 Qum‘run
1347 371 1696 431 cum-mm
1747 371 2036 421 nur-*Un-
2425 357 2509 422 21

316 523 540 593 Claris
581 519 1014 595 RhetoribuS,
1049 515 1412 581 secundum
1458 533 1633 599 quos
1677 515 2032 580 Suetonius
2060 523 2284 597 egerat
2315 517 2398 582 de
2428 518 2507 584 L.

314 625 617 694 Caesetio
670 620 1083 699 Pisone,-M.
1120 620 1364 684 Porcio
1396 618 1708 694 Latrone,
1754 617 1844 696 Q.
1877 618 2109 682 Curtio
2143 618 2351 698 Rufo,
2382 624 2508 686 διο.

311 729 625 795 Eundem
656 726 845 790 illum
874 731 1174 787 nostrum
1204 721 1513 787 Curtium
1541 721 1755 786 fuisse
1781 721 2051 786 minime
2090 720 2393 788 dubitant
2437 731 2509 790 et

311 852 466 898 cum
497 830 763 896 Rhetor
791 826 907 890 ille
938 825 1245 909 proxime
1277 831 1436 907 post
1463 824 1617 888 illos
1648 823 2037 902 nominetur,
2066 824 2181 909 qui
2209 826 2337 889 sub
2364 825 2508 891 Au-

311 941 515 1017 gusto
543 932 927 1006 floruerunt,
950 927 1225 992 Tiberio
1252 929 1474 991 statim
1498 926 1688 991 illum
1713 927 2079 1009 assignant,
2109 926 2510 1008 suffragante

309 1035 582 1119 quidem
613 1032 861 1098 Tacito
899 1032 944 1097 l.
975 1032 1022 1095 l.
1056 1030 1171 1094 sed
1206 1031 1621 1096 vehementer
1645 1029 2130 1112 refragantibus
2160 1049 2510 1111 argumen-

308 1124 403 1200 tis
428 1155 521 1200 ex
548 1136 708 1218 ipso
738 1132 971 1223 Curtio
1002 1132 1254 1216 petitis.
1329 1130 1511 1199 Nam
1542 1130 1855 1195 Tiberius
1885 1132 2202 1217 princeps
2233 1132 2343 1196 ille
2370 1152 2507 1197 non

306 1236 455 1313 fuit,
483 1235 604 1319 qui
641 1239 662 1269 ‘
687 1232 969 1298 domini’
1016 1252 1137 1297 seu
1185 1234 1470 1317 ‘capitis
1491 1231 1509 1256 ’
1552 1233 1818 1297 titulum
1852 1253 2045 1321 aeque
2074 1235 2377 1299 abnuens
2406 1242 2507 1300 at·-

302 1348 444 1421 'que
484 1336 864 1420 AugustuS,
917 1336 1250 1401 Dominus
1270 1343 1300 1371 ¹¹
1361 1336 1736 1420 appellatus
1768 1355 1812 1399 a
1840 1336 2131 1419 quodam
2160 1337 2510 1402 denuntia-

308 1439 429 1517 vit,
460 1457 675 1502 nese
718 1437 1011 1521 amplius
1053 1437 1477 1503 contumeliae
1519 1456 1731 1502 causa
1779 1438 2197 1519 nominaret3
2244 1440 2382 1522 qui,
2428 1448 2507 1505 ut

309 1541 617 1624 speciem
666 1540 1002 1623 quandam
1043 1541 1370 1629 libertatis
1409 1540 1770 1613 induceret,
1799 1541 2211 1605 conservatis
2244 1543 2504 1608 senatui

302 1662 393 1707 ac
443 1644 943 1725 magistratibus
971 1650 1040 1708 et
1068 1642 1419 1726 majestate
1451 1642 1733 1726 pristina
1763 1650 1831 1707 et
1859 1648 2202 1725 potestate
2223 1652 2250 1678 ¹
2295 1646 2504 1710 etiam

308 1762 695 1826 praenomen
723 1743 1153 1828 Imperatoris
1182 1764 1676 1828 cognomenque
1705 1747 1917 1829 patris
1949 1747 2189 1829 patriae
2234 1768 2504 1813 recusa-

307 1852 430 1919 ret,
460 1864 541 1908 ac
564 1864 649 1908 ne
672 1845 963 1925 Augusti
981 1847 1244 1929 quidem
1267 1854 1555 1924 nomen,5
1586 1866 1965 1930 quanquam
1988 1849 2503 1926 haereditarium,

307 1947 491 2025 ullis,
544 1947 675 2011 nisi
725 1948 813 2012 ad
859 1969 1052 2031 reges
1100 1969 1181 2015 ac
1224 1951 1550 2033 dynastas
1581 1949 1937 2032 Epistolis,
1971 1952 2253 2029 addidit,
2282 1970 2502 2034 neque

300 2050 434 2113 hoc
483 2050 622 2115 alia
669 2050 752 2113 de
802 2070 1035 2129 causa,
1088 2072 1287 2135 quam
1318 2050 1503 2135 quod
1534 2058 1888 2128 vereretur,
1917 2072 1998 2114 ne
2027 2072 2217 2131 mox,
2247 2052 2501 2136 majore

306 2150 664 2230 dedecore,
704 2153 919 2235 impar
969 2154 1175 2217 tantis
1220 2152 1589 2216 honoribus
1638 2152 2089 2219 inveniretur.z
2176 2152 2353 2231 Quae
2384 2173 2500 2216 au·

306 2264 440 2316 tem
468 2273 618 2317 nox
646 2274 842 2337 paeue
867 2274 1176 2338 suprema
1204 2261 1276 2319 et
1306 2261 1451 2319 tum*
1470 2261 1640 2332 erat,
1675 2274 1825 2319 cum
1856 2258 2305 2340 principatum
2334 2256 2498 2320 reci-

296 2363 488 2436 ·peret
517 2356 876 2421 Tiberius?
923 2377 1094 2440 quas
1139 2358 1327 2422 faces
1358 2357 1472 2421 ille
1505 2356 1820 2436 extinxit,
1854 2376 2027 2440 quos
2049 2357 2311 2440 gladios
2340 2375 2499 2422 con·

305 2454 492 2534 didit,
526 2457 643 2542 qui
683 2479 944 2523 summa
986 2459 1182 2542 pacis
1232 2466 1437 2543 atque
1475 2459 1599 2524 otii
1632 2459 2112 2544 tranquillitate
2146 2459 2497 2544 imperium

307 2564 406 2622 est
433 2561 778 2643 adeptus?
822 2562 1026 2645 idque
1053 2580 1183 2638 nou
1212 2561 1281 2625 vi
1312 2561 1694 2643 quaesitum,
1729 2580 1862 2625 non
1909 2566 2332 2645 occupatum,
2375 2560 2496 2624 sed

304 2678 348 2722 a
381 2668 624 2726 senatu
669 2668 1010 2745 precante,
1049 2661 1136 2726 ad
1167 2680 1382 2743 genua
1411 2661 1940 2743 procumbente,⁸
1979 2669 2345 2745 postquam
2373 2661 2495 2724 im-

300 2763 792 2845 pudentissimo
822 2766 1027 2829 mimo
1062 2765 1174 2828 diu
1199 2745 1387 2828 illum
1414 2761 1902 2842 ludificasset,¹’'
1929 2764 2109 2829 ultro
2136 2763 2270 2848 ipsi
2302 2763 2496 2848 quasi

298 2865 708 2930 invitissimo
764 2867 1084 2931 oblatum.
1174 2864 1353 2944 Quae
1410 2866 1853 2930 membrorum
1910 2865 2275 2943 discordia,
2342 2883 2496 2930 cum

298 2966 651 3046 Consules»,
682 2973 932 3051 patres,
985 2968 1247 3051 equites
1275 2969 1341 3031 in
1372 2968 1714 3033 servitium
1756 2974 2076 3048 ruentes:
2124 2988 2331 3032 unum
2376 2967 2497 3032 Ti-

298 3069 582 3144 berium,
609 3080 935 3134 maturum
964 3071 1180 3148 auniS,
1213 3063 1592 3153 spectatum
1631 3068 1813 3146 bello
1852 3077 2083 3134 natum
2131 3074 2496 3154 aptumque
2615 3117 2624 3122 -

300 3170 613 3254 unanimo
665 3190 1000 3236 consensu
1051 3172 1469 3237 declararent
1518 3172 1605 3235 ad
1643 3172 1905 3256 imperii
1951 3177 2203 3237 tantam
2249 3172 2493 3237 molem

301 3270 790 3351 sustinendam,
822 3279 893 3337 et
918 3280 1163 3338 cuncta
1207 3273 1478 3355 regendi
1525 3291 1699 3337 onus
1742 3273 2206 3343 tolerandum?
2296 3273 2493 3338 sedi·
2597 3288 2613 3301 ·

296 3375 541 3453 tiones,
572 3396 725 3459 quae
758 3377 1007 3455 statim,
1052 3397 1205 3450 cum
1234 3376 1580 3461 imperium
1609 3375 1994 3460 recepisset,
2019 3376 2087 3439 in
2119 3374 2394 3459 Illyrico
2424 3383 2495 3441 et

298 3477 368 3540 in
418 3476 782 3542 Germania
828 3480 1323 3556 exoriebantur,
1383 3478 1648 3542 minime
1704 3479 1839 3543 huc
1883 3477 2275 3543 revocandae
2319 3485 2493 3557 sunt,

296 3595 449 3643 nam
477 3577 615 3644 illae
638 3598 772 3643 non
801 3581 1281 3646 antecedebant
1299 3582 1442 3666 ejus
1463 3582 1835 3665 imperium,
1860 3581 1983 3646 sed
2008 3581 2493 3663 sequebantur;

297 3678 661 3762 harumque
691 3681 871 3745 faces
921 3701 1056 3746 non
1101 3684 1414 3760 extinxit,
1458 3684 1580 3747 sed
1631 3683 2085 3768 comparavit3
2130 3687 2332 3765 atque
2374 3681 2491 3747 isti

297 3782 645 3847 exercitus
673 3800 802 3846 non
842 3785 1436 3863 tumultuabantur,
1467 3804 1620 3850 cum
1652 3786 1797 3849 sine
1826 3799 1951 3848 suo
1981 3782 2206 3866 capite
2234 3783 2487 3850 discor·

356 3989 384 4015 ⁸
414 3981 629 4032 Sueten.
649 3980 826 4034 Tiber.
847 3987 928 4035 2⁷.
1491 3992 1518 4020 2
1547 3983 1711 4034 Tacit.
1739 3982 1924 4034 Annei.
1947 3998 1988 4034 1.
2010 3986 2061 4035 7.
2084 3989 2142 4036 et
2160 3989 2240 4037 11.

358 4066 385 4092 ⁸
417 4057 498 4107 Id.
522 4056 647 4107 ibid.
668 4062 751 4109 3⁰.
1491 4060 1516 4095 ὓ
1548 4060 1760 4110 Sueton.
1779 4059 1951 4110 Tiber.
1975 4064 2058 4111 24.

359 4141 382 4178 r
413 4134 494 4183 Id.
519 4132 646 4183 ibid.
668 4138 750 4185 26.
1493 4145 1516 4172 Φ
1546 4136 1717 4187 Tacit.
1761 4136 1796 4186 l.
1837 4136 1872 4185 l.
1910 4134 2050 4187 conf.
2100 4137 2257 4189 etiam
2295 4137 2484 4190 velleii

359 4217 381 4246 ²
409 4209 487 4260 Id.
512 4208 637 4260 ibid.
658 4213 741 4262 67.
1426 4212 1644 4263 Patere.
1668 4209 1872 4262 Hister.
1897 4224 1966 4264 11.
1986 4215 2099 4266 124.
