2978 4933
2397 388 2532 460 295

318 565 479 616 nem
506 548 607 613 tot
634 545 911 614 millium
932 548 1331 633 sanguinem
1351 548 1687 635 impendi:
1714 548 1989 616 fastidio
2016 566 2169 615 esse
2197 549 2529 636 patriam3

325 647 637 714 abdicari
653 645 676 685 f
700 649 1091 735 Philippum
1121 658 1421 736 patrem3
1458 653 1709 719 „coelum
1735 662 1764 701 ⁸
1790 653 1982 718 vanis
2013 654 2529 737 cogitationibus

323 751 557 835 peti.’⁶
640 755 706 817 4.
736 753 894 819 Jam
926 774 1051 839 pro
1072 751 1101 790 ¹²
1129 754 1463 822 seditione
1493 776 1600 823 res
1628 758 1827 837 erat,⁴
1867 777 2023 824 cum
2053 759 2144 823 ad
2181 759 2531 826 omnia'in·

239 942 250 949 ⁸
327 854 625 935 territuS‚
671 857 918 922 ‘duces
971 858 1454 943 principesque
1501 858 1788 926 militum
1842 860 2226 944 frequentes
2281 861 2527 932 adesse

331 960 682 1041 praetorio,
707 957 1234 1044 AEgyptiosquei
1265 960 1506 1041 vateS‚’
1535 982 1710 1047 quos
1741 964 1902 1028 coeli
1920 983 2001 1028 ac
2033 964 2325 1030 siderum
2357 967 2532 1049 peri-

324 1061 637 1127 tissimos
670 1059 690 1111 δ’
750 1062 962 1146 [esse]
1035 1062 1367 1143 credebat,
1426 1069 1447 1098 ‘
1478 1066 1645 1149 quid
1703 1065 2043 1139 sentirent,
2100 1086 2492 1156 expromere
2512 1067 2531 1093 ’

310 1164 539 1249 jubet.
622 1167 685 1230 5.
731 1167 827 1232 At
873 1167 995 1242 illi,
1042 1169 1160 1253 qui
1201 1170 1366 1235 satis
1419 1171 1691 1248 scirent,
1739 1177 2120 1255 temporum
2166 1172 2364 1237 orbes
2406 1172 2529 1237 im-

320 1267 515 1352 plere
544 1268 909 1336 destinatas
940 1271 1148 1350 vices,
1172 1271 1533 1356 lunamque
1564 1272 1876 1352 deficere,
1906 1294 2056 1339 cum
2089 1282 2212 1340 aut
2238 1283 2484 1340 terram
2504 1272 2530 1310 k

321 1372 606 1450 subiret,
636 1377 753 1437 aut
801 1369 978 1438 sole¹
1027 1381 1447 1458 premeretur,
1483 1376 1809 1442 rationem
1857 1376 2128 1460 quidem
2168 1377 2345 1462 ipsis
2374 1398 2533 1464 pet-

320 1483 594 1561 ceptam
621 1495 748 1541 non
776 1477 1065 1544 edocent
1094 1477 1339 1561 vulgus
1356 1488 1401 1560 3⁶
1441 1478 1506 1543 6.
1535 1485 1819 1545 ceterum
1850 1477 2203 1559 affirmant,
2235 1480 2528 1547 ‘solemm

883 404 1001 453 οι..
1047 401 1240 452 oxu.
1281 385 1349 454 2.
1421 403 1498 454 A.
1546 403 1668 453 cn.
1712 403 1792 455 N.
1833 386 1986 455 331.

390 1662 412 1688 θ
445 1657 650 1708 Divinos
680 1659 876 1709 honores
901 1662 1071 1711 insano
1100 1676 1181 1727 ape
1206 1662 1267 1712 ab
1298 1677 1351 1712 eo
1371 1662 1612 1728 affectari.

390 1718 419 1753 ⁴
449 1722 617 1772 Instar
634 1724 885 1775 seditionis
904 1727 1103 1776 habebut
1123 1729 1207 1777 ille
1227 1733 1397 1778 motus.

388 1794 410 1819 ⁸
436 1787 558 1837 Cum
571 1789 714 1853 probe
734 1798 922 1841 nossent
941 1807 1171 1848 annorum
1187 1794 1405 1857 periodos
1418 1793 1644 1859 perficere
1663 1791 1908 1841 ordinatos
1917 1796 2161 1855 ουτω-’,εί
2177 1792 2367 1854 Limam
2383 1791 2525 1854 eclip-

319 1850 417 1900 sim
432 1853 540 1915 pati
558 1869 665 1904 cum
686 1857 760 1904 vel
780 1860 924 1905 terroe
941 1857 1165 1922 subjacet,
1196 1860 1273 1907 vel
1294 1859 1395 1908 Soli
1410 1857 1707 1923 supponitur,
1730 1873 1918 1908 caueam
1935 1857 2120 1921 eclipsis
2138 1857 2234 1908 sibi
2252 1861 2414 1907 notam
2433 1870 2529 1905 non

325 1917 555 1980 oper-iun
573 1935 732 1970 coram
751 1923 892 1985 vulgo
911 1924 1138 1988 militum,
1157 1925 1256 1988 sed,
1274 1927 1358 1988 ξε.

1246 2051 1364 2072 em
1368 2050 1543 2071 ‘‘‘‘‘
1546 2050 1607 2071 00

321 2144 490 2208 [mad.
513 2146 683 2199 Amat.
704 2158 759 2201 et
781 2150 915 2202 Mer.
938 2151 1187 2202 omittunt
1207 2152 1282 2203 in.
1338 2150 1507 2216 Lugd.
1537 2156 1592 2201 et
1616 2149 1787 2200 Amst.
1809 2150 2090 2212 jactatione.
2141 2149 2292 2199 Voss.
2311 2153 2362 2200 2.
2390 2147 2527 2199 abdi-

323 2226 437 2261 oore
456 2212 521 2263 P.
541 2220 741 2277 patrem.
797 2217 1028 2266 Florent.
1053 2217 1200 2267 Leid.
1224 2219 1375 2268 Voss.
1398 2222 1445 2267 1.
1470 2221 1521 2267 2.
1556 2215 1677 2265 Ald.
1700 2217 1869 2266 Colin.
1896 2215 2101 2280 Gryph.
2137 2215 2256 2265 Bas.
2284 2215 2390 2265 Elz.
2411 2215 2526 2264 Col.

324 2276 481 2327 Frob.
504 2289 561 2327 et
579 2281 711 2330 Mer.
733 2284 900 2332 ooelum
919 2299 965 2333 o.
986 2298 1028 2331 c.
1047 2288 1324 2346 μῆνα-4
1348 2283 1506 2333 Frob.
1531 2281 1702 2332 Amet.
1727 2288 1780 2331 et
1798 2281 1968 2344 Lugd.
1991 2295 2133 2345 prope
2153 2279 2450 2343 seditionem,
2466 2288 2531 2330 ut
2626 2301 2629 2306 ·

322 2343 508 2392 maluit
532 2344 911 2409 Faber-,³Epist.
937 2361 975 2397 ι.
998 2352 1080 2397 51.
1126 2350 1247 2399 Bau.
1270 2350 1409 2399 Mer.
1437 2355 1492 2397 et
1516 2347 1628 2397 Col.
1651 2363 1742 2397 rex
1763 2351 1883 2396 erat.
1946 2347 2180 2396 Florent.
2205 2346 2350 2395 Leid.
2371 2346 2528 2395 Voss.

326 2412 379 2458 2.
405 2407 545 2458 Dan.
571 2411 683 2461 Pal.
707 2416 752 2463 1.
781 2414 898 2464 Bas.
925 2413 1036 2464 Col.
1060 2420 1115 2463 et
1138 2415 1273 2462 Mer.
1295 2413 1682 2478 proetoriojubet.
1747 2413 1895 2462 Voss.
1922 2415 1970 2460 1.
1991 2425 2108 2461 cum
2130 2411 2391 2461 nonnullis
2414 2411 2526 2460 aliis

322 2474 574 2525 omittunt
597 2476 711 2528 iesse
746 2487 869 2529 ante
905 2479 1233 2530 credeban—⁶5
1269 2482 1421 2531 Voss.
1446 2485 1494 2532 1.
1532 2485 1615 2530 out
1650 2486 1783 2530 terra
1803 2494 1843 2528 ε.
1866 2483 1950 2527 aut
1971 2479 2113 2528 solem
2125 2494 2147 2537 ,-
2210 2479 2377 2542 Bong.
2400 2482 2452 2527 2.
2473 2486 2532 2528 et

319 2539 447 2589 Bas.
464 2548 551 2592 out
570 2545 686 2593 oola.
727 2544 836 2595 Pro
851 2551 1164 2609 prometur,
1186 2546 1325 2610 qnod
1347 2547 1547 2597 Thuan.
1563 2552 1619 2595 et
1641 2545 1824 2595 Gualt.
1848 2544 2099 2603 retinent,
2117 2545 2379 2593 nonnullae
2402 2542 2526 2592 edd.

325 2612 454 2656 vett.
467 2610 759 2670 privaretur.
803 2610 951 2661 Leid-
970 2616 1374 2675 proeceptm.—6
1407 2612 1639 2661 Florent.
1665 2609 1812 2661 Leid.
1832 2610 1983 2660 Voss.
2005 2613 2054 2658 1.
2076 2608 2194 2659 Alo.
2220 2608 2343 2658 Bas.
2370 2607 2527 2658 Frob.

1322 2723 1540 2775 NOTAE

385 2817 408 2853 ¹
432 2820 690 2888 Abdicari]
725 2824 859 2876 Quia
879 2824 1013 2876 Jove
1037 2830 1215 2873 natum
1237 2822 1382 2872 credi
1466 2821 1564 2885 ipsi
1585 2837 1615 2870 a
1635 2819 1912 2883 Chaldaeis,
1927 2820 2035 2869 sive
2053 2816 2283 2869 Chaldaei
2301 2818 2368 2869 ab
2381 2819 2529 2884 ipsis,

320 2914 378 2950 se
403 2901 629 2954 volebat.
695 2902 812 2952 Vim
837 2917 988 2967 porro
1011 2902 1268 2968 quandam
1292 2915 1381 2965 pe·
1464 2906 1526 2948 ut
1556 2900 1668 2948 vult
1700 2897 1978 2962 Joaephuo,
2013 2903 2302 2962 acceptam,
2326 2898 2531 2947 Graecis

318 2977 571 3028 enliarem
611 2978 846 3030 Raderus
882 2979 980 3028 hoc
1014 2980 1129 3030 loco
1170 2978 1382 3029 subesse

318 3060 476 3118 putat
497 3054 618 3104 huic
643 3053 802 3104 verbo
829 3055 1044 3106 abdicari
1057 3070 1077 3114 ,·
1112 3055 1232 3120 quia
1264 3069 1381 3105 cnm

316 3139 596 3196 parentum
616 3134 827 3198 proprie
844 3133 911 3182 sit
929 3136 944 3162 ‘
964 3133 1208 3183 abdicare
1222 3132 1238 3154 '
1255 3133 1383 3183 iibe-

316 3223 423 3265 τοι,
445 3218 629 3259 contra
652 3208 953 3259 Alexander
974 3218 1242 3273 parentem
1264 3210 1387 3259 Phi-

316 3286 519 3352 lippum
542 3287 832 3339 abdicaret.

386 3369 413 3406 ⁸
454 3363 658 3429 Coelum]
726 3363 879 3417 Quod
924 3365 1064 3414 inani
1102 3366 1384 3418 ambitione

318 3434 609 3493 flivinitatis
643 3442 937 3507 opinionem
971 3442 1289 3510 honoresque
1312 3443 1387 3495 af·

316 3516 567 3571 sectaret.

386 3592 412 3627 ¹¹
445 3596 571 3663 Pro]
601 3592 807 3660 Legunt
825 3597 911 3648 alii
930 3613 1073 3664 prope
1093 3598 1385 3658 seditionem.

320 3669 506 3722 eodem
531 3687 704 3723 sensu.
894 3677 913 3695 ⁴·
1211 3740 1217 3745 ι

388 3747 404 3782 ⁸
431 3749 801 3815 AEgyptiosque]
841 3751 1016 3800 Solum
1041 3766 1071 3800 a
1094 3752 1240 3815 Rege
1262 3766 1386 3801 con-

316 3829 509 3878 auitum
536 3828 902 3878 Aristandrum
940 3830 1175 3879 meminit
1211 3829 1388 3880 Arria-

315 3918 436 3968 nus,
457 3913 828 3969 auctoremque
864 3904 1022 3955 fuisse
1061 3914 1121 3956 ut
1153 3907 1242 3955 iilo
1270 3908 1386 3970 ipso

319 3995 500 4032 mense
524 3991 876 4047 pugnaretur3
914 3984 1050 4049 quod
1086 3984 1164 4034 ita
1192 3983 1385 4036 factum

320 4065 422 4122 est,
457 4060 501 4109 si
536 4060 792 4110 Lunai-em
825 4060 1132 4111 Graecorum
1156 4075 1383 4112 mensem

323 4134 582 4187 attendas.

379 4210 400 4255 1
434 4211 791 4276 Peritiscimos]
846 4214 1077 4264 Fuerunt
1113 4214 1165 4264 hi
1201 4230 1386 4266 revera

324 4289 627 4355 peritissimi
667 4290 1042 4355 Astronomiae3
1086 4307 1236 4357 quam
1277 4294 1386 4344 sive

1464 2974 1657 3024 deinde
1678 2973 2025 3024 tradiderunt.

1527 3051 1554 3086 Β
1580 3051 1795 3116 Terram]
1819 3052 2030 3102 Terram
2049 3051 2222 3101 subire
2240 3051 2385 3102 Luna
2400 3053 2530 3102 Cur·

1466 3131 1540 3180 tio
1559 3131 1773 3192 dicitur,
1801 3145 1916 3180 cum
1939 3130 1991 3179 in
2015 3127 2247 3179 umbram
2271 3134 2428 3178 terrae
2454 3129 2529 3178 in-

1465 3209 1662 3267 cidens,
1687 3208 1809 3259 solis
1829 3208 1944 3257 luce
1968 3207 2239 3272 privatur:
2265 3221 2381 3256 cnm
2408 3207 2530 3257 aiio·

1466 3287 1556 3352 qui
1580 3301 1837 3352 nunquam
1861 3282 2000 3335 infra
2015 3291 2206 3334 terram
2230 3283 2441 3348 proprie
2456 3282 2532 3332 di-

1466 3373 1622 3414 catur
1643 3365 1890 3426 existere,
1921 3376 2036 3428 quae
2061 3361 2177 3425 ipsa
2200 3360 2372 3426 potius'
2394 3358 2531 3409 infra

1465 3443 1643 3492 lunam
1666 3446 1765 3491 est.

1532 3517 1544 3552 ¹
1577 3517 1709 3583 Sole]
1731 3517 1840 3567 Aut
1863 3514 1995 3566 falso
2018 3520 2107 3564 aut
2118 3513 2402 3577 improprie
2425 3512 2532 3564 dic·

1467 3604 1596 3648 tum.
1663 3593 1974 3660 Improprie,
1998 3593 2039 3642 si
2074 3590 2299 3642 deficere
2329 3592 2527 3642 Lunam

1466 3673 1632 3725 voluit
1648 3672 1858 3724 Curtius
1875 3691 1891 3721 a
1918 3669 2121 3735 quoties
2140 3669 2247 3718 Soli
2268 3667 2529 3732 subjecta,

1464 3767 1567 3818 qua
1591 3757 1741 3816 parte
1762 3749 1912 3799 nobis
1934 3747 2153 3798 obversa
2175 3753 2274 3809 est,
2296 3747 2415 3796 luce
2446 3760 2532 3795 ca·

1467 3838 1584 3880 ret:
1629 3829 1682 3878 id
1723 3828 1860 3878 enim
1888 3827 2049 3876 Lunae
2073 3822 2090 3852 ⁴
2110 3821 2407 3883 silentium,’
2426 3835 2529 3871 non

1467 3909 1483 3934 ⁸
1506 3902 1767 3956 defectio’
1808 3902 2018 3953 dicitur.
2084 3901 2258 3963 Falso,
2287 3899 2331 3948 si
2364 3899 2535 3949 Lunae

1467 3983 1701 4046 eclipsim
1726 3996 1840 4031 eam
1861 3987 2035 4043 vocat,
2058 3992 2177 4029 cum
2197 3977 2329 4027 Solis
2352 3977 2527 4026 lumen·

1466 4060 1781 4124 interpositu
1814 4073 1907 4108 suo
1945 4056 2094 4108 nobis
2136 4048 2323 4119 eripit:
2359 4062 2531 4118 neque‘

1468 4140 1605 4190 enim
1645 4139 1756 4189 haec
1791 4136 1976 4201 Lunae,
2014 4133 2107 4185 sed
2146 4133 2279 4183 Solis
2318 4131 2530 4195 eclipsis

1466 4225 1566 4267 est·

1533 4304 1568 4328 ¹¹¹
1603 4292 1787 4357 Solem]
1821 4292 1941 4343 Hoc
1975 4291 2040 4342 de
2074 4287 2344 4353 industria,
2370 4293 2531 4353 atque
