2978 4933
471 352 560 419 50
1416 368 1725 419 sumen

472 537 646 604 opus
717 518 927 582 totum
995 532 1565 598 recognoscerem,
1649 533 1731 579 ac
1806 513 2156 598 diligenter
2229 514 2659 581 emendarem.

350 624 357 627 ’
473 619 672 705 Quod
700 638 782 709 eo
809 617 1121 683 libentius
1163 617 1317 697 feci,
1364 617 1546 702 quod
1591 617 1734 682 tibi
1754 617 1871 683 ille
1914 623 2169 682 estnon
2198 617 2397 683 modo
2427 617 2662 702 volup-

468 730 697 802 tatem,
756 722 876 787 sed
943 721 1147 786 etiam
1219 722 1591 786 doctrinam
1653 691 1985 786 allaturus
2043 740 2181 784 non
2232 719 2675 785 mediocrem.

467 828 598 894 Est
624 828 798 893 enim
827 823 915 905 Q.
942 825 1265 892 Curtius
1245 845 1316 890 m
1346 825 1695 890 scribendo
1725 830 1987 904 acutus,
2018 823 2397 902 vehemens,
2428 822 2660 887 candi-

468 933 621 1010 duS,
649 950 731 996 ac
763 947 1081 1014 perquam
1124 928 1480 1013 eloquens:
1526 927 1598 992 in
1639 928 2075 993 concionibus
2104 926 2283 994 enim
2313 944 2484 1010 quas
2515 944 2660 990 cre-

466 1037 589 1101 bro
616 1033 932 1118 reperies,
979 1037 1304 1115 quantum
1346 1030 1465 1098 ille
1516 1029 1781 1114 ingenio
1824 1037 1892 1095 et
1934 1028 2322 1113 eloquentia
2350 1026 2661 1106 valuerit,

466 1138 667 1205 facile
695 1153 1081 1219 cognosces,

1126 1328 1547 1395 Volaterrani
1574 1326 1863 1413 Antrop.
1890 1329 2001 1395 64.

551 1446 828 1512 Curtius
859 1445 1246 1511 Historicus
1289 1446 1571 1530 scripsit
1616 1447 1700 1510 de
1745 1445 1980 1539 Gestis
2009 1444 2378 1511 Alexandri
2411 1444 2511 1511 Μ.
2545 1464 2662 1511 cu-

457 1552 573 1636 jus
600 1550 769 1615 liber
795 1548 976 1614 haud
1008 1550 1262 1634 integer
1293 1549 1378 1614 ad
1404 1568 1530 1614 nos
1559 1549 1876 1633 pervenit.

601 1729 845 1814 Angeli
874 1730 1262 1797 Decembrii
1308 1732 1392 1796 de
1423 1729 1679 1796 Politia
1707 1729 2056 1797 Literaria·
2078 1731 2196 1799 lib.
2226 1749 2275 1797 1.
2322 1754 2389 1817 p.
2435 1731 2543 1798 36.

1013 1836 1135 1900 lib.
1169 1852 1251 1899 11.
1280 1856 1347 1919 p.
1380 1835 1532 1901 119.
1564 1834 1683 1899 lib.
1717 1851 1819 1899 vl.
1846 1856 1917 1919 p.
1947 1837 2101 1900 487.
2323 1850 2334 1853 ’

555 1950 664 2019 De
698 1952 786 2034 Q.
816 1951 1049 2021 Curtio
1085 1954 1320 2020 eadem
1364 1973 1574 2040 prope
1611 1953 1886 2038 querela
1913 1959 2039 2033 est,
2071 1953 2269 2040 cujus
2297 1954 2660 2020 laceratum

467 2077 639 2143 opus
660 2057 941 2140 legitur:
972 2076 1355 2142 quanquam
1377 2057 1774 2122 Graecorum
1803 2063 1874 2123 et
1901 2055 2167 2124 Arriani
2196 2061 2462 2122 constat
2492 2056 2666 2123 His-

362 2196 365 2197 *
466 2159 656 2239 toria,
700 2179 791 2226 ex
837 2179 1121 2244 quorum
1151 2160 1449 2226 sontibus
1475 2160 1587 2225 hic
1618 2159 1923 2244 Scriptor
1950 2161 2057 2225 vel
2092 2159 2426 2245 Interpres
2467 2159 2662 2239 mirae

465 2263 871 2349 dulcedinis,
915 2266 1250 2348 regiaeque
1282 2263 1583 2347 profecto
1613 2261 2129 2345 magnificentiae
2155 2281 2298 2345 par,
2322 2263 2410 2328 ab
2437 2258 2664 2326 Alex-

466 2365 672 2431 andro
700 2386 830 2429 non
860 2366 1259 2448 degenerans
1291 2383 1468 2449 opus
1522 2383 1730 2431 suum-
1758 2363 2071 2430 excudit:
2117 2365 2315 2448 cujus
2375 2383 2660 2430 summae

466 2472 627 2533 sunt
654 2466 1001 2551 dignitatis
1045 2472 1112 2532 et
1142 2468 1510 2534 Historicae
1556 2466 1917 2534 suavitatis
1960 2465 2337 2544 Orationes.
2418 2466 2664 2552 [Quod

468 2571 909 2641 Decembrius
928 2570 1220 2640 affirmat
1250 2570 1552 2637 Curtium
1580 2570 1897 2637 hausisse
1942 2590 2034 2638 ex
2075 2569 2347 2636 Arriani
2390 2553 2692 2654 quoque'

462 2675 784 2755 fontibuS,
815 2675 1207 2774 mendosum
1236 2681 1360 2742 est.
1449 2675 1777 2742 Arrianus
1803 2674 2034 2740 multis
2060 2673 2255 2739 annis
2285 2679 2450 2757 post
2489 2671 2665 2738 Gur-

463 2779 630 2844 tium
661 2776 980 2865 scripsit]

716 2927 982 3030 Erasmi
1015 2949 1457 3029 Roterodami
1487 2962 1558 3028 in
1585 2963 1904 3051 Epistola
1933 2962 2393 3030 Dedicatoria.

551 3095 852 3163 Curtium
897 3096 1157 3162 itineris
1211 3116 1292 3162 ac
1340 3098 1785 3182 navigationis
1831 3100 2145 3166 comitem
2190 3097 2496 3184 adjunxi,
2541 3098 2661 3182 qui

463 3199 624 3265 mihi
654 3200 814 3264 olim
842 3219 1085 3283 puer0,
1112 3201 1277 3265 mire
1327 3202 1654 3267 candidus
1698 3222 1781 3267 ac
1822 3207 2033 3268 tersus
2077 3203 2181 3267 est
2205 3202 2414 3267 visus.
2503 3198 2659 3265 Nec

464 3302 640 3367 alius
670 3319 830 3368 sane
860 3303 1048 3369 visus
1078 3309 1181 3368 est
1222 3325 1310 3370 ex
1339 3311 1528 3370 tanto
1571 3311 1953 3389 regu‘status
1990 3304 2363 3369 intervallo.
2451 3303 2664 3369 Dolet

466 3401 828 3470 Auctorem
853 3405 1041 3471 lectu
1072 3407 1535 3490 dignissimum
1578 3405 1873 3485 ἀκέφαλον
1915 3406 2111 3472 nob'is
2157 3424 2524 3490 superesse,
2552 3408 2661 3472 ni-
2689 3457 2698 3465 .

463 3507 701 3572 mirum
748 3507 1016 3574 duobus
1061 3510 1458 3593 primoribus
1504 3511 1693 3575 libris
1737 3510 2120 3593 amputatiS,
2166 3508 2401 3574 ultimo
2439 3508 2660 3591 pluri-

463 3613 590 3677 bus
621 3612 690 3676 in
719 3611 891 3677 locis
917 3618 1156 3677 trunco
1185 3613 1572 3696 mutiloque.
1662 3610 1969 3676 Risimus
1997 3612 2249 3675 interea
2277 3608 2660 3674 Graeculam

462 3712 534 3777 in
587 3713 896 3780 Historia
943 3716 1335 3793 vanitatem,
1386 3733 1593 3798 quam
1641 3721 1865 3779 tamen
1919 3710 2008 3792 Q.
2057 3711 2328 3779 Curtius
2371 3711 2657 3776 subinde

464 3822 873 3900 temperasse
907 3818 1195 3883 videtur.

1010 3997 1204 4082 cun.
1235 3979 1481 4066 Budaei
1513 3999 1596 4065 de
1625 3997 1803 4063 Asse
1829 3998 1945 4065 nb.
1978 4013 2093 4062 111.

550 4114 630 4181 In
649 4134 735 4180 ea
760 4115 964 4200 igitur
990 4117 1176 4195 urbe,
1209 4125 1500 4199 quantas
1526 4135 1683 4201 spes
1707 4115 2100 4182 Alexander
2124 4115 2398 4198 ceperit,
2427 4111 2680 4179 verbis-

462 4218 683 4305 ipsius
715 4219 932 4285 Curtii
961 4218 1278 4286 Auctoris
1307 4220 1467 4286 tersi
1498 4224 1565 4284 et
1595 4219 1927 4304 elegantis
1957 4218 2333 4286 referemus.
