2978 4933
875 346 992 396 οι..
1038 350 1199 399 cxx.
1240 334 1307 401 4.
1381 352 1452 401 A.
1498 355 1619 403 cn.
1668 356 1741 403 N.
1786 341 1939 407 333.
2376 346 2508 415 235

301 489 562 569 derunt,
626 510 895 577 semper
942 504 1299 578 parentum
1348 498 1507 564 loco
1561 501 1778 567 cultis
1862 505 1969 570 11.
2015 506 2297 574 Hortari
2348 531 2513 594 ergo

300 593 504 658 Poeni
526 591 551 628 ¹¹
596 604 971 680 coeperunt,
1020 603 1042 636 ‘
1060 607 1131 665 ut
1158 602 1580 669 obsidionem
1634 606 1792 672 forti
1823 609 2047 674 animo
2077 619 2462 695 paterentur
2487 635 2506 695 ;

297 697 490 762 brevi
521 696 916 783 Carthagine
943 705 1204 770 auxilia
1250 713 1566 774 ventura:
1592 707 1611 735 ’
1651 730 1940 796 namque
1970 733 2055 778 ea
2097 722 2506 799 tempestate

296 820 537 884 magna
599 821 690 866 ex
746 810 938 887 parte
995 807 1274 876 Punicis
1329 812 1668 878 classibus
1727 815 1938 880 maria
1999 817 2504 884 obsidebantur.

286 903 401 968 12.
449 903 670 986 Igitur
689 906 875 972 bello
908 909 1197 990 decreto,
1228 933 1350 997 per
1379 932 1604 980 muros
1623 920 1974 1003 turresque
2005 927 2332 986 tormenta
2364 923 2507 987 dis-

294 1013 584 1088 ponunt:
632 1027 819 1075 arma
860 1010 1245 1096 junioribus
1274 1016 1626 1085 dividunt:
1674 1021 1953 1105 opifices
1985 1021 2200 1106 [que],
2228 1044 2502 1108 quorum

294 1109 500 1192 copia
553 1113 717 1178 urbs
776 1114 1186 1197 abundabat,
1237 1120 1306 1184 in
1369 1121 1672 1189 officinas
1735 1125 2169 1191 distribuunt.
2258 1126 2504 1195 Omnia

291 1211 455 1276 belli
486 1222 828 1298 apparatu·
848 1224 1186 1304 strepunt:
1218 1224 1447 1290 ferreae
1478 1241 1746 1312 quoque
1775 1246 2034 1307 manuS‚
2063 1228 2118 1316 (‘
2144 1230 2505 1315 Harpago-

290 1332 420 1379 nas
439 1311 482 1350 ’ί
524 1316 826 1405 vocant‚)
869 1341 1046 1405 quas
1078 1327 1395 1410 operibus
1417 1328 1713 1394 hostium
1742 1330 2107 1416 injicerent,
2140 1333 2499 1421 corviquej

291 1422 363 1481 et
422 1420 583 1500 alia,
633 1424 905 1488 tuendis
935 1427 1222 1497 urbibus
1274 1431 1688 1514 excogitata,
1732 1435 2304 1518 praeparabantur.
2394 1439 2502 1504 13.

289 1520 431 1586 Sed
462 1544 613 1589 cum
642 1524 1026 1594 fornacibus
1054 1531 1317 1612 ferrum,
1346 1535 1529 1619 quod
1573 1537 1823 1603 excudi
1857 1540 2257 1622 oportebat,⁶
2284 1539 2502 1625 impo-

291 1625 496 1690 situm
519 1633 725 1708 esset,
755 1631 1184 1719 admotisque
1215 1637 1491 1704 follibus
1522 1641 1742 1725 ignem
1787 1640 1959 1706 flatu
2008 1643 2456 1713 accenderent
2481 1666 2500 1728 ;

286 1733 310 1762 ⁸
333 1731 685 1814 sanguinis
711 1734 839 1800 rivi
870 1737 996 1802 sub
1027 1739 1199 1823 ipsis
1228 1742 1527 1808 flammis·
1549 1745 1903 1810 extitisse’
1933 1746 2268 1826 dicuntur,
2293 1748 2501 1833 idque
2553 1732 2557 1737 ’

253 1860 258 1863 “
287 1851 487 1897 omen
509 1835 587 1898 in
618 1834 1072 1907 Macedonum
1093 1837 1121 1878 ¹²
1162 1829 1413 1912 metum
1440 1854 1786 1914 verterunt
1813 1849 2046 1934 Tyrii.‘'
2131 1849 2241 1917 14.
2286 1850 2500 1936 Apud

284 1934 706 2004 Macedonas
737 1961 1028 2027 quoque,
1058 1965 1214 2013 cum
1244 1948 1412 2015 sorte
1438 1970 1685 2036 panem
1702 1952 1976 2038 quidam
2008 1951 2295 2018 militum
2317 1954 2497 2019 sran-

343 2135 379 2170 8
413 2130 485 2179 Et
504 2130 638 2193 quasi
656 2138 875 2197 permutes
890 2135 1113 2186 honorati
1132 2142 1241 2188 sunt
1259 2137 1319 2188 ab
1340 2137 1459 2190 illis.

353 2191 382 2264 ᾖ
415 2192 500 2245 Ex
517 2212 608 2259 quo
624 2200 1004 2261 amasabricari
1020 2216 1135 2265 opus
1154 2203 1276 2256 erat.

348 2265 365 2290 ⁸
397 2260 462 2310 Id
479 2263 754 2326 prodigium
775 2266 827 2314 ia
848 2266 1158 2321 Macedonum
1171 2284 1430 2334 perniciem
1448 2268 1760 2337 interpretati
1778 2279 1911 2326 sunt.

1205 2430 1568 2456 enoeeebeeee
1632 2444 1637 2449 Ἴ

282 2546 343 2590 et
366 2539 533 2593 Amat.
554 2558 742 2595 sacrum
760 2546 1285 2600 anniversarium—ll
1324 2550 1474 2601 Leid.
1512 2556 1560 2601 1.
1595 2554 1719 2603 mori
1754 2568 1849 2618 pro
1869 2554 2171 2607 marim—12
2205 2554 2353 2605 Leid.
2378 2557 2497 2608 Flo·

284 2615 426 2657 rent.
446 2610 597 2659 Voss.
617 2615 666 2660 1.
683 2614 734 2660 2.
755 2612 925 2677 Βοῦς.
950 2614 1118 2678 Lugd.
1142 2622 1197 2664 et
1223 2615 1388 2666 Amst.
1412 2616 1660 2669 omittunt
1684 2634 1772 2683 que
1795 2627 1913 2685 post
1935 2620 2142 2686 opifices.
2176 2621 2294 2670 Pal.
2333 2625 2379 2670 1.
2413 2622 2500 2670 ha-

282 2672 544 2726 bundabat.
605 2675 738 2725 Mox
760 2678 911 2729 Leid.
932 2679 1093 2729 Voss.-
1107 2684 1157 2729 1.
1178 2685 1232 2731 2.
1262 2688 1319 2731 et
1341 2682 1511 2746 Bong.
1533 2698 1814 2747 nrpagonas.
1869 2685 1988 2735 Pal.
2012 2691 2062 2735 1.
2087 2700 2217 2749 quos.
2272 2687 2426 2735 VosS.
2450 2691 2498 2736 1.

282 2746 344 2786 et
364 2738 531 2803 Bong.
554 2740 800 2791 inicerent.
852 2742 976 2795 Ald.
998 2745 1129 2794 corvi
1148 2751 1197 2795 et
1212 2746 1461 2797 alim—13
1488 2747 1638 2798 Voss.
1657 2754 1705 2799 2.
1720 2750 2040 2800 accenderint.
2108 2749 2256 2800 Leid.
2277 2754 2323 2799 1.
2347 2755 2503 2800 verte-

278 2809 396 2864 rant
424 2804 563 2870 Tyrii
576 2822 598 2865 ‚·
629 2807 782 2860 Voss.
812 2812 864 2859 2.
899 2814 1145 2861 verterunt
1169 2812 1327 2863 Thirii
1346 2826 1369 2871 ,·
1418 2811 1542 2864 Ald.
1575 2829 1628 2867 υ.
1669 2814 1940 2880 Tyra—14
1989 2816 2182 2881 Vulgg.
2205 2816 2500 2879 frangerem

1279 2948 1527 3013 No‘rAE‘
1596 2927 1597 2930 Ὺ

340 3089 367 3123 ¹¹
397 3091 564 3157 Poeni]
597 3092 680 3143 Ex
701 3092 1037 3145 Phoenicibus
1059 3093 1190 3145 dicti
1223 3099 1350 3146 sunt'

278 3169 295 3197 ‘
315 3167 507 3227 Poeni:
541 3170 777 3221 detracta
807 3171 1162 3235 aspIration03
1196 3179 1256 3221 ut
1278 3181 1345 3220 ex

276 3243 516 3310 πορφύρα,
550 3261 799 3311 purpura.-
836 3252 947 3297 tum
982 3260 1051 3297 ex
1097 3244 1343 3296 ‘Poenis’

276 3317 494 3388 ductum
518 3333 708 3373 nomen
728 3322 745 3352 ‘
764 3322 1015 3388 Punicus,
1034 3338 1084 3388 a,
1101 3328 1219 3387 um‚’
1240 3323 1344 3373 usi·

274 3407 389 3455 tata
412 3403 613 3454 Latinis
632 3403 924 3455 mutatione
952 3420 997 3454 oe
1019 3403 1075 3453 in
1095 3420 1146 3468 a,
1166 3418 1344 3470 quem·

276 3479 558 3531 admodum
597 3495 666 3531 ex
705 3482 722 3510 ‘
747 3480 931 3547 poena’
963 3482 1223 3548 .‘punio:’
1276 3497 1346 3533 ex

273 3558 292 3588 ⁴
308 3558 502 3608 moenia
517 3557 533 3582 '
558 3558 575 3586 ‘
590 3558 803 3610 munio.'

289 3647 296 3652 ·
334 3634 350 3669 ¹
386 3634 739 3700 Har-paganas]
764 3634 1111 3703 Harpagones
1135 3642 1346 3709 vocatos

155 3735 162 3738 ⁷
271 3710 351 3763 ait
371 3712 552 3763 Livius
575 3712 668 3764 lib.
692 3726 896 3766 xxxix.
916 3715 932 3742 ‘
947 3729 1147 3766 asseres
1168 3712 1366 3768 ferreo

271 3804 409 3841 unco
431 3789 695 3854 praefixos,
713 3793 802 3857 qui
816 3792 1033 3844 navibus
1054 3792 1344 3857 corripien-

273 3866 354 3916 dis
397 3865 785 3932 injiciebantur,
829 3872 1028 3920 catenis
1072 3869 1347 3934 suspensi.’

274 3941 524 3994 Ceterum
556 3942 793 3996 ‘ferreas
812 3945 1024 3994 manus'
1057 3945 1122 3996 ab
1154 3946 1344 4011 harpa·

276 4017 496 4080 genibus
530 4018 760 4070 diversas
791 4018 972 4086 fuisse,
1008 4022 1343 4089 diversosque

275 4094 532 4146 habuisse·
568 4095 869 4149 inventores
931 4098 1087 4150 docet
1138 4098 1340 4151 Plinius

274 4171 367 4223 lib.
393 4186 497 4224 vn.

337 4246 357 4291 ³
394 4248 654 4317 Coruique]
690 4251 758 4303 Et
786 4250 887 4303 hoc
918 4252 1059 4303 aliud
1084 4252 1341 4319 quoddam

1423 3092 1529 3144 fuit
1544 3108 1646 3145 non
1664 3093 1902 3146 absimile
1917 3094 2340 3154 instrumentum,
2356 3095 2497 3161 quod

1423 3171 1752 3236 implicandis
1784 3172 2025 3239 navigiis,
2063 3173 2372 3234 lacerandis,
2415 3179 2496 3224 at·

1424 3248 1793 3314 trahendisque
1816 3256 2036 3315 repente
2066 3250 2292 3301 hostium
2319 3247 2497 3302 militi-

1426 3324 1541 3389 bus,
1573 3326 1922 3375 machinarum
1968 3341 2070 3391 ope
2109 3326 2496 3389 excutiebatur,

1423 3403 1773 3467 celeriterque
1797 3402 2178 3454 retrahebatur.
2215 3404 2393 3468 Longe
2417 3402 2497 3454 di·

1421 3491 1630 3531 versum
1646 3479 1715 3529 ab
1732 3480 1836 3530 isto
1854 3478 1960 3530 suit
1977 3494 2139 3545 genus
2160 3479 2284 3530 illud
2311 3494 2494 3530 corvo-

1421 3570 1560 3615 rum,-
1580 3555 1774 3622 quoda
1792 3558 1852 3608 C.
1873 3554 2076 3606 Duillio
2098 3555 2346 3606 adversus
2370 3557 2498 3607 Poe·

1411 3645 1518 3683 nos
1557 3632 1913 3697 excogitatum
1946 3633 2203 3698 Polybius
2243 3633 2495 3684 describit

1423 3710 1516 3761 lib.
1553 3723 1594 3760 1.
1644 3708 1729 3759 Ab
1753 3709 1990 3774 utrisque
2029 3723 2154 3761 vero
2190 3715 2293 3761 non
2324 3711 2492 3761 minus

1424 3786 1626 3850 differt,
1640 3802 1791 3851 quem
1807 3786 2080 3836 Vitruvius
2099 3785 2118 3815 ‘
2135 3786 2493 3842 demolitorem

1423 3864 1678 3927 corvum,’
1697 3865 1785 3914 alii
1808 3864 1823 3891 ‘
1844 3877 2024 3928 gruem
2039 3862 2054 3885 ’
2076 3864 2367 3927 appellant.

1487 3942 1515 3978 k
1547 3944 1608 3993 In
1631 3940 1972 4005 Macedonum]
2006 3940 2096 3991 Sic
2121 3956 2310 4007 nempe
2332 3942 2494 3994 inter·

1423 4022 1644 4088 metati,
1659 4019 1807 4085 quasi
1823 4016 2202 4070 Macedonibus
2218 4020 2493 4084 plurimum

1422 4096 1689 4163 sanguinis
1729 4094 2151 4164 profundendum
2188 4103 2329 4148 esset
2351 4098 2405 4149 in
2427 4113 2493 4149 ea

1422 4175 1712 4227 obsidione.
