2978 4933
494 355 586 421 42
1312 372 1874 422 Pnonncomzun

499 515 780 600 recepit.
867 514 1026 582 Vid.
1088 534 1156 582 V.
1205 517 1273 585 6.
1302 519 1368 584 9.
1460 534 1542 582 x.
1587 519 1697 585 10.
1739 520 1802 583 5.
1846 524 1911 583 et
1940 519 2215 603 passim.
2306 515 2696 599 Quinetiam

499 621 653 705 ipse
681 626 936 687 tantam
965 622 1150 686 illam
1181 624 1723 707 componentium
1750 631 2017 688 vetusta
2037 641 2249 686 rerum
2271 632 2699 692 monumenta

501 724 617 789 vel
659 725 1112 809 securitatem,
1150 724 1260 790 vel
1307 745 1426 808 par
1467 725 1624 791 huic
1670 726 1929 806 vitium,
1978 725 2454 803 credulitatem,
2491 729 2699 793 demi-

501 828 658 892 rans
687 828 961 912 ingemit
992 831 1197 920 1X.·5.
1224 829 1331 894 21.
1399 827 1709 894 Ceterum
1737 830 1944 894 multa
1973 827 2248 893 Curtius
2275 849 2320 893 e
2349 828 2696 896 Clitar-cbo

502 930 815 996 hausisse
841 931 1132 997 videtur.
1192 930 1357 998 Vid.
1389 947 1502 997 ιΧ.
1525 934 1592 996 5.
1615 932 1724 998 21.
1755 937 1824 997 et
1852 947 1961 995 lx.
1991 931 2054 996 8.
2088 932 2196 996 15.
2282 933 2502 998 Simul
2538 953 2698 999 vero

498 1033 774 1098 minime
816 1034 1075 1118 sprevit
1110 1033 1569 1099 Ptolemaeum.
1655 1034 1819 1100 Vid.
1855 1051 1924 1098 v.
1951 1034 2017 1099 3.
2047 1033 2158 1098 12.
2201 1033 2385 1110 (coll.
2432 1032 2699 1119 Arrian.

497 1150 622 1201 ιιι.
673 1136 781 1203 17.
824 1134 972 1218 fin.)
1013 1142 1080 1204 et
1110 1153 1224 1202 rx.
1261 1139 1326 1203 5.
1354 1139 1463 1203 21.
2435 1125 2450 1131 ’

589 1239 779 1306 Hinc
817 1240 1133 1324 colligere
1176 1258 1549 1325 possumus
1580 1239 1881 1306 Curtium
1911 1239 2180 1324 quidem
2211 1241 2598 1325 neutiquam
2629 1241 2703 1305 id

500 1342 753 1425 egisse,
793 1349 870 1410 ut
914 1342 1284 1412 Historiam
1328 1346 1648 1424 criticam,
1690 1364 1893 1428 quam
1942 1351 2206 1418 vocant,
2251 1352 2707 1428 componeret,

503 1446 629 1512 sed
658 1452 751 1525 ut,
782 1467 951 1532 quae·
979 1449 1227 1514 tradita
1265 1455 1495 1514 essent
1537 1449 1625 1513 ab
1664 1449 2075 1528 auctoribus,
2104 1467 2371 1513 amoena
2400 1448 2704 1514 oratione

498 1557 873 1630 renovaret,
903 1540 1105 1637 atque
1135 1553 1231 1617 ita
1278 1550 1567 1615 lectores
1616 1557 1875 1615 teneret
1923 1569 2005 1614 ac
2048 1548 2410 1616 delectaret
2455 1552 2713 1636 potine,

498 1672 705 1738 quam
747 1654 1037 1720 doceret.
1127 1653 1371 1738 Neque
1399 1653 1499 1718 ita
1527 1653 1917 1719 incredibile
1955 1659 2077 1732 est,
2110 1654 2290 1737 quod
2326 1654 2470 1739 Jam
2513 1653 2711 1720 Peri-

460 1760 463 1761 ’
500 1756 744 1821 zonius
790 1757 979 1837 vidit,
1024 1755 1327 1823 Curtium
1367 1756 1539 1821 hanc
1589 1757 2020 1841 potissimum
2066 1775 2158 1820 ex
2203 1757 2494 1840 antiquis
2536 1755 2714 1822 sele·

500 1861 690 1943 gisse
723 1859 1124 1939 Historiam,
1155 1874 1359 1944 quam
1390 1859 1634 1925 Latino
1679 1866 2122 1942 exequeretur
2173 1876 2497 1934 sermone,
2548 1860 2716 1942 quia

408 2029 412 2033 ,
498 1963 778 2028 sublimi
826 1965 1006 2048 stylo
1055 1971 1129 2029 et
1170 1963 1484 2029 oratoriis
1526 1961 2030 2029 narrationibus
2059 1962 2391 2026 videretur
2409 1964 2713 2027 maxime

496 2073 903 2150 opportuna.
995 2066 1201 2147 Quod
1233 2088 1396 2135 vero
1426 2068 1609 2134 haud
1653 2065 1905 2151 injuria
1945 2065 2113 2129 vitio
2153 2065 2423 2129 vertitur
2452 2063 2718 2143 Curtio,

500 2174 627 2248 est,
657 2171 841 2253 quod
871 2171 1097 2251 multa,
1131 2191 1288 2255 quae
1315 2173 1386 2236 in
1414 2188 1614 2255 opere
1632 2170 1705 2235 H
1713 2169 1991 2234 istorico
2024 2186 2199 2250 segre
2225 2164 2714 2246 desideramus,

504 2291 745 2354 parum
770 2274 1124 2352 curaverit,
1168 2281 1235 2339 et
1273 2274 1374 2338 sic
1418 2293 1486 2337 v.
1515 2293 1574 2337 c.
1621 2289 1836 2336 annos
1866 2276 1933 2335 et
1962 2275 2421 2353 tempestates,
2461 2270 2719 2352 quibus

504 2373 765 2456 singula
815 2380 1010 2457 gesta
1052 2375 1215 2452 sint,
1262 2393 1601 2457 nusquam
1630 2372 1992 2438 addiderit.
2080 2370 2218 2435 Sed
2246 2368 2413 2454 quid
2444 2371 2713 2452 mirum,

506 2476 688 2558 quod
720 2477 1101 2544 Historiam
1124 2477 1432 2555 hominiS,
1461 2478 1581 2561 qui
1613 2477 1768 2561 ipse
1807 2496 1904 2555 se,
1951 2495 2155 2560 quem
2201 2495 2434 2540 omnes
2479 2474 2723 2560 Scrip-

504 2583 685 2643 tores
717 2586 904 2645 tauto
933 2582 1085 2646 nisu
1120 2589 1193 2645 et
1229 2581 1493 2665 impetu
1536 2585 2011 2664 portentosum
2058 2577 2517 2657 reddiderant,
2562 2585 2715 2644 tan-

509 2700 717 2765 quam
749 2682 1101 2750 Fabellam
1136 2683 1637 2749 Romanensem
1666 2689 2008 2760 tractaret,
2040 2689 2109 2746 et
2136 2700 2356 2764 neque
2390 2684 2498 2754 τὰς
2538 2681 2723 2761 βασι-

500 2783 691 2858 λείους
718 2783 1056 2872 ἐφημέςιὸας
1078 2787 1463 2870 inspiceret,
1494 2805 1706 2869 neque
1740 2785 2047 2851 Baetonis
2078 2804 2161 2849 ac
2193 2784 2505 2868 Diogneti
2538 2784 2725 2848 σταθ-

506 2886 650 2967 μοὺς
690 2891 788 2963 τῆς
827 2882 1196 2975 Ἀλεξάνὸςου
1248 2885 1495 2973 πορείας,
1540 2894 1862 2971 tanquam
1908 2888 1997 2952 ad
2039 2906 2177 2951 rem
2235 2906 2425 2952 suam
2479 2905 2722 2971 pamm

508 2988 852 3069 facientes,
882 2992 1308 3056 consuleret?

584 3090 760 3170 Quae
782 3094 1011 3159 omnia
1026 3094 1272 3162 sibene
1294 3094 1554 3178 riteque
1574 3098 2009 3178 reputassent
2027 3090 2527 3175 reprehensores
2547 3091 2721 3157 Cur-

505 3195 595 3262 -tii
615 3194 874 3280 justius
902 3194 1206 3279 profecto
1224 3197 1620 3262 statuissent
1637 3215 1720 3260 ac
1732 3195 2179 3281 judicassent,
2204 3212 2406 3277 quam
2430 3195 2720 3259 subinde

511 3297 764 3363 factum
785 3306 908 3364 est.
967 3298 1158 3364 Nihil
1180 3305 1405 3364 tamen
1424 3298 1936 3383 iniquiu3,nihil
1955 3296 2318 3380 indigniuS,
2337 3296 2502 3361 nihil
2525 3315 2718 3363 acer-

513 3401 669 3466 bius
710 3401 969 3466 dictum
1001 3407 1127 3480 est,
1183 3421 1385 3485 quam
1432 3421 1591 3485 quae
1618 3401 1738 3467 Jo.
1770 3400 2073 3466 Clericus
2104 3400 2175 3462 in
2205 3397 2249 3464 J
2258 3397 2483 3464 udicio
2509 3398 2596 3463 de
2622 3400 2719 3479 Q.

513 3501 750 3568 Curtio
774 3504 1065 3587 protulit.
1137 3504 1276 3569 Sed
1301 3506 1467 3569 satis
1488 3510 1719 3570 notum
1741 3514 1843 3569 est
1870 3502 2207 3569 Clericum
2234 3507 2402 3570 aestu
2426 3501 2722 3584 quodam

508 3603 768 3687 ingenii
786 3610 859 3670 et
872 3605 1512 3672 acerbitatenaturae
1531 3607 1882 3690 abreptum
1902 3623 2258 3670 censuram
2280 3604 2559 3668 libenter
2576 3610 2721 3670 stu-

511 3706 836 3791 dioseque
850 3708 920 3772 in
937 3707 1108 3773 alios
1124 3709 1764 3793 exercuisse,neque
1781 3709 2044 3793 optimo
2060 3707 2303 3791 cuique
2315 3707 2725 3790 pepercisse.

506 3808 895 3891 Scripserat
944 3809 1049 3873 vir
1098 3810 1225 3876 iste
1260 3806 1507 3875 ‚Artem
1537 3829 1744 3878 ¹suam
1771 3809 2123 3887 Criticam,
2153 3825 2593 3893 normamque
2625 3811 2725 3877 ibi

506 3918 839 3995 posuerat
867 3913 1279 3991 acerrimam,
1310 3933 1445 3996 qna
1477 3933 1672 3979 omne
1709 3914 2040 3998 judicium
2072 3912 2250 3976 soret
2273 3911 2723 3994 dirigendum,

513 4018 606 4090 et,
653 4017 728 4077 ut
772 4013 1172 4094 ostenderet,
1217 4035 1505 4099 quanam
1551 4020 1808 4083 ratione
1863 4035 2146 4081 examen
2189 4011 2488 4079 criticum
2532 4016 2726 4081 insti-

515 4114 833 4200 tuendum
876 4123 1075 4195 esset,
1126 4115 1214 4195 Q.
1240 4116 1462 4208 ,Curtii
1509 4118 1911 4196 Historiam,
1942 4136 2097 4202 quae
2137 4116 2305 4184 forte
2332 4116 2422 4182 ad
2449 4111 2725 4184 manum

514 4223 716 4298 esset,
767 4219 853 4284 ad
902 4219 1166 4303 regulas
1219 4221 1651 4306 praescriptas
1698 4221 1940 4305 exegit.
2030 4220 2220 4287 Casu
2266 4220 2437 4285 enim
2486 4218 2723 4287 Curtio
