2978 4933
464 362 596 428 334
909 379 976 437 Q.
1025 374 1288 425 cunm
1335 374 1514 423 uum
1567 373 1711 421 mn.
1759 375 1857 422 ιν.
1906 371 2075 422 esp,
2119 358 2223 425 15.

467 532 622 595 thas
648 528 867 594 mittit.
955 529 1059 593 14.
1107 527 1293 591 Inter
1333 527 1483 592 haec
1533 544 1790 605 currus,
1829 528 1948 610 qui
1993 529 2177 594 circa
2218 528 2437 612 prima
2468 530 2651 613 signa

465 635 889 699 turbaverant
919 632 1157 711 aciem,
1203 630 1271 694 in
1304 630 1696 713 phalangem
1740 630 1989 696 invecti
2023 640 2235 697 erant.
2324 630 2654 697 Macedo·-

465 755 588 801 nes
618 735 1019 800 confirmatis
1065 734 1302 798 animis
1345 733 1415 796 in
1464 733 1757 798 medium
1809 754 2046 816 agmen
2075 733 2464 818 accipiunt!
2552 736 2654 800 1⁵.

468 837 679 903 Vallo
712 837 954 902 similis
995 837 1176 902 acies
1206 843 1388 902 erat:
1425 837 1791 922 junxerant
1819 839 2094 918 hastas3
2139 844 2208 902 et
2239 840 2325 903 ab
2373 844 2656 920 utroque

465 942 668 1005 latere
729 947 979 1005 temere
1037 940 1508 1005 incurrentium
1560 939 1682 1003 ilia
1746 939 2233 1007 suffodiebant:
2302 940 2656 1008 circumire

465 1043 708 1108 deinde
742 1061 996 1122 currus,
1019 1049 1088 1109 et
1115 1048 1642 1127 propugnatores
1674 1043 2094 1127 praecipitare
2124 1050 2502 1127 coeperunt.
2554 1041 2659 1108 16.

469 1145 718 1229 Ingens
764 1147 953 1212 ruina
1001 1166 1318 1230 equorum
1358 1146 1863 1230 aurigarumque
1903 1147 2117 1211 aciem
2166 1146 2658 1230 compleverat:

465 1248 536 1313 hi
567 1249 834 1315 territos
863 1267 1085 1332 regere
1113 1269 1246 1314 non
1277 1253 1616 1333 poterant:
1662 1248 1815 1332 equi
1862 1250 2092 1316 crebra
2111 1249 2493 1334 jactatione
2524 1268 2665 1313 cer-

468 1353 692 1418 vicum
719 1372 855 1418 non
874 1352 1112 1438 jugum
1138 1351 1336 1416 modo
1357 1356 1821 1428 excusserant,
1843 1350 1964 1415 sed
1987 1352 2187 1417 etiam
2210 1370 2450 1415 currus
2482 1370 2661 1416 ever-

470 1462 727 1522 terant:
813 1455 1147 1521 vulnerati
1196 1454 1585 1520 interfectos
1656 1454 2043 1520 trahebant:
2117 1473 2239 1519 noc
2298 1454 2660 1519 consistere

466 1559 702 1637 territi,
751 1578 874 1625 nec
923 1557 1229 1644 progredi
1283 1558 1538 1624 debiles
1577 1564 1903 1642 poterant.
1990 1558 2097 1623 17.
2144 1558 2393 1623 Paucae
2438 1561 2660 1633 tamen

465 1681 739 1728 evasere
767 1663 1108 1747 quadrigae
1135 1661 1206 1727 in
1247 1661 1552 1727 ultimam
1584 1661 1818 1739 aciem,
1847 1661 1957 1741 iis,
1988 1663 2231 1746 quibus
2259 1661 2660 1736 inciderunt,

466 1765 828 1831 miserabili
877 1763 1131 1832 morte‘
1188 1766 1591 1832 consumtis:
1656 1764 1909 1849 quippe
1965 1768 2314 1848 amputata
2369 1764 2658 1829 virorum

466 1870 760 1934 membra
787 1870 972 1936 humi
1011 1870 1371 1955 jacebant:
1418 1875 1486 1934 et
1531 1869 1695 1952 quia
1741 1868 1978 1933 calidis
2010 1868 2230 1933 adhuc
2278 1866 2659 1932 vulneribus

469 1973 695 2036 aberat
740 1972 949 2050 dolor,
978 1972 1190 2038 trunci
1240 1992 1508 2057 quoque
1556 1979 1626 2036 et
1673 1971 1930 2037 debiles
1975 1990 2160 2037 arma
2211 1990 2348 2035 non
2396 1970 2659 2035 omitte-

466 2074 667 2154 bant;
714 2075 957 2153 donec,
987 2077 1199 2141 multo
1246 2075 1569 2158 sanguine
1598 2074 1829 2155 effuso,
1877 2075 2238 2141 exanimati
2268 2073 2662 2158 procumbe·

465 2182 660 2241 rent.-
716 2176 823 2240 18.
893 2177 1166 2243 Interim
1212 2177 1482 2256 Aretes,
1535 2178 1960 2262 Scytharum,
2007 2177 2127 2262 qui
2185 2175 2660 2262 impedimenta

467 2278 893 2362 diripiebant,
928 2280 1100 2346 duce
1131 2282 1385 2361 occiso,
1435 2282 1705 2366 gravius
1735 2281 1984 2347 territis
2012 2280 2332 2346 instabat.
2423 2278 2660 2362 Super-

1385 2460 1471 2482 ΟΝ
1474 2461 1683 2482 ΝΟΜ
1687 2461 1745 2482 θ’

468 2542 604 2592 Dan.
627 2544 946 2608 sarisophoros
957 2562 978 2606 ,·
1012 2545 1127 2597 Pal.
1152 2551 1196 2595 1.
1218 2563 1325 2611 qnoe
1345 2547 1700 2611 sarisophoros,-
1733 2546 1857 2598 Ald.
1879 2562 1994 2611 quos
2013 2544 2409 2610 Σαρισσοφόρους·
2444 2545 2598 2593 Voss.
2614 2548 2659 2594 2.

464 2609 842 2725 2Ὺῶἢὲἷὲξέ
874 2611 1015 2726 ῗὲἶὰ
1037 2613 1690 2729 ⁹“v⁶z·..⁸⁰¹1⁵⁸⁸;¹’¹;3'.⁰;²··1323¹
1723 2614 1876 2727 {²⁰⁸3
1899 2609 2658 2740 {0:2¹²222x25'mm·

468 2741 531 2786 16
566 2737 685 2788 Ald.
719 2741 861 2790 ruina
880 2756 1097 2804 quorum.
1162 2742 1270 2792 Pro
1291 2744 1399 2806 equi
1420 2744 1650 2793 Florent.
1673 2742 1895 2792 Theocr.
1926 2742 2073 2791 Leid.
2108 2742 2261 2790 Voss.
2286 2745 2334 2791 1.
2359 2745 2410 2789 2.
2461 2739 2560 2790 Ed.
2586 2753 2657 2802 pr.

467 2801 678 2853 Venett.
698 2805 893 2854 Veron.
917 2813 972 2854 et
992 2808 1130 2857 Mer.
1165 2808 1254 2866 hi,·
1285 2808 1402 2858 Pal.
1428 2813 1474 2858 l.
1511 2807 1633 2858 ΑΜ.
1670 2807 1842 2857 Colin.
1880 2806 2082 2871 Gryph.
2126 2807 2239 2856 Col.
2284 2813 2342 2855 et
2391 2805 2515 2856 Bas.
2552 2804 2658 2869 qui:

468 2866 607 2915 Dan.
640 2869 734 2918 hic.
803 2870 993 2920 Henm.
1017 2873 1196 2934 legere
1210 2872 1364 2936 jubet
1383 2872 1476 2922 illi.
1545 2874 1661 2922 Pal.
1685 2878 1731 2922 1.
1764 2888 1848 2922 nec
1886 2872 2220 2935 progredibilis
2247 2875 2505 2934 pateranu-
2538 2884 2659 2918 non·

467 2931 620 2981 nullae
644 2933 764 2982 edd.
788 2941 914 2984 vett.
937 2951 1051 2985 cum
1070 2937 1200 2987 Tell.
1222 2944 1279 2987 et
1300 2938 1479 2988 Maitt.
1502 2952 1587 2987 nec
1604 2938 1828 3000 congredi
1851 2941 1898 2988 d.
1917 2941 2282 3002 poterant—17
2308 2936 2415 2985 Pro
2438 2936 2501 2985 iis
2516 2933 2658 2985 Leid.

465 2996 621 3071 Voss.
642 3001 690 3046 2.
727 3004 782 3046 et
819 3000 956 3049 Mer.
993 3002 1087 3052 his.
1154 3002 1295 3053 Pitli.
1334 3002 1681 3053 miserabiliter.
1748 3003 1898 3053 Leid.
1926 3002 2174 3065 truncique
2194 3007 2242 3053 et
2266 3001 2460 3051 debiles.
2529 3002 2661 3051 Dan·

467 3060 610 3111 Pith.
658 3062 852 3114 Fauch.
897 3065 1047 3116 Leid.
1090 3066 1324 3118 Florent.
1368 3076 1424 3117 et
1461 3069 1616 3118 Voss.
1658 3072 1706 3118 2.
1750 3083 1882 3117 arma
1918 3069 2105 3132 quidem
2131 3082 2268 3125 mon,-
2318 3067 2487 3129 Boug.
2531 3070 2579 3115 1.
2615 3068 2660 3113 2.
2726 3101 2731 3105 .

466 3134 522 3175 et
567 3127 716 3177 Voss.
751 3132 797 3176 1.
847 3130 1033 3192 quidem
1080 3145 1215 3181 mma
1259 3147 1382 3190 non,-
1433 3133 1552 3182 alii:
1588 3147 1722 3183 arma
1754 3140 1911 3182 tamen
1941 3149 2051 3182 non.
2120 3133 2234 3182 Pal.
2279 3135 2325 3183 1.
2370 3131 2515 3180 multi
2558 3140 2693 3186 sum,

462 3189 629 3251 guinis
672 3191 961 3256 ‘ffwi--lss
996 3196 1225 3247 Florent.
1270 3198 1416 3247 Leid.
1454 3199 1606 3247 Voss.
1658 3203 1703 3248 1.
1746 3202 1796 3248 2.
1847 3199 1980 3248 Dan.
2017 3205 2072 3246 et
2108 3197 2275 3259 Bong.
2313 3201 2353 3246 ι.
2385 3202 2437 3246 2.
2471 3196 2662 3251 aretis:

466 3255 659 3308 Faucb.
700 3266 756 3309 et
800 3259 945 3308 Pith.
983 3260 1215 3320 Arethis;
1249 3263 1382 3312 Mer.
1422 3263 1591 3327 Arete,
1632 3269 1687 3312 et
1724 3277 1842 3313 mox
1885 3263 2145 3315 instabant.
2227 3262 2394 3327 Bong.
2436 3262 2664 3312 Floreat.

1458 3403 1509 3453 N
1518 3402 1672 3454 OTAE

462 3496 748 3559 proprium,
771 3507 922 3569 quam
947 3499 1173 3549 AElianus
1197 3505 1252 3550 et
1275 3499 1524 3565 Polybius
1606 3499 1727 3550 hinc
1768 3499 1891 3551 inde
1930 3497 2115 3563 divisa,
2155 3496 2572 3563 prominentibus
2608 3514 2663 3548 u-

463 3571 754 3624 cubitorum
770 3576 1185 3642 quatuordecim,
1202 3578 1301 3627 hoc
1318 3584 1417 3642 est,
1437 3591 1524 3642 pe·
1607 3577 1830 3641 trimque
1849 3576 2070 3638 sarissis,
2088 3576 2310 3640 speciem
2331 3576 2564 3627 habebat
2582 3591 2666 3641 ag-

464 3648 585 3699 dum
608 3650 755 3700 unius
774 3658 827 3700 et
852 3653 1030 3716 viginti
1051 3652 1269 3716 faciunt,
1288 3669 1406 3704 cum
1428 3654 1525 3705 ini·
1604 3654 1742 3717 geris
1779 3652 1994 3717 praefixo
2028 3652 2162 3702 vallo
2201 3649 2421 3703 defensi.
2487 3654 2663 3703 Vallus

462 3723 538 3772 tio
559 3725 823 3775 sexdecim
861 3728 1155 3779 cubitorum
1196 3729 1399 3794 fuisset,
1430 3745 1523 3795 pe·
1606 3731 1731 3798 quid
1754 3732 1822 3783 sit
1845 3731 2067 3782 diximus
2089 3745 2205 3796 cap.
2229 3734 2309 3782 12.

464 3799 693 3866 dumque
716 3803 845 3853 adeo
868 3804 1309 3870 vigintiquatuor.
1374 3808 1522 3858 Sinni·
1669 3806 1692 3839 f
1718 3808 1993 3858 Miserabili
2025 3808 2200 3873 morte]
2244 3807 2458 3858 Iudicat
2497 3814 2663 3859 tamen

463 3877 525 3936 lis
546 3884 628 3928 est
648 3895 799 3944 quam
818 3883 970 3932 hodie
994 3882 1210 3934 dicimus
1247 3902 1338 3936 une
1363 3887 1523 3951 pique.
1605 3886 1854 3936 Arrianus
1884 3885 2011 3934 nihil
2032 3885 2207 3935 damni
2228 3885 2430 3934 illatum
2456 3899 2488 3934 s
2510 3886 2664 3935 curri·

466 3955 570 4005 Sed
597 3956 697 4006 alia
718 3958 923 4008 brevior
944 3968 1058 4011 erat
1080 3962 1307 4025 equitum
1327 3962 1393 4012 de
1410 3963 1522 4028 qui·
1606 3963 1728 4024 bus:
1748 3962 1876 4012 alios
1901 3976 1998 4026 per
2012 3962 2236 4012 mediam
2256 3960 2574 4024 phalangem
2592 3964 2663 4012 in·

449 4029 561 4080 'bus
594 4031 679 4081 hic
716 4035 909 4097 agitur,
947 4049 1097 4099 quam
1120 4037 1321 4088 Gallice
1344 4038 1523 4090 dicere
1603 4039 1785 4089 noxios
1823 4045 1880 4088 et
1921 4038 2111 4088 illaesos
2150 4038 2417 4101 transisse,
2453 4039 2659 4089 aliorum

466 4107 635 4170 possis
655 4108 982 4168 unejaveline.
1603 4130 1763 4180 equos
1788 4116 1905 4165 telis
1928 4114 2195 4167 confossos
2219 4128 2351 4165 esse.
2415 4115 2522 4167 Sed
2546 4115 2664 4166 Dio·

529 4190 551 4216 θ
573 4183 851 4249 Accipiunt]
886 4186 1123 4237 Falcatos
1139 4202 1321 4239 currus
1338 4190 1524 4241 admit·
1604 4192 1759 4243 dorus
1785 4192 2098 4258 astipulatur
2122 4191 2320 4244 Curtio.

467 4264 603 4310 tunt.
691 4260 849 4325 Vallo]
900 4263 1137 4313 Phalanx
1175 4264 1523 4317 Macedonum
