2978 4933
451 416 497 480 6
586 448 591 452 ·
1331 425 1771 478 nummum.

456 572 796 654 notantur,
829 575 945 640 ubi
974 572 1186 639 Curtii
1210 568 1567 656 Tacitique
1615 575 1683 635 et
1726 569 2071 634 sententiae
2125 576 2198 634 et
2240 569 2443 634 verba
2486 560 2651 633 suut‘

458 681 822 746 simillima.
909 679 1137 745 Instar
1186 675 1480 741 omnium
1532 675 1664 738 sint
1719 673 1855 737 duo
1915 672 2195 738 Senecae
2249 672 2407 749 loci,
2459 670 2645 755 apud

458 802 660 867 quem
687 782 906 866 Epist.
927 781 1036 846 56.
1066 780 1172 845 16.
1199 777 1480 861 legitur:
1524 779 1546 811 ‘
1569 776 1761 840 Nihil
1795 782 1932 842 tam
1974 778 2221 840 certum
2271 778 2396 852 est,
2437 792 2642 857 quam

457 885 575 951 otii
599 887 767 951 vitia
789 883 1064 968 negotio
1089 877 1374 946 discuti.'
1429 905 1435 912 ·
1459 877 1665 962 Apud
1695 876 2006 942 Curtium*
2025 891 2153 940 v11.
2183 876 2245 938 1.
2275 877 2339 939 4.
2428 873 2646 938 Alex-

460 986 665 1052 ander
694 993 713 1022 ‘
741 988 908 1052 satis
930 983 1263 1068 prudenS,
1295 981 1419 1047 otii
1462 981 1633 1046 vitia
1671 980 1947 1062 negotio
1981 976 2273 1056 discuti,'
2300 979 2421 1042 διο.
2508 973 2645 1058 Ap.

457 1091 694 1161 Senec.
725 1089 855 1173 Ep.
885 1089 993 1154 59.
1022 1085 1131 1152 18.
1154 1082 1182 1120 “
1206 1089 1436 1170 gentes
1466 1104 1547 1149 ne
1573 1082 1872 1150 finitimis
1899 1081 2168 1166 quidem
2198 1080 2366 1145 satis
2395 1084 2587 1143 notas
2606 1074 2651 1156 ;’

458 1211 572 1275 ap.
621 1191 809 1257 Curt.
859 1208 987 1259 vn.
1032 1190 1099 1255 3.
1135 1191 1201 1254 5.
1249 1189 1587 1253 nationem
1635 1204 1720 1250 ne
1771 1183 2111 1249 ‘finitimis
2159 1182 2427 1266 quidem
2475 1178 2649 1244 satis
2705 1192 2710 1193 ⁷

456 1293 730 1371 notam,'
751 1297 870 1359 Sto.
944 1291 1399 1359 Freinshemio
1429 1298 1708 1374 uterque
1751 1307 1795 1352 a
1827 1286 2028 1352 tertio
2058 1285 2283 1369 aliquo
2314 1288 2651 1348 mutuatus

459 1395 761 1478 videtur3
804 1394 925 1475 sed
978 1397 1037 1460 si
1084 1394 1351 1460 aliunde
1390 1412 1661 1480 quoque
1712 1389 1987 1476 probari
2034 1387 2299 1473 poterit,
2346 1384 2653 1450 Curtium

460 1498 840 1580 posterioris
868 1498 1000 1564 aevi
1029 1496 1267 1575 fuisse,
1293 1497 1410 1562 illa
1448 1515 1537 1561 ex
1587 1484 1841 1559 Seneca
1881 1491 2227 1574 depromta
2265 1506 2417 1552 esse
2444 1478 2652 1550 facile

464 1600 817 1666 concedes,
887 1599 1178 1665 'Curtius
1236 1615 1347 1663 lx,
1402 1600 1470 1665 6.
1518 1597 1631 1664 17.
1691 1596 1905 1662 utitur
1949 1594 2152 1658 verbo
2219 1587 2656 1675 ‘piissimus,'

464 1703 642 1786 quod
668 1703 926 1767 nullum
953 1722 1105 1768 esse
1131 1703 1204 1768 in
1234 1701 1479 1787 Latina
1499 1701 1730 1783 lingua
1749 1695 1990 1763 Cicero
2022 1694 2328 1778 Philipp.
2350 1708 2524 1756 xm.
2549 1691 2653 1756 19.

466 1810 701 1872 auctor
724 1812 845 1870 est.
870 1822 876 1826 ⁴
931 1804 978 1872 J
982 1825 1091 1871 am
1119 1824 1282 1871 vero
1313 1804 1606 1890 scriptor
1645 1799 1889 1866 Tacito
1930 1805 2000 1864 et
2029 1797 2289 1861 Seneca
2317 1793 2657 1877 antiquior

462 1924 600 1972 non
624 1904 964 1992 reperitur,
993 1908 1110 1992 qui
1132 1908 1251 1973 illo
1281 1908 1483 1974 verbo
1511 1910 1760 1970 utatur.
1848 1898 2293 1984 Frequentius
2323 1902 2430 1961 est
2470 1893 2658 1978 apud

463 2009 867 2075 Ausonium.
952 2009 1119 2075 Vox
1167 2013 1189 2045 ‘
1209 2007 1608 2094 sagittandi'
1654 2022 1791 2072 vn.
1841 2006 1909 2070 5.
1960 2003 2070 2067 42.
2125 2003 2196 2067 in
2247 1997 2657 2082 antiquiore,

465 2135 666 2198 quam
693 2114 1000 2206 Justinus
1042 2118 1168 2192 est,
1207 2134 1343 2180 non
1383 2113 1645 2196 legitur.
1734 2106 2021 2187 Quintil.
2054 2103 2225 2168 Inst.
2258 2101 2451 2166 Orat.
2488 2114 2568 2162 x.
2591 2098 2657 2162 1.

459 2236 851 2305 quanquam
897 2218 1048 2301 ipse
1080 2217 1334 2282 'fatetur
1379 2216 1605 2299 plures
1647 2209 1970 2293 legendos
2014 2224 2194 2283 esse,
2247 2220 2539 2287 quama
2584 2206 2662 2264 se

467 2320 914 2397 nominentur,
946 2317 1251 2381 Curtium
1293 2316 1536 2391 tamen,
1579 2312 1639 2376 si
1687 2308 2025 2393 antiquior
2066 2312 2269 2381 esset,
2299 2304 2470 2366 inter
2512 2320 2660 2378 eoS,

471 2436 753 2504 quorum
809 2419 1101 2485 lectione
1151 2417 1436 2503 juvenes
1493 2413 1762 2482 dicendi
1820 2409 2225 2476 facultatem·
2267 2402 2661 2470 confirmare

468 2527 770 2605 possent,
801 2522 924 2587 vix
966 2521 1307 2605 potuisset
1349 2525 1593 2585 tacere.
1680 2514 1887 2598 Apud
1931 2511 2236 2579 Curtium
2277 2524 2373 2571 .v1.
2415 2508 2520 2571 11.
2551 2503 2660 2571 18.

471 2622 779 2690 Philotas
801 2624 1004 2691 duces
1024 2620 1419 2701 Alexandri,
1438 2623 1681 2707 quibus
1702 2636 1931 2685 coram
1948 2614 2398 2699 torquebatur,
2420 2613 2442 2645 ‘
2460 2610 2666 2673 finem

475 2726 830 2810 quaestioni
859 2724 1589 2810 fore,-perfAlexandri
1629 2721 1911 2787 salutern
1930 2714 2198 2804 jurare’
2218 2714 2434 2800 jubet.
2524 2710 2680 2775 Ubi

476 2827 789 2893 Raderus
816 2829 1113 2893 notavit:
1157 2848 1279 2913 per
1307 2828 1569 2908 genium
1612 2846 1733 2890 seu
1778 2821 1959 2908 τύχην
2004 2819 2173 2902 reg-is
2214 2823 2333 2882 aut
2370 2812 2668 2879 Caesaris

466 2930 785 3013 jurabant
823 2937 1086 2995 veteres
1123 2928 1394 3015 pagani,
1440 2948 1561 3012 per
1608 2926 1891 2991 salutem
1923 2918 2259 3002 Principis
2288 2913 2669 2990 Christiani,

475 3041 552 3099 ut
583 3035 788 3100 docet
814 3033 1083 3098 Tertull.
1110 3031 1471 3116 Apologet.
1502 3049 1563 3094 c.
1590 3028 1700 3093 32.
1765 3029 1786 3060 ‘
1807 3024 1850 3090 J
1857 3037 2144 3099 uramus,
2174 3020 2352 3085 sicut
2383 3035 2517 3080 uon
2544 3034 2682 3099 per

480 3137 751 3221 genium*
766 3134 1137 3214 Caesarum,
1168 3135 1268 3198 ita
1301 3152 1418 3217 per
1459 3131 1745 3195 salutem
1787 3144 2040 3201 eorum,
2081 3141 2237 3206 quae
2277 3126 2381 3184 est
2426 3135 2671 3199 augus-

478 3240 619 3304 tior
637 3227 946 3304 omnibus
968 3233 1220 3319 geniis?
1293 3233 1539 3298 Arcad.
1567 3239 1643 3296 et·
1665 3228 2032 3296 Honorius.
2063 3225 2110 3289 1.
2145 3239 2308 3287 xm.
2374 3217 2543 3284 Cod.
2580 3217 2670 3282 de

480 3342 834 3408 Transact.
902 3345 924 3377 ‘
949 3338 1089 3418 Qui
1117 3332 1938 3417 nominanostraplacitis
1966 3331 2359 3402 inserenteS,
2382 3322 2694 3388 salutem

483 3444 874 3527 Principum
920 3441 1489 3510 confirmationem
1546 3438 1857 3503 initarum
1892 3429 2267 3518 juraverint
2309 3445 2460 3491 esse
2481 3481 2488 3484 .
2511 3442 2673 3507 pac-

482 3546 935 3625 tionum,’*&c.
1023 3544 1067 3609 J
1074 3565 1183 3610 am
1231 3542 1538 3626 suspicio
1584 3539 1902 3614 exoritur,
1939 3532 2158 3618 quarti
2198 3526 2672 3596 saeculifuisse

484 3650 808 3729 Curtium,
837 3656 905 3714 et
950 3648 1239 3717 fortasse
1289 3645 1763 3711 Christianum.
1858 3639 2007 3705 Nec
2050 3636 2195 3701 sine
2243 3650 2479 3707 causa,
2510 3629 2571 3693 si
2605 3632 2675 3693 et

483 3753 633 3818 haec
660 3767 663 3772 ·
691 3750 1243 3818 consideraveris·
1354 3746 1547 3812 Nulli
1621 3740 2004 3828 imperatori
2071 3734 2478 3820 superstitio,
2534 3748 2673 3814 qua

484 3854 779 3921 maxime
811 3847 1160 3918 multitudo
1190 3850 1455 3933 regitur,
1481 3845 1874 3931 negligenda
1904 3849 2045 3922 est3
2072 3858 2228 3921 ergo
2253 3841 2322 3902 et
2341 3837 2425 3900 ab
2455 3830 2673 3899 Alex-

490 3954 1065 4038 androjnquavis
1107 3969 1189 4018 re*
1211 3953 1337 4017 ‘vel
1377 3968 1624 4033 magna
1651 3947 1763 4012 vel
1800 3943 2008 4009 dubia
2036 3946 2224 4004 vates
2251 3935 2672 4018 haruspices-

489 4072 622 4146 que
671 4057 1228 4135 con'sulebantur3
1272 4073 1397 4118 nec
1443 4052 1804 4135 quicquam
1855 4042 2193 4109 solennius
2237 4036 2495 4107 eratin
2535 4034 2673 4108 R0÷

488 4164 760 4250 publica
779 4159 1102 4228 'Romana
1145 4164 1217 4222 et
1270 4157 1393 4221 sub
1420 4153 1653 4239 primis
1696 4143 2244 4232 ImperatoribuS.
2331 4138 2671 4218 Quantum

493 4286 659 4333 vero
717 4263 991 4329 Curtius
1042 4256 1500 4328 Alexandrum
1559 4253 1929 4337 indignatur
1981 4252 2178 4313 vates
2232 4239 2677 4318 consuluisse,
