2978 4933
751 334 1014 384 SUPPL.
1060 331 1141 380 m
1192 333 1262 392 Q.
1310 322 1659 380 cUR'rIUM
1712 327 1851 376 Lm.
1904 329 1951 376 1·
2349 312 2436 378 81

242 479 365 566 ipse
394 479 688 563 concepit,
728 488 798 541 ut
830 480 956 560 jam
1002 479 1130 555 sine
1180 490 1346 560 patre
1389 478 1563 537 rebus
1595 474 1968 556 gerendis-se
2003 488 2203 554 parem
2232 474 2437 536 existi·

143 585 154 596 ⁸
242 590 445 648 maret.
505 579 653 638 Haec
679 598 785 659 per
809 576 1106 637 biennium
1139 588 1329 656 gesta.
1401 577 1501 634 20.
1530 572 1843 653 Philippus
1867 581 2063 633 autem
2092 573 2436 654 praeparatis
2536 664 2539 665 V

239 678 535 750 omnibus,
575 697 711 757 quae
753 676 892 735 olim
936 675 1338 736 destinaverat
1383 672 1596 752 exequi
1636 681 1932 732 maturum
1960 681 2145 746 ratus,
2196 682 2437 752 exopta·

238 774 810 841 tissimaoccasione
840 773 1060 846 oblata,
1106 783 1244 834 ante
1269 772 1501 834 initium
1529 771 1681 831 veris
1711 791 1847 831 cum
1874 771 2130 831 exercitu
2173 771 2234 829 in
2267 772 2438 831 Grae-

237 873 394 932 ciam
414 872 616 939 venit;
660 870 1003 932 convocatis
1054 870 1228 930 etiam
1279 891 1352 930 ex
1395 868 1815 948 Peloponneso
1858 868 2043 949 copiis
2084 868 2459 929 sociorumffl.

236 972 340 1032 21.
386 970 621 1050 Quippe
649 969 1143 1050 Amphictyonum
1171 969 1409 1030 decreto
1437 977 1672 1029 creatus
1700 980 1826 1029 erat
1855 968 2170 1048 imperator
2199 968 2441 1028 Graeco·

236 1087 391 1140 rum,
412 1077 482 1127 ut
504 1067 878 1127 insolentiam
902 1068 1240 1141 Locrorum,
1258 1067 1358 1148 qui
1377 1066 1756 1146 Amphissam
1779 1065 2066 1138 incolunt,
2086 1066 2406 1147 castigaret
2424 1086 2441 1134 ;

238 1184 499 1245 namque
529 1164 874 1246 Cyrrhaeum
903 1184 1107 1245 agrum
1136 1164 1395 1245 Apollini
1436 1164 1721 1237 dicatum,
1772 1163 2271 1244 Amphictyonum
2300 1182 2444 1225 auc-

239 1262 480 1325 toritate
507 1272 827 1337 contemta,
852 1262 1048 1325 colere
1079 1265 1557 1343 perseverabant,
1589 1262 1918 1342 ducemque
1941 1263 2015 1323 ab
2042 1261 2135 1322 his
2160 1273 2444 1336 creatum,

235 1361 569 1421 inter-emtis
623 1360 998 1444 quibusdam,
1055 1361 1522 1423 vulneraverant.
1644 1362 1743 1422 22.
1804 1361 1949 1421 Erat
1995 1370 2121 1420 tum
2173 1360 2447 1443 Philippo

240 1457 440 1517 foedus
489 1476 625 1519 cum
673 1451 1157 1534 Atheniensibus,
1215 1460 1322 1520 sed
1370 1444 1583 1541 parum
1637 1459 1697 1519 in
1749 1479 1821 1521 eo
1869 1459 2131 1540 praesidii
2179 1460 2446 1520 futurum

243 1551 703 1628 arbitrabantur,
750 1554 801 1614 si
845 1555 969 1635 regi
1017 1546 1313 1616 violandae
1361 1556 1499 1616 fidei
1545 1574 1770 1617 merces
1822 1556 2164 1619 affulsisset.
2266 1557 2461 1637 Igitur.

241 1651 479 1741 legatos
509 1651 586 1711 ad
628 1651 823 1730 ipsum
851 1654 1116 1726 mittunt,
1145 1654 1457 1735 petituros,
1501 1661 1518 1689 ‘
1547 1663 1616 1715 ut
1653 1655 1844 1736 pactis
1898 1665 2117 1726 staretz
2160 1665 2262 1716 aut
2290 1664 2449 1716 certe

244 1758 386 1808 ante
434 1767 538 1808 ver
585 1748 854 1809 adultum
896 1749 1040 1811 nihil
1089 1750 1303 1812 hostile
1344 1753 1687 1814 moliretur:
1734 1753 2193 1813 deliberaturum
2229 1753 2454 1816 interea.

242 1845 533 1926 populum
561 1846 1004 1920 Atheniensem,
1033 1867 1153 1928 qua
1181 1849 1408 1910 ratione
1433 1849 1894 1921 controversiae,'
1934 1870 2068 1930 quae
2098 1849 2451 1925 inciderant,

246 1951 264 1976 ‘
283 1943 566 2023 componi
614 1943 903 2023 possent?
983 1947 1083 2004 23.
1125 1944 1359 2005 Thebas
1409 1965 1646 2026 quoque
1697 1947 2055 2027 legationem
2106 1947 2451 2018 decernunt,

246 2060 383 2120 quae
409 2040 685 2120 exposito
726 2047 746 2077 ⁶
769 2043 1065 2102 communi
1094 2041 1397 2122 perieu10,’
1423 2042 1776 2115 hortaretur,
1807 2051 1823 2077 ‘
1843 2054 1912 2104 ut
1939 2043 2113 2103 simul
2143 2063 2275 2104 cum
2306 2043 2453 2124 ipsis

244 2137 495 2199 tutelam
538 2138 791 2199 Graeciae
842 2139 1263 2221 susciperent!
1351 2136 1471 2199 Sed
1517 2132 1866 2222 Philippus»
1921 2159 2026 2219 per
2074 2140 2341 2220 hospites
2392 2151 2454 2201 et

249 2235 495 2308 amicos,
540 2256 789 2316 quorum
834 2237 1159 2310 Timolaus,
1200 2237 1655 2317 Theogitonque
1683 2247 1744 2298 et
1770 2238 2111 2297 Anemoetas
2139 2236 2457 2318 plurimum

249 2333 414 2413 apud
453 2333 612 2394 cives
659 2353 799 2395 suos
836 2344 1134 2415 poterant,
1165 2334 1479 2411 Thebanos
1509 2335 1566 2393 in
1598 2333 1854 2394 amicitia
1882 2333 2284 2394 Macedonum
2311 2352 2456 2396 con-

248 2430 451 2491 tinuit.
534 2434 636 2492 24.
668 2431 978 2513 Ratusque
1010 2432 1059 2492 si
1087 2451 1223 2492 cum
1254 2431 1396 2492 solis
1425 2431 1887 2494 Atheniensibus
1918 2432 2115 2493 futura
2143 2452 2237 2493 res
2275 2442 2454 2508 esset,

248 2528 425 2590 facile
469 2550 534 2589 se
576 2530 934 2610 superiorem
967 2530 1127 2604 'fore,
1175 2530 1348 2590 victis
1396 2529 1473 2590 ad
1505 2530 1883 2611 Amphissam
1908 2530 2108 2591 Locris
2137 2550 2457 2609 eorumque

252 2627 469 2695 sociis;
515 2627 577 2685 in
606 2627 917 2688 Procidem
949 2628 1161 2707 raptim
1192 2628 1413 2688 duetoo
1458 2628 1715 2707 agmine,
1760 2627 2028 2686 Elateam
2057 2629 2271 2687 finibus
2299 2627 2456 2687 The-

250 2725 542 2785 banorum
567 2724 738 2793 simul
758 2725 1328 2803 Atheniensiumque
1351 2723 1749 2783 imminentem
1773 2733 2047 2803 occupat,
2064 2722 2458 2805 impositoque

248 2820 554 2900 proesidiO,
579 2822 831 2887 velutin
860 2824 1002 2884 belli
1032 2822 1255 2896 sedem,
1280 2821 1558 2901 operibus
1586 2820 1796 2880 munit.-
1882 2823 1980 2882 25.
2023 2820 2166 2900 Ejus
2195 2821 2278 2881 rei
2307 2842 2460 2881 nun-

249 2918 368 2982 tius
395 2928 582 2988 noctu
612 2920 879 2980 Athenas
907 2922 1170 3002 perlatus
1200 2931 1368 2981 tanta
1396 2918 1790 2999 trepidatione
1816 2920 2022 2979 urbem
2066 2919 2350 2998 implevit,
2395 2927 2463 2980 ut

252 3035 389 3080 cum
417 3015 606 3094 primo
652 3015 913 3077 diluculo
942 3019 1197 3099 populus
1242 3018 1303 3077 in
1352 3017 1700 3078 concionem
1743 3016 2026 3089 venisset,
2070 3018 2357 3077 invitante
2386 3033 2460 3078 ex

245 3131 415 3172 more
441 3131 739 3193 praecone,
770 3121 787 3149 ‘
810 3116 912 3194 qui
942 3116 1199 3176 salutare
1227 3116 1434 3195 patriae
1457 3113 1770 3174 consilium
1798 3114 2062 3188 haberet,
2090 3115 2173 3174 uti
2202 3114 2466 3188 diceret?

254 3228 432 3269 nemo
477 3212 815 3273 surrexerit.
902 3215 1000 3271 26.
1047 3214 1257 3274 Donec
1296 3212 1735 3273 Demosthenes
1780 3211 2172 3292 congruentia
2215 3211 2463 3293 tempori

255 3305 582 3379 disserens,
610 3309 958 3387 persuasit,¹’
999 3316 1024 3358 ‘·
1039 3320 1106 3370 ut
1150 3331 1182 3370 e
1212 3308 1701 3394 vestigiojclassis
1734 3318 1794 3369 et
1819 3308 2108 3369 exercitus
2138 3308 2464 3370 educeren-

257 3410 389 3472 tur3
433 3412 496 3462 et
521 3404 704 3483 legati
732 3414 857 3466 tum
896 3401 976 3464 ad
1003 3415 1231 3467 ceteros
1266 3407 1536 3475 Graecos,
1584 3415 1710 3466 tum
1737 3406 2000 3485 inprimis
2030 3405 2109 3465 ad
2146 3406 2462 3467 Thebanos

257 3500 689 3562 mitterentur?
717 3501 776 3560 in
806 3502 961 3563 hanc
990 3504 1345 3563 sententiam
1376 3503 1618 3563 decreto
1647 3501 1829 3575 fact0,
1853 3502 2077 3575 Chares
2111 3512 2172 3563 et
2201 3503 2462 3585 Lysicles

260 3597 561 3678 copiarum
612 3598 995 3680 imperatores
1024 3599 1352 3674 constituti,
1383 3599 1825 3660 Demosthenes
1854 3600 2171 3679 legationis
2203 3600 2280 3659 ad
2307 3595 2462 3659 The-

259 3694 449 3754 banos
487 3694 807 3775 princeprs‘¹
848 3695 931 3756 ire
965 3695 1174 3776 jussus
1203 3706 1313 3756 est.
1405 3699 1504 3757 27.
1549 3698 1688 3757 Non
1717 3697 2007 3757 fefellerat
2035 3718 2107 3757 ea
2134 3713 2227 3758 res
2258 3697 2464 3756 Mace-

264 3788 439 3864 donis
470 3791 789 3867 solertiam,
832 3793 1097 3874 satisque
1142 3794 1559 3875 prospiciebat,
1610 3803 1835 3874 quanta
1859 3793 1998 3853 belli
2027 3794 2214 3854 moles
2246 3793 2471 3855 oritura

267 3897 449 3960 esset,
490 3888 540 3948 si
594 3889 747 3949 inter
798 3890 948 3951 istos
1002 3892 1253 3973 populos
1304 3891 1498 3952 foedus
1556 3891 1956 3953 convenisset.
2066 3894 2167 3952 28.
2232 3889 2467 3974 Quippe

330 4085 373 4112 ¹¹¹
405 4077 624 4129 AEschin.
646 4086 821 4132 contr.
846 4082 1084 4148 ctesiph.
1409 4098 1532 4136 xvt.
1558 4099 1612 4150 p.
1633 4088 1749 4137 564.

334 4159 362 4186 ¹¹
395 4153 665 4207 Demosth.
682 4156 748 4207 de
772 4158 992 4210 Corona.
1471 4170 1499 4204 P
1532 4162 1801 4215 Demosth.
1823 4162 1889 4214 de
1909 4165 2131 4215 Corona.

336 4236 363 4261 ⁰
385 4229 524 4282 Plut.
541 4232 812 4284 Demosth.
834 4251 888 4301 p.
911 4241 1025 4289 854.
1050 4237 1207 4289 Diod.
1228 4238 1331 4301 Sic.
1476 4246 1502 4281 ἰ
1536 4240 1676 4293 Plut.
1697 4241 1729 4292 1.
1752 4241 1789 4292 1.
1861 4237 2021 4295 Diod.
2041 4242 2149 4300 Sic.
2171 4241 2263 4294 1.1.

409 4308 644 4376 Babba}
678 4314 799 4368 ναν.
815 4317 943 4372 clas.
1256 4321 1320 4377 Q.
1346 4319 1483 4369 Curt-
2299 4317 2344 4371 1²
