2978 4933
472 336 605 404 264
947 353 1012 413 Q·
1060 351 1322 401 cun‘ru
1374 352 1559 403 num
1610 354 1755 402 mn.
1806 354 1904 403 iv.
1950 353 2111 402 cAr.
2155 339 2219 404 6.

476 497 631 575 sibi,
675 517 811 581 quo
863 496 1081 563 minus
1130 517 1409 563 securus
1440 498 1813 583 AEgyptum
1863 499 2157 577 intraret,
2186 498 2456 565 obstare
2497 519 2677 581 aegre

473 600 759 682 serebat3
805 608 1025 667 tamen
1055 602 1282 685 paruit
1299 602 1466 680 vati,
1498 603 1893 686 signumque
1917 602 2213 686 receptui
2232 601 2442 668 dedit.
2489 603 2677 669 Hinc

475 705 738 771 animus
786 706 996 771 crevit
1025 705 1377 772 obsessis:
1423 707 1816 789 egressique
1854 713 2049 790 porta
2077 706 2548 772 recedentibus
2580 706 2682 770 in-

472 808 692 875 ferunt
713 810 906 892 signa
926 806 981 891 3¹
1024 807 1507 874 cunctationem
1535 809 1832 874 hostium
1860 809 2002 874 fore
2021 829 2214 874 suam
2237 810 2684 875 occasionem

472 913 622 979 rati.
714 914 820 979 14.
865 913 1005 979 Sed
1034 913 1280 991 acrius,
1308 933 1513 996 quam
1541 915 1964 981 constantius
1995 914 2301 998 praelium
2343 913 2682 979 inieruntt

476 1018 728 1101 quippe
781 1025 861 1082 ut
914 1015 1367 1088 Macedonum
1404 1016 1602 1100 signa
1647 1017 2014 1101 circumagi
2061 1016 2355 1095 videre,¹··
2401 1024 2687 1101 repente

470 1120 728 1193 sistunt
778 1121 1075 1206 gradum.
1161 1120 1456 1204 Jamque
1516 1118 1604 1185 ad
1654 1139 1874 1204 regem
1926 1120 2374 1204 praeliantium
2420 1121 2688 1186 clamor

471 1233 894 1307 perveneram
940 1245 1095 1291 cum
1117 1224 1492 1291 denuntiati
1522 1225 1806 1309 periculi
1828 1225 2010 1291 baud
2033 1243 2198 1290 sane
2217 1244 2491 1303 memor,
2522 1223 2688 1289 lori·

473 1346 621 1393 cam
652 1333 898 1407 tamen,
933 1347 1132 1413 quam
1160 1347 1314 1393 raro
1345 1328 1696 1407 induebat,
1728 1329 1974 1394 amicis
2004 1328 2347 1394 orantibus
2392 1327 2686 1409 sumsit;

473 1436 542 1496 et
589 1431 678 1496 ad
724 1433 942 1517 prima
995 1431 1187 1516 signa
1236 1433 1571 1516 pervenit.
1663 1428 1770 1499 15.
1817 1431 1972 1513 Quo
2030 1435 2395 1516 conspecto
2454 1430 2688 1496 Arabs

477 1535 754 1625 quidam
810 1534 1008 1600 Darii
1060 1535 1275 1614 mileS,
1322 1536 1547 1621 majus
1588 1536 1857 1603 fortuna
1907 1555 2031 1601 sua
2078 1535 2345 1601 facinus
2397 1554 2640 1612 ausus,
2661 1546 2691 1577 ¹*

475 1639 717 1723 clypeo
748 1638 1051 1723 gladium
1096 1645 1353 1723 tegens,
1384 1640 1588 1725 quasi
1629 1639 1981 1722 transfuga
2026 1638 2303 1721 genibus
2343 1639 2527 1721 regis
2568 1637 2691 1703 ad·

474 1741 801 1808 volvitur:
846 1745 866 1774 ‘
888 1742 998 1807 ille
1045 1760 1394 1825 assurgere
1438 1742 1839 1826 supplicem,
1868 1740 2211 1831 recipique
2261 1742 2434 1807 inter
2477 1759 2653 1807 suos
2673 1740 2690 1765 ’

464 1846 694 1931 jussit.
783 1845 889 1911 16.
934 1843 1034 1910 At
1061 1845 1286 1929 gladio
1332 1847 1661 1911 barbarus
1694 1851 1959 1911 strenue
1996 1846 2081 1910 >in
2123 1843 2436 1911 dextram
2464 1852 2693 1911 trans·

474 1949 638 2029 lato,
673 1944 1031 2015 cervicemj
1082 1950 1351 2034 appetit
1380 1949 1599 2032 regis:
1643 1946 1762 2033 qui
1815 1948 2064 2030 exigua
2116 1948 2427 2032 corporis
2477 1948 2693 2017 decli.

475 2053 751 2120 natione
781 2053 1037 2119 evitato
1079 2053 1246 2131 ictu,
1272 2052 1340 2118 in
1374 2073 1620 2118 vanum
1650 2071 1919 2121 manum
1947 2051 2211 2117 barbari
2248 2052 2514 2136 lapsam
2547 2073 2694 2120 am-

476 2164 679 2241 putat
729 2156 979 2241 gladio,
1029 2156 1415 2222 denuntiato
1473 2157 1544 2220 in
1590 2156 1776 2221 illum
1829 2154 2007 2219 diem
2053 2154 2374 2240 pericu10,
2402 2162 2480 2220 ut
2510 2155 2694 2220 arbi·

476 2261 777 2326 trabatur
829 2260 1007 2346 ipse,
1053 2260 1431 2326 defunctus.
1518 2260 1626 2325 17.
1672 2257 1809 2325 Sed
1854 2265 1926 2323 ut
1974 2258 2235 2342 opinor,
2290 2257 2693 2324 inevitabile

480 2370 589 2428 est
616 2363 861 2431 fatum:
903 2364 1160 2449 quippe
1205 2364 1366 2429 dum
1411 2363 1586 2429 inter
1635 2363 1956 2447 primores
2011 2363 2334 2446 promtius
2380 2361 2691 2441 dimicat,

479 2469 727 2551 sagitta
770 2470 947 2534 ictus
995 2475 1136 2534 est:
1191 2489 1417 2554 quam,
1450 2488 1575 2553 per
1609 2466 1883 2533 loricam
1913 2468 2245 2544 adactam,
2276 2472 2575 2532 stantem
2621 2466 2693 2531 in

480 2573 750 2639 humero
813 2574 1119 2641 medicus
1179 2573 1326 2660 ejus
1386 2573 1749 2660 Philippus
1797 2571 2045 2638 evellit.
2159 2571 2266 2637 18.
2341 2567 2695 2640 Plurimus

543 2780 580 2805 η·
612 2774 767 2825 Simul
785 2791 841 2826 ac
861 2776 1174 2827 Macedonum
1194 2776 1334 2838 signa
1351 2776 1403 2825 in
1423 2775 1550 2839 ipsos
1571 2772 1780 2824 converti
1795 2777 2097 2836 aspexerunt.

544 2847 572 2870 ’⁸
604 2840 789 2904 Mqae'ue,
808 2857 945 2905 quam
953 2841 1149 2901 serebat
1170 2841 1271 2902 eius
1292 2842 1518 2905 conditio,
1533 2847 1736 2904 coeptum
1755 2852 2021 2901 aggressae.

1399 2986 1762 3009 MMOO

483 3100 584 3150 bem
604 3115 747 3152 anam
776 3099 870 3150 eibi
903 3101 1089 3152 obstare
1121 3118 1212 3168 qua
1240 3103 1409 3156 mim.
1476 3105 1632 3156 Voss.
1659 3108 1706 3155 1.
1732 3104 1967 3155 Floreat.
2001 3101 2167 3166 Bong.
2191 3105 2241 3151 2.
2263 3106 2319 3152 et
2341 3099 2487 3152 Pitb.
2525 3099 2629 3149 Hie
2648 3115 2696 3149 a.

480 3164 649 3216 crevit.
717 3166 852 3215 Dan.
874 3168 1183 3234 egressisque,
1208 3168 1386 3219 deleta
1408 3170 1474 3221 ab
1498 3171 1566 3221 al.
1591 3186 1656 3222 m.
1693 3170 1846 3220 litera
1868 3184 1907 3217 ε.
1965 3168 2119 3217 Voss·
2141 3171 2192 3217 2.
2217 3166 2409 3216 omittit
2426 3165 2694 3215 cunctatio-

478 3245 601 3293 nem,
624 3229 716 3281 sed
740 3232 793 3281 in
816 3246 980 3296 marg.
1004 3232 1164 3284 habet
1185 3235 1517 3286 exornationem.
1582 3237 1812 3287 Florent.
1833 3231 1982 3285 Leid.
2003 3234 2152 3282 Voss.
2175 3238 2222 3283 1.
2261 3239 2316 3282 et
2354 3233 2524 3294 Boug,
2559 3245 2695 3280 mmm

469 3295 597 3354 sare.
648 3299 665 3325 ‘
695 3297 829 3347 Hoec
850 3298 1039 3349 verba:
1072 3301 1414 3351 undationem
1433 3302 1700 3364 hostiums.
1724 3317 1764 3352 s.
1787 3316 1830 3351 0.
1849 3306 1971 3357 rate,
2000 3298 2335 3349 Heumannus
2358 3294 2694 3347 manifestum

480 3363 732 3424 glossema
795 3363 944 3414 υκαι)
980 3365 1261 3417 Cana—14
1295 3367 1404 3417 Pro
1426 3373 1477 3419 et
1496 3370 1560 3418 ad
1575 3383 1626 3432 p.
1646 3368 1806 3431 cigna,
1827 3364 2075 3416 Heinsius
2099 3365 2234 3428 conj.
2259 3365 2331 3414 ita
2351 3365 2414 3412 ad
2446 3378 2497 3427 p.
2525 3364 2691 3425 signa.

479 3433 608 3478 ——l6
645 3429 737 3479 Lei
781 3464 794 3480 .
817 3429 1047 3482 Florent-
1071 3432 1224 3486 Voss.
1248 3436 1295 3482 1.
1319 3436 1369 3484 2.
1393 3442 1444 3483 et
1471 3434 1640 3498 Bong.
1666 3433 1882 3496 gladium
1902 3433 2060 3496 clypeo
2082 3433 2394 3493 tegetum-16
2424 3429 2495 3480 At
2520 3426 2697 3478 barba-

480 3507 569 3543 m
597 3495 762 3556 gladia
799 3495 1032 3545 Florent.
1063 3497 1211 3547 Leid-
1234 3498 1389 3548 Vons.
1414 3504 1460 3549 1.
1482 3504 1531 3550 2.
1553 3506 1609 3549 et
1630 3501 1796 3562 Bong.
1829 3498 1880 3547 in
1919 3501 2089 3548 dextra
2131 3496 2242 3546 Pal.
2268 3500 2312 3544 1.
2350 3495 2406 3543 in
2442 3496 2693 3544 dexteram

481 3557 639 3610 Voss.
666 3565 712 3610 1.
736 3565 785 3610 2.
808 3566 863 3611 et
886 3561 1007 3612 Am.
1039 3563 1263 3613 cervicem
1281 3564 1480 3628 adpetiit
1505 3565 1742 3615 Floreat.
1765 3562 1914 3614 Leid.
1937 3569 1993 3612 et
2014 3563 2166 3612 Voss.
2190 3565 2240 3611 1.
2263 3564 2312 3610 2.
2339 3560 2506 3622 gladio
2538 3557 2693 3612 deest

481 3630 601 3687 post
621 3631 838 3690 amputat
857 3626 907 3676 in
932 3627 1072 3677 Pith.
1092 3633 1147 3677 ut
1171 3636 1293 3678 ante
1316 3629 1644 3681 arbitrabatur
1666 3631 1814 3679 deest
1838 3629 1886 3677 in
1909 3627 2028 3678 Bas.
2052 3627 2189 3676 Mer.
2211 3634 2266 3676 et
2289 3626 2533 3679 Coie—17
2570 3623 2688 3674 Pal.

481 3692 528 3739 1.
551 3698 606 3741 et
629 3692 780 3742 Voss.
805 3695 854 3743 1.
887 3691 1157 3743 inevitabile
1178 3698 1248 3743 est
1268 3694 1475 3754 factum.
1541 3695 1739 3758 Verba,
1767 3709 1855 3759 per
1875 3693 2070 3743 loricam
2091 3693 2328 3754 adactam,
2357 3705 2454 3757 pro
2490 3690 2689 3756 glosse-

1471 3840 1686 3892 NOTAE

523 3952 772 4013 ¹Inserunt
785 3951 948 4016 rigna]
961 3952 1093 4005 Quia
1108 3959 1426 4018 pugnaturos
1440 3954 1541 4021 sig·
1623 3955 1716 4008 lib.
1749 3954 1855 4019 περὶ
1887 3951 2152 4010 inmotam
2185 3968 2303 4019 cap.
2323 3956 2407 4004 91.
2429 3951 2631 4004 illatum
2652 3968 2686 4004 s

483 4044 551 4082 na
573 4028 871 4093 praecedere
900 4031 1090 4095 solent,
1122 4030 1347 4083 ‘inferre
1368 4033 1541 4098 rigna'
1624 4036 1846 4087 barbaro
1867 4035 2095 4101 gladium
2113 4033 2207 4086 sub
2223 4035 2364 4099 ipsas
2381 4033 2560 4083 loricae
2574 4031 2684 4096 pin·

482 4105 725 4156 dicuntur
742 4106 831 4173 qui
852 4107 1108 4158 instructa
1130 4107 1244 4159 acie
1267 4107 1317 4158 in
1336 4107 1543 4161 bostem
1622 4113 1768 4163 nulus
1791 4112 1985 4174 tradit;
2019 4127 2117 4164 nec
2154 4110 2306 4176 hujus
2346 4125 2570 4168 manum,
2593 4108 2682 4160 sed

484 4192 625 4234 eunt.
915 4194 950 4214 ι
1624 4196 1784 4254 caput
1821 4189 1997 4253 gladio
2031 4188 2189 4255 Regis
2224 4194 2505 4254 exceptum
2526 4186 2683 4244 fuine

539 4261 556 4306 l
591 4263 853 4330 cervicem]
876 4262 1135 4329 Hegesias
1161 4264 1297 4333 apud
1321 4265 1541 4331 Dionysi.
1622 4272 1895 4328 memorat-
