2978 4933
520 445 652 514 358
1002 463 1069 523 Q.
1118 460 1383 510 cun'ru
1435 459 1617 509 Ruri
1671 435 1816 509 me.
1865 460 1933 509 ν.
1982 435 2246 511 canl.

521 611 632 676 34.
665 610 752 677 Et
781 629 933 676 cum
962 616 1273 675 vetustas
1294 629 1425 675 non
1448 629 1654 695 opera
1678 610 1896 676 solum
1926 630 2129 677 manu
2150 610 2351 690 facta,
2382 611 2504 677 ‘sed
2524 613 2725 677 etiam

523 716 747 800 ipsam
776 722 1082 781 naturam
1128 715 1458 799 paulatim
1504 712 1855 780 exedendo
1902 716 2275 800 perimat;'·
2318 715 2466 781 haec
2493 717 2728 793 moleS,

525 838 682 903 quae
713 824 813 884 tot
844 820 1152 883 arborum
1181 817 1526 883 radicibus
1555 819 1900 901 premitur,
1922 819 2223 903 tantique
2254 820 2545 883 nemoris
2567 838 2731 902 pon-

528 923 682 986 dere
713 928 984 986 onerata
1015 929 1146 999 est,
1169 920 1497 985 inviolata
1527 921 1754 987 durat:
1787 923 2041 1008 quippe
2070 910 2220 987 xx}
2250 923 2414 988 latir
2444 924 2733 1006 parietes

527 1026 883 1103 sustinent,
930 1024 1238 1089 undecim
1289 1023 1543 1108 pedum
1591 1024 1941 1090 intervallo
1988 1026 2333 1105 distantes,
2378 1030 2454 1089 ut
2506 1024 2735 1110 procul

527 1128 904 1193 visentibus
935 1127 1147 1212 sylvae
1201 1127 1546 1192 montibus
1598 1128 1743 1193 suis
1786 1127 2132 1193 imminere
2166 1127 2539 1194 videantur.
2626 1128 2733 1192 35.

533 1232 787 1317 Syriae³
834 1251 1076 1314 regem,
1108 1231 1461 1316 Babylone
1506 1238 1914 1315 regnantem,
1950 1232 2078 1297 hoc
2125 1250 2298 1316 opus
2347 1239 2503 1295 esse
2540 1230 2737 1294 moli-

529 1341 697 1413 tum,
713 1335 1048 1400 memoriae
1068 1335 1401 1419 proditum
1416 1341 1539 1414 est,
1561 1355 1787 1400 amore
1810 1334 2119 1420 conjugis
2138 1335 2612 1418 victum‚quae,
2626 1333 2736 1397 de-

531 1437 781 1503 siderio
808 1458 1148 1504 nemorum
1181 1440 1657 1523 sylvarumque
1685 1439 1756 1502 in
1788 1437 2501 1522 campestribuslociS,
2522 1438 2737 1502 virum

531 1542 858 1625 compulit
903 1542 1394 1608 amoenitatem²
1434 1549 1684 1608 naturae
1731 1562 1962 1625 genere
1991 1541 2190 1627 hujus
2221 1542 2447 1625 operis
2472 1541 2738 1604 imitari.

533 1642 641 1708 36.
689 1644 966 1708 Diutius
1008 1646 1076 1709 in
1121 1646 1248 1709 hac
1289 1646 1452 1710 urbe
1502 1664 1702 1729 quam
1740 1664 2018 1728 usquam
2060 1642 2363 1708 constitit
2405 1660 2570 1705 rex:
2616 1662 2739 1705 nec

536 1747 715 1812 ullus
746 1748 929 1811 locus
978 1747 1355 1832 disciplinae
1407 1747 1676 1812 militari
1716 1750 1927 1831 magis
1972 1745 2226 1813 nocuit.
2318 1742 2515 1810 Nihil
2556 1743 2739 1814 urbis

599 1949 624 1972 ¹·
658 1942 754 1992 Sed
775 1945 918 1993 etiam
940 1944 1043 2006 ipsa
1065 1948 1249 1994 nature
1272 1956 1412 2005 opera
1432 1941 1606 1991 sensim
1628 1945 1932 1992 consumendo
1955 1944 2185 1993 destruo&

1460 2088 1612 2109 ‘W
1615 2089 1732 2109 Νη
1736 2089 1826 2109 ‘O‘

541 2205 623 2253 pr.
643 2190 831 2240 Venet.
858 2192 1006 2241 Rom.
1036 2193 1229 2241 Veron.
1258 2200 1312 2241 et
1337 2198 1531 2242 ceterae
1564 2200 1684 2242 ante
1717 2191 1865 2242 Mod.
1898 2206 2014 2242 cnm
2051 2190 2284 2241 Freinsh.
2321 2188 2517 2240 Cellar.
2557 2187 2741 2238 Pitisc.

540 2255 678 2304 Tell.
702 2256 877 2304 Maitt.
903 2258 1063 2306 Snak.
1087 2257 1245 2306 Barb.
1277 2257 1394 2320 Bip.
1429 2258 1593 2307 Cunz.
1615 2266 1671 2307 et
1694 2258 1847 2307 Both.
1883 2261 1897 2285 ‘
1921 2256 2182 2307 Revocavi
2214 2254 2496 2305 lectionem
2537 2253 2743 2302 Modia-

543 2336 692 2368 nam:
728 2326 775 2369 et
782 2320 1043 2383 frugifer-ce
1067 2336 1196 2384 mque
1219 2323 1335 2377 sint,
1356 2337 1411 2370 ac
1427 2324 1487 2381 si,
1509 2324 1590 2383 &a
1626 2337 1741 2387 quae
1768 2324 2039 2372 maximam
2066 2330 2264 2385 partem
2288 2336 2356 2369 ex
2379 2318 2743 2381 manuscriptis

545 2384 658 2434 est!
694 2384 981 2435 Schmieder.
1050 2386 1277 2435 Florent.
1307 2387 1452 2436 Leid.
1478 2389 1626 2435 Voss.
1648 2394 1694 2437 1.
1719 2393 1767 2437 2.
1792 2395 1845 2437 et
1870 2389 2038 2449 Bong.
2059 2386 2304 2436 omittunt
2325 2390 2373 2435 et
2387 2401 2406 2442 ,·
2460 2384 2634 2445 Bong.
2657 2385 2739 2431 ha·

545 2450 670 2499 bet:
721 2465 854 2513 aeque
878 2450 1176 2512 frugiferoe;
1228 2452 1464 2502 Florent.
1512 2453 1658 2502 Leid.
1695 2453 1845 2502 Voss.
1885 2458 1931 2502 1.
1968 2461 2023 2503 et
2060 2451 2179 2502 edd.
2218 2466 2248 2501 a
2289 2449 2433 2501 Mod.
2478 2463 2646 2515 usque
2683 2448 2744 2497 ad

544 2514 779 2569 Freinsh.
800 2516 1064 2577 frugifer-ce
1098 2533 1247 2579 aeque.
1318 2518 1514 2567 Omnes
1537 2518 1689 2568 codd.
1714 2525 1769 2569 et
1793 2517 1914 2569 edd.
1940 2519 2103 2583 antiq.
2123 2524 2178 2567 ut
2197 2518 2240 2566 εἰ
2256 2532 2276 2576 ,·
2325 2515 2538 2565 Modius
2574 2529 2641 2564 ex
2673 2515 2742 2563 in·

546 2581 699 2644 genio
720 2595 732 2628 t
769 2596 825 2629 ac
846 2581 907 2630 si.
976 2582 1090 2630 Pal.
1121 2587 1161 2632 1.
1185 2589 1314 2631 terro
1337 2584 1550 2633 naturali
1570 2586 1847 2642 alerentur,-
1880 2584 2110 2635 Florent.
2133 2590 2188 2633 et
2212 2581 2354 2631 Leid.
2380 2587 2511 2630 terra
2533 2595 2619 2629 sua
2646 2581 2740 2628 alo·

543 2650 860 2695 rentum—34
895 2648 1011 2703 Pal.
1041 2652 1085 2696 1.
1106 2649 1361 2697 excidendo
1380 2665 1397 2706 ,·
1432 2649 1582 2697 Voss.
1604 2654 1652 2699 2.
1688 2650 1968 2706 excedendo,
2008 2655 2063 2698 et
2102 2663 2253 2698 mox:
2289 2648 2523 2696 sustinent
2547 2646 2741 2695 invicem

544 2712 779 2762 undecim.
849 2712 989 2760 Pith.
1016 2713 1210 2763 omittit
1230 2716 1419 2775 pedum.
1488 2714 1603 2762 Pal.
1628 2718 1675 2763 1.
1699 2720 1755 2764 ut
1775 2716 1935 2776 procul
1956 2714 2368 2777 vipentibuse-ssb
2403 2711 2560 2760 Voss,
2579 2715 2629 2760 1.
2649 2711 2743 2760 Ba·

547 2778 728 2840 byllone
745 2794 765 2835 ,·
799 2778 952 2825 Voss,
971 2782 1020 2826 2.
1045 2779 1298 2828 Babilonie
1317 2795 1337 2836 ;
1384 2777 1510 2828 Ald.
1531 2779 1699 2828 Colin.
1724 2779 1926 2843 Gryph.
1952 2780 2076 2828 Bas.
2102 2779 2214 2827 Col.
2237 2778 2392 2831 Frob.
2409 2784 2465 2824 et
2488 2777 2627 2826 Mer.
2650 2776 2745 2825 Ba-

546 2842 763 2905 bylonioe.
829 2843 946 2891 Pal.
973 2849 1019 2892 l.
1042 2844 1274 2893 traditum
1296 2849 1384 2893 est.
1449 2844 1603 2893 Voss.
1631 2848 1679 2894 1.
1712 2845 1936 2906 compulit
1955 2844 2226 2894 amoenitate
2247 2846 2434 2893 natura·
2452 2856 2627 2903 genere
2647 2855 2742 2902 ope·

548 2907 782 2968 risvhujua
799 2923 818 2964 ,·
873 2909 1026 2957 Voss.
1047 2912 1096 2957 2.
1117 2925 1160 2957 c.
1182 2924 1276 2957 am.
1294 2924 1345 2957 n.
1365 2909 1562 2969 genium
1581 2910 1721 2971 hnjus
1742 2910 1895 2971 operis
1914 2926 1932 2967 ,·
1979 2908 2126 2963 Mod.
2166 2918 2222 2958 et
2251 2922 2365 2972 qnae
2399 2913 2598 2956 secutae
2633 2912 2744 2954 sunt

552 2971 673 3019 edd.
699 2979 821 3020 ante
841 2972 1077 3025 Freinsh.
1100 2989 1142 3024 c.
1168 2979 1355 3022 naturoe
1371 2974 1566 3034 genium
1590 2976 1860 3024 amoenitaee
1879 2974 2018 3035 Ιιιρὶιιε
2033 2975 2332 3037 ορετὶε.-36
2355 2972 2587 3025 Florent.
2605 2970 2742 3022 Leid.

555 3036 704 3085 Voss.
727 3041 773 3085 l.
810 3038 950 3086 Dan.
973 3038 1142 3100 Bong.
1168 3039 1348 3089 Colon.
1371 3047 1428 3088 et
1458 3039 1635 3103 sigeb.
1672 3055 1756 3089 nec
1793 3040 1889 3089 olio
1925 3041 2052 3097 loco,-
2102 3040 2257 3088 Voss·
2292 3042 2341 3091 2.
2382 3037 2585 3088 omittit
2616 3038 2742 3086 uuus.

1547 3190 1595 3240 N
1604 3191 1760 3241 OTAE

613 3291 636 3317 ¹
671 3284 799 3332 XX.
834 3283 946 3348 lati]
978 3285 1297 3351 suspicabar
1319 3294 1439 3352 post
1458 3289 1615 3352 vigin-

550 3362 611 3424 ti,
634 3362 818 3413 deesse
834 3367 978 3426 pedes
992 3380 1012 3423 ,·
1047 3372 1106 3415 nt
1124 3366 1206 3416 hic
1230 3381 1330 3417 non
1355 3368 1615 3431 parietum

549 3454 813 3502 numerus,
828 3439 918 3489 sed
938 3440 1198 3491 crassitie-s
1216 3440 1616 3506 significaretur.

551 3517 683 3567 Cum
724 3518 860 3566 enim
911 3517 1184 3582 quadratae
1231 3518 1380 3568 molis
1434 3535 1614 3569 unum-

551 3594 794 3658 quodque
809 3593 970 3651 ,latus
1004 3594 1410 3659 quadringentos
1443 3595 1616 3645 admo·

552 3671 674 3719 dum
712 3670 872 3734 pedes
915 3671 1232 3733 contineret,
1270 3672 1378 3720 sive
1410 3672 1618 3738 plethra

550 3754 805 3813 quatuor;
858 3747 901 3797 ai
942 3749 1169 3812 parietes
1221 3757 1372 3799 erant
1414 3749 1618 3814 viginti,

550 3824 689 3888 iique
714 3825 989 3877 intervallo
1011 3826 1269 3885 undecim,
1287 3827 1444 3878 immo
1465 3833 1525 3876 nt
1544 3828 1619 3877 ait

552 3899 839 3962 Diodorus,
861 3901 1133 3953 duodecim
1153 3903 1341 3967 pedum
1361 3904 1615 3955 distantes

555 3975 778 4026 invicem
797 3993 815 4038 ;
868 3979 1185 4040 singulorum
1208 3981 1497 4031 crassitie&
1527 3982 1616 4030 vix

556 4052 975 4116 demum-pedum
1015 4070 1130 4105 esse
1152 4057 1325 4119 potnit
1349 4074 1362 4108 ε
1399 4072 1518 4109 cum
1541 4065 1616 4108 ta-

553 4143 673 4179 men
710 4130 970 4182 Diodorus
1008 4133 1190 4198 viginti
1236 4135 1363 4185 duos
1402 4136 1620 4199 tribuat,

553 4214 888 4275 nostramque
933 4210 1015 4260 vel
1060 4225 1125 4261 ex
1159 4225 1224 4261 eo
1260 4213 1616 4276 conjecturam

557 4284 797 4336 affirmet.

619 4371 638 4396 ⁸
670 4364 856 4431 Syrioe]
894 4367 1009 4419 Hoc
1033 4375 1130 4427 est,
1157 4369 1412 4434 Assyriae3
1445 4338 1615 4420 'alter-

1693 3277 1813 3338 ‘ntro
1841 3289 1977 3338 enim
2011 3287 2217 3338 nomine
2240 3290 2448 3336 veteres
2465 3285 2743 3348 promiscue

1695 3365 2004 3432 quandoque
2048 3364 2468 3427 complectuntur
2510 3358 2744 3426 quicquid

1697 3442 1918 3506 propriis
1939 3442 2126 3506 Syriae,
2148 3439 2573 3504 Mesopotamiae,
2593 3437 2745 3500 Baby-

1696 3521 1870 3583 loniae,
1929 3519 2264 3584 Assyriaeque
2321 3515 2744 3584 appellationibus

1698 3611 1982 3647 censemus.
2052 3593 2255 3660 Regem]
2311 3593 2434 3644 Fuit
2478 3592 2589 3657 ille,
2625 3596 2743 3642 teste

1696 3674 1924 3739 dosepho
1963 3673 2056 3723 lib.
2086 3687 2144 3723 x.
2179 3687 2296 3736 cap.
2333 3676 2414 3723 11.
2442 3706 2445 3709 -
2482 3668 2744 3721 Nabucho-

1697 3753 1920 3803 donosor
1964 3753 2043 3802 M.
2076 3751 2116 3800 is
2151 3751 2266 3814 ipse
2303 3748 2453 3813 cnjus
2494 3753 2580 3798 eat
2622 3742 2740 3810 apud

1698 3827 1973 3879 Danielem
1997 3826 2225 3878 mentio:
2261 3839 2413 3891 quem
2437 3824 2627 3874 merito
2646 3835 2741 3871 nos-

1700 3914 1783 3956 ter
1801 3905 1962 3970 Syrioe
1982 3920 2144 3969 regem
2167 3918 2285 3954 cum
2309 3899 2547 3953 Diodoro
2568 3905 2740 3950 vocat:

1698 3997 1798 4032 non
1837 3984 2002 4033 solum
2029 3981 2166 4031 enim
2182 3977 2492 4043 Babyloniae
2524 3982 2581 4026 et
2600 3976 2740 4037 Assy-

1696 4061 1804 4122 riae,
1828 4074 2005 4110 verum
2030 4059 2187 4109 etiam
2210 4054 2529 4117 Palaestinae,
2558 4052 2737 4115 totique

1696 4137 1864 4202 Syriae
1887 4135 2186 4200 imperavit.
2730 4119 2738 4141 ⁸

1762 4215 1778 4246 ‘
1810 4211 2172 4276 Amoenitatem]
2220 4209 2424 4261 Aliter:
2459 4213 2638 4259 natm
2665 4220 2736 4268 gc·

1697 4292 1830 4342 nium
1849 4289 2278 4352 amoeuitatehujus
2296 4288 2453 4352 operis
2471 4285 2660 4336 imitari.
