2978 4933
774 419 890 467 οι..
936 417 1125 467 exn.
1169 401 1233 466 2.
1309 420 1381 469 Α.
1430 420 1551 467 cn.
1598 421 1671 469 N.
1716 404 1867 473 330.
2230 439 2234 443 ‚
2302 410 2427 475 401

236 562 415 631 tione
443 581 834 631 conserves.
922 563 1078 635 Diis
1109 563 1414 630 adversis
1436 564 1690 633 bellum
1727 566 1996 645 inimuS,
2024 573 2095 631 et
2119 569 2433 652 pertinax

233 667 498 751 fortuna
526 667 775 735 Persas
804 687 1027 749 urgere
1068 688 1205 741 non
1234 667 1518 735 desinit:
1563 669 1758 735 novis
1780 667 1806 706 ¹³
1851 668 2064 735 initiis
2101 678 2167 737 et
2194 672 2433 738 omini-

233 771 358 835 bus
386 791 564 855 opus
593 778 714 836 est.
800 770 1205 857 Auspicium
1250 779 1322 837 et
1370 772 1727 857 imperium
1768 772 1881 838 alii
1922 773 2112 838 trade
2143 772 2433 854 interim,

236 875 342 958 qui
387 881 522 941 tam
570 876 683 941 diu
730 895 853 941 rex
894 876 1297 960 appelletur,
1343 876 1560 940 donec
1611 876 1780 941 Asia
1839 876 2128 957 decedat
2171 878 2430 959 hostis;

232 978 450 1043 victor
476 978 718 1044 deinde
748 998 1020 1062 regnum
1065 980 1187 1047 tibi
1216 980 1481 1047 reddat.
1576 980 1735 1045 Hoc
1781 988 2008 1046 autem
2039 981 2225 1046 brevi
2255 970 2432 1047 futu-

233 1099 369 1149 rum
400 1082 571 1147 ratio
602 1084 952 1166 promittit.
1038 1085 1105 1150 5.
1152 1085 1397 1152 Bactra
1419 1091 1442 1119 ⁰
1496 1085 1750 1149 intacta
1780 1091 1975 1150 sunt:
2022 1083 2177 1150 Indi
2205 1091 2271 1150 et
2301 1087 2432 1152 Sa-

232 1200 328 1250 coe
358 1185 432 1249 in
459 1193 579 1251 tna
618 1193 996 1270 potestate:
1042 1193 1147 1252 tot
1176 1175 1436 1271 populi,
1473 1192 1571 1253 tot
1603 1188 1963 1259 exercitus,
1995 1194 2101 1251 tot
2129 1190 2432 1281 equitum

232 1287 655 1373 peditumque
711 1289 925 1355 millia
984 1289 1070 1354 ad
1117 1290 1577 1355 renovandum
1635 1291 1885 1355 bellum
1937 1292 2114 1356 vires
2162 1299 2431 1376 paratas

232 1388 493 1473 habent,
537 1400 616 1457 ut
645 1391 862 1477 major
907 1393 1072 1459 belli
1122 1393 1340 1458 moles
1379 1395 1692 1479 supersit,
1726 1414 1930 1478 quam
1954 1395 2294 1462 exhausta
2320 1398 2430 1462 sit.

230 1490 292 1554 6.
332 1491 518 1572 Quid
561 1494 809 1560 ruimus
835 1496 1209 1563 belluarum
1254 1496 1381 1560 ritu
1422 1496 1495 1587 in
1528 1497 1910 1581 perniciem
1951 1517 2084 1562 non
2111 1518 2431 1579 necessa·-

231 1596 438 1660 riam?
530 1597 832 1665 Fortium
881 1599 1168 1663 virorum
1221 1605 1345 1677 est,
1380 1600 1602 1681 magis
1652 1607 1927 1666 mortem
1978 1608 2431 1680 contemnere,

232 1716 427 1782 quam
456 1701 683 1766 odisse
726 1703 955 1768 vitam.
1042 1702 1110 1767 7.
1157 1701 1363 1785 Saepe
1415 1702 1627 1767 taedio
1675 1701 1925 1767 laboris
1970 1704 2057 1768 ad
2105 1704 2435 1785 vilitatem

233 1804 332 1866 sui
354 1813 376 1840 ⁶
420 1804 909 1888 compelluntur
936 1805 1202 1889 ignavi:
1248 1812 1319 1875 at
1345 1805 1558 1871 virtus
1589 1806 1752 1870 nihil
1782 1807 2206 1890 inexpertum
2239 1808 2432 1872 omit-

230 1906 339 1970 tit:
390 1907 625 1990 itaque
654 1907 967 1973 ultimum
1000 1907 1296 1973 omnium
1327 1927 1511 1972 mors
1539 1915 1668 1986 est,
1701 1908 1788 1974 ad
1820 1929 2026 1993 quam
2072 1927 2205 1974 non
2245 1910 2433 1994 pigre

230 2008 321 2072 ire
342 2009 514 2073 satis
543 2012 694 2074 est!
746 2013 812 2078 8.
846 2012 1138 2077 Proinde
1172 2011 1231 2077 si
1264 2012 1543 2091 Bactra,
1570 2012 1754 2096 quod
1773 2013 2179 2077 tutissimum
2200 2031 2431 2096 recep-

232 2113 521 2179 taculum
556 2117 678 2193 est',
728 2116 1062 2199 petimus3
1107 2100 1505 2200 praefectum
1558 2114 1847 2198 regionis
1888 2113 2056 2198 ejuS,
2114 2114 2431 2195 Bessum,

231 2234 443 2298 regem
472 2218 795 2301 temporis
824 2219 1041 2301 gratia
1070 2224 1471 2283 statuamus,
1563 2216 1978 2302 Compositis
2008 2218 2218 2281 rebus
2239 2217 2432 2302 justo

290 2405 310 2431 θ
341 2402 420 2450 Ad
440 2407 721 2453 contemtum
741 2417 840 2454 suoe
860 2402 996 2455 vita.
1189 2399 1217 2435 ⁶¹
1249 2400 1332 2452 Aa
1350 2416 1492 2466 quam
1512 2401 1689 2468 sufficit
1709 2417 1796 2452 nos
1813 2400 1885 2452 ire
1905 2418 2000 2453 non
2021 2401 2218 2454 invitos.

1145 2550 1410 2572 NNNNNN
1413 2550 1504 2571 m

230 2629 427 2695 quidem,
451 2638 509 2684 et
535 2631 803 2696 profectius
821 2632 985 2684 habet
995 2633 1204 2696 faciens,
1229 2642 1284 2683 et
1307 2650 1427 2684 mox
1448 2649 1738 2699 regnumque
1760 2633 1949 2683 omisso
1984 2649 2056 2684 oc.
2123 2632 2344 2682 Theocr.
2376 2648 2432 2682 ac

227 2709 413 2757 regrum
438 2698 709 2759 salubriori,
727 2701 807 2761 ξε.
875 2700 1044 2763 Βοῦς.
1064 2705 1111 2751 1.
1127 2701 1224 2750 Dis
1245 2701 1484 2758 adversim
1534 2700 1688 2750 Voss.
1710 2703 1761 2748 2.
1786 2699 1872 2748 alii
1893 2714 1906 2747 ε
1935 2698 2053 2749 Diis
2073 2698 2270 2764 aversio.
2315 2697 2432 2746 Flo-

230 2770 358 2811 rent.
397 2762 553 2813 Leid.
586 2772 642 2813 et
660 2764 812 2815 Voss.
839 2768 886 2814 1.
908 2765 1102 2816 tuimur.
1137 2766 1290 2816 Voss.
1323 2769 1375 2814 2.
1416 2766 1593 2814 Persas
1623 2779 1816 2826 augere.
1879 2765 2031 2812 Voss.
2059 2767 2104 2812 1.
2129 2766 2179 2812 2.
2204 2763 2431 2812 Florent.

230 2825 371 2877 Leid.
395 2827 537 2878 Dan.
562 2826 682 2880 Ald.
707 2830 876 2880 Colin.
899 2829 1101 2895 Gryph.
1129 2831 1292 2894 Lugd.
1318 2829 1485 2879 Amst·
1515 2830 1625 2880 Elz.
1649 2830 1759 2881 Col.
1793 2835 1850 2878 et
1883 2829 2005 2877 Bas.
2033 2826 2299 2877 hominibus
2318 2842 2433 2891 opus

229 2896 325 2949 ειη·
357 2892 472 2942 Pal.
496 2894 710 2944 omnihus
730 2889 845 2958 opus
866 2901 957 2945 eet.
1011 2896 1155 2946 Leid.
1177 2897 1375 2945 interim
1401 2895 1488 2944 olii
1510 2896 1682 2954 trade3
1718 2894 1866 2944 Voss.
1891 2897 1939 2944 1.
1961 2897 2013 2943 2.
2037 2892 2287 2942 omittunt
2308 2891 2434 2942 inte-

228 2956 335 3007 rim.
369 2957 513 3008 Pith.
532 2962 675 3009 donee
695 2960 755 3008 ab
779 2961 898 3010 Asia
919 2960 1165 3019 discedam
1200 2959 1285 3011 alii
1306 2976 1321 3010 ε
1346 2962 1493 3010 donec
1524 2958 1648 3009 Asia
1670 2960 1897 3009 discedot.
1943 2958 2095 3009 Voss.
2112 2961 2160 3007 2.
2182 2957 2339 3008 brevis
2353 2973 2432 3006 ra·

221 3021 665 3086 &promittite-5
702 3025 848 3076 Leid.
872 3026 1050 3076 intecta
1070 3032 1201 3076 sunt.
1236 3023 1390 3075 Voss.
1407 3028 1456 3075 2.
1479 3030 1528 3075 et
1547 3024 1672 3087 Segi
1686 3040 1706 3083 ‚⁰
1741 3024 1828 3073 alii
1856 3039 1869 3071 z
1907 3023 2141 3085 et-Sogoe.
2206 3023 2313 3073 Pro
2331 3023 2435 3071 mil·

229 3085 291 3136 liu
310 3089 455 3139 Voss.
477 3093 530 3140 2.
566 3091 758 3139 militia.
790 3092 1022 3141 Florent.
1049 3093 1195 3142 Leid.
1224 3092 1371 3142 Voss.
1398 3095 1444 3142 l.
1466 3094 1518 3140 2.
1549 3091 1722 3154 Bong.
1743 3090 1879 3140 Mer.
1904 3088 2071 3151 Lugd.
2091 3095 2148 3137 et
2173 3087 2339 3138 Amst.
2370 3090 2433 3137 ed

227 3158 512 3205 renovandus
534 3156 675 3217 vires,
698 3156 888 3206 omisso
912 3157 1096 3208 bellum.
1163 3157 1279 3207 Pal.
1317 3160 1364 3207 1.
1400 3164 1456 3206 et
1492 3154 1663 3206 Amst.
1690 3159 1879 3218 parata.
1947 3155 2099 3204 VosS.
2129 3159 2183 3204 2.
2202 3153 2435 3203 exhausta

230 3222 404 3269 est—6
435 3219 585 3271 Leid.
610 3228 667 3270 et
688 3221 835 3271 Voss.
875 3226 917 3272 1.
950 3227 1292 3286 contempnere,
1314 3230 1378 3270 ut
1399 3225 1724 3285 neuwen—7
1758 3221 1912 3269 Voss.
1952 3225 2004 3270 2.
2039 3219 2182 3270 Pith.
2217 3217 2434 3281 Ed.‘pr.

230 3282 434 3337 Venett.
463 3285 616 3335 Rom.
642 3285 791 3340 sunt.
817 3287 952 3336 Mer.
976 3295 1031 3338 et
1056 3288 1179 3338 Bas.
1202 3287 1462 3337 utilitatem
1489 3289 1596 3345 sui3
1629 3292 1856 3335 nostram
1883 3285 2005 3334 lect.
2037 3299 2103 3333 ex
2140 3282 2294 3336 codd.
2327 3298 2433 3332 mo·

230 3356 382 3399 nante
407 3351 594 3413 Palm»,
617 3352 847 3402 restituit
871 3352 1102 3402 Medius.
1137 3354 1209 3403 At
1228 3352 1354 3402 nihil
1372 3352 1531 3401 virtus
1554 3349 1703 3401 Leid.
1726 3357 1781 3399 et
1805 3350 1955 3399 Voss.
1981 3355 2023 3399 Ι.
2047 3348 2193 3398 nichil
2210 3349 2263 3397 in
2282 3348 2432 3398 Voss.

231 3414 276 3460 2.
295 3421 354 3463 nt
367 3430 596 3480 semper.
622 3417 773 3468 Voss.
799 3423 845 3467 1.
866 3418 1036 3481 Bong.
1060 3425 1116 3467 et
1136 3418 1271 3467 Dan.
1293 3417 1460 3480 pigere
1480 3417 1590 3474 υἷι-ες
1626 3415 1741 3465 Pal.
1759 3418 1809 3465 1.
1827 3415 1962 3477 piget
1984 3414 2172 3463 ira—8
2208 3410 2362 3462 Voss.
2383 3417 2431 3462 2.

230 3481 350 3588 guod
363 3482 748 3543 probatissimum
762 3499 783 3540 ,·
815 3482 929 3533 Pal.
952 3488 999 3532 1.
1020 3484 1141 3547 quod
1158 3497 1246 3546 per
1266 3482 1568 3532 latissimum.
1637 3481 1744 3538 Pro
1761 3480 1967 3543 petimus
1981 3479 2134 3528 Voss.
2151 3482 2199 3528 2.
2219 3477 2426 3541 penitus.

271 3543 454 3596 lor-ent.
483 3547 633 3597 Leid.
658 3545 810 3597 Voss.
834 3552 881 3599 1.
907 3555 962 3598 et
984 3548 1150 3611 Βοῦς.
1170 3562 1331 3611 regem
1354 3551 1393 3597 t.
1412 3546 1643 3610 gratiam.
1678 3545 1909 3595 Florem.
1930 3545 2083 3593 Voss.
2109 3547 2157 3593 l.
2180 3551 2235 3593 et
2260 3542 2427 3606 Bong.

1213 3674 1430 3729 No'rAE

288 3767 311 3801 δ
347 3769 521 3836 Novis]
574 3770 727 3821 Novo
750 3771 885 3823 duee
915 3788 1047 3837 opus
1070 3779 1171 3836 est,
1195 3773 1284 3839 qui
1365 3789 1434 3824 cce
1476 3773 1756 3838 legendum
1807 3770 1996 3822 eruditi
2053 3770 2149 3820 viri
2201 3774 2436 3820 censent.

231 3846 368 3895 novis
402 3863 463 3898 nc
500 3850 793 3899 melioribus
825 3850 1067 3915 auspiciis
1090 3851 1284 3901 bellum
1368 3852 1486 3904 Quo
1503 3850 1669 3913 magis
1687 3848 1920 3898 adducor
1933 3855 1992 3896 ut
2007 3846 2090 3895 hie
2106 3858 2312 3910 quoqne
2329 3845 2437 3909 legi

232 3921 294 3971 de
318 3924 518 3987 integro
542 3926 803 3978 restituat.
1366 3928 1575 3979 credam
1595 3933 1852 3989 oportere.
1920 3924 2002 3973 De
2017 3923 2164 3974 Sacis
2187 3938 2343 3988 porro
2361 3922 2438 3972 di-

288 4006 310 4033 e
344 4001 551 4065 Bactra]
607 4004 718 4054 Lib.
740 4017 841 4053 vn.
871 4018 987 4068 cap.
1010 4008 1061 4054 4.
1150 4004 1287 4069 Indi]
1368 4018 1546 4056 cemus
1568 4002 1631 4052 ad
1657 4003 1747 4053 lib.
1770 4016 1874 4051 vu.
1898 4016 2016 4065 cap.
2037 4005 2090 4052 9.

231 4072 338 4124 Lib.
362 4091 488 4127 vm.
510 4093 627 4142 cap.
652 4082 701 4129 9.
768 4079 935 4143 Sagoe]
963 4080 1137 4145 Nulla,
1151 4080 1289 4146 quod
1434 4083 1498 4131 Ιιι
1519 4087 1602 4131 tua
1619 4079 1880 4145 potestate]
1912 4079 2034 4129 Sive
2049 4077 2138 4145 qui
2155 4077 2435 4128 Persarum

230 4152 400 4215 seiam,
434 4156 572 4218 apud
613 4163 849 4206 vetustos
883 4157 1167 4222 scriptores
1197 4158 1288 4209 Sa·
1367 4160 1589 4221 imperio
1631 4157 1846 4219 subditi,
1889 4156 1999 4206 sive
2043 4154 2132 4220 qui
2173 4152 2435 4204 foederati.

230 4242 402 4291 garum
440 4233 652 4283 mentio.
736 4234 875 4285 Nam
915 4234 1052 4297 apud
1091 4235 1288 4285 Melam
1367 4236 1559 4300 Neque
1582 4235 1718 4285 enim
1751 4247 1926 4284 ornnes
1963 4231 2149 4294 Dario,
2160 4230 2436 4295 parebant,

230 4304 313 4355 lib.
334 4321 416 4357 ιιι.
438 4323 555 4373 cap.
579 4317 628 4360 5.
648 4318 703 4361 et
723 4314 772 4361 7.
797 4325 900 4361 non
922 4311 1070 4372 Saga·
1088 4310 1181 4362 sed
1198 4310 1289 4361 Sa-
1367 4318 1429 4362 ut
1452 4310 1559 4362 suis
1576 4311 1706 4363 locis
1730 4308 1885 4361 visuri
1909 4322 2101 4360 sumus.

354 4389 525 4454 Delph.
541 4397 590 4442 et
619 4394 735 4443 Vor-
758 4392 888 4444 Clas.
1227 4394 1290 4449 Q.
1318 4393 1461 4442 Cart.
2196 4391 2228 4437 2
2263 4386 2305 4436 C
