2978 4933
917 343 1303 431 Q.'cun'r11
1354 367 1536 416 Rom
1590 366 1737 415 me.
1788 368 1857 414 v.
2351 352 2487 415 419

275 524 417 596 post
460 523 629 575 tanta
671 512 730 573 in
765 533 861 574 me
890 532 1174 592 meosque
1202 512 1409 573 merita
1436 511 1722 572 adversus
1750 508 2272 571 clementissimum
2300 510 2487 569 victo-

280 632 404 673 rem
432 610 670 671 inimico
700 609 1022 669 vivendum
1060 609 1193 683 fuit,
1239 619 1299 669 et
1340 629 1501 668 nunc
1544 610 1775 688 ingrato
1818 607 2185 668 moriendum
2229 618 2343 669 est.
2426 613 2489 670 4.

285 707 407 768 Sed
438 708 485 768 si
510 728 631 787 qua
672 707 991 788 postremis
1019 708 1365 768 miserorum
1393 708 1549 768 votis
1579 707 1738 786 apud
1771 708 1934 767 Deos
1962 706 2052 766 vis
2098 716 2210 779 est,
2252 717 2312 766 et
2351 726 2488 768 cum

281 804 413 886 ipso
444 806 651 885 spiritu
691 805 965 886 profusas
1017 826 1222 886 preces
1271 806 1468 867 mitius
1507 804 1750 885 aliquod
1795 825 2013 864 numen
2057 803 2344 871 exaudit3
2390 803 2490 862 ille

282 904 526 982 quidem
556 923 765 982 sospes
812 914 875 965 et
917 904 1254 978 incolumis,
1284 904 1581 984 longeque
1605 922 1786 985 supra
1814 903 2158 982 contagium
2186 922 2334 962 meae
2366 921 2490 961 sor·

284 1001 363 1060 tis
409 1010 468 1060 et
514 999 795 1060 invidiam
840 1001 1093 1061 fortunae
1143 1000 1396 1082 positus,
1438 1000 1502 1059 in
1556 1000 1706 1061 solio
1753 1000 1892 1080 Cyri
1912 1001 2225 1079 gloriosam
2253 1008 2492 1059 aetatem

286 1097 523 1176 exigat:
568 1119 811 1178 suaeque
835 1092 1067 1159 virtutis
1095 1118 1340 1170 memor,
1370 1118 1506 1157 eum
1535 1097 1707 1158 matri
1745 1096 2063 1176 liberisque
2104 1097 2250 1156 meis
2294 1098 2489 1157 locum

287 1194 452 1274 apud
486 1214 550 1255 se
580 1215 715 1256 esse
744 1197 1026 1276 patiatur,
1075 1216 1250 1275 quern
1290 1196 1378 1255 illi
1424 1195 1543 1255 fide
1591 1205 1653 1255 et
1697 1182 1984 1273 obsequio
2025 1194 2387 1254 meruerint:
2433 1204 2496 1252 at

285 1290 612 1371 parricidas
643 1303 937 1371 promtum
964 1294 1204 1354 exitium
1232 1303 1655 1372 consequatur,
1693 1291 1858 1371 quod
1891 1291 2235 1350 Alexander
2276 1291 2495 1370 irroga-

285 1388 395 1461 bit,
444 1389 494 1455 εἰ
537 1410 656 1455 non
696 1390 1097 1451 misericordia
1125 1389 1378 1451 infelicis
1408 1390 1621 1462 hostis,
1651 1389 1864 1448 saltem
1892 1388 2031 1448 odio
2060 1388 2410 1458 facinorum,
2439 1398 2500 1447 et

287 1506 367 1546 ne
394 1486 682 1565 impunita
711 1487 770 1546 in
800 1488 1047 1549 aliorum
1080 1488 1254 1548 etiam
1279 1508 1484 1567 regum
1512 1507 1801 1566 suumque
1823 1485 2010 1565 ipsius
2036 1485 2276 1546 exitium
2304 1505 2499 1544 erum-

287 1582 477 1660 pant.'
561 1586 620 1642 5.
664 1584 965 1657 Posthaec,
1003 1606 1137 1646 cum
1204 1585 1299 1645 siti
1344 1597 1680 1663 angeretur,
1725 1582 1906 1643 allata
1950 1603 2054 1661 per
2099 1582 2501 1661 Polystratum

290 1698 448 1760 aqua
477 1691 798 1752 recreatus,
802 1688 827 1722 ἅ
868 1690 884 1716 ‘
907 1682 1107 1761 Ergo,'
1150 1682 1251 1754 ait,
1296 1688 1312 1716 ‘
1331 1682 1489 1741 hanc
1520 1681 1699 1740 etiam
1728 1681 1908 1740 tantis
1929 1681 2366 1740 calamitatibus
2396 1700 2499 1739 ex-

289 1786 541 1839 tremam
570 1776 854 1837 accedere
883 1779 1164 1859 oportuit,
1194 1789 1262 1838 ut
1289 1778 1652 1838 benemerito
1678 1777 1927 1857 gratiam
1957 1778 2172 1837 referre
2209 1797 2328 1837 non
2361 1796 2504 1858 pos-

292 1873 486 1932 simle
514 1883 577 1933 at
596 1876 811 1935 referet
831 1862 1205 1945 Alexander:
1238 1876 1581 1935 Alexandro
1602 1895 1741 1935 vero
1773 1875 1912 1935 Dii:
1979 1858 2265 1934 Dextram
2287 1873 2504 1934 deinde

290 1969 617 2049 protendit,
659 1979 675 2005 ‘
700 1991 948 2051 eamque
995 1972 1358 2045 Alexandro,
1402 1972 1541 2032 fidei
1584 1972 1764 2051 regiae
1793 1972 2232 2052 pignus2ferri'
2262 1971 2504 2050 jubenS,

294 2067 667 2146 apprehensa
716 2069 1038 2149 Polystrati
1088 2090 1267 2130 manu
1320 2071 1576 2129 animam
1622 2070 1864 2130 efflavit.
1952 2071 2009 2130 6.
2049 2068 2386 2130 Alexander
2429 2088 2509 2128 an

296 2165 545 2245 spiranti
576 2165 772 2226 adhuc
825 2167 1248 2246 supervenerit,
1281 2167 1570 2231 incertum
1588 2177 1692 2243 rest
1713 2188 1729 2228 ε
1749 2165 1767 2200 ¹
1803 2165 1953 2228 illud
1979 2176 2236 2242 constat,
2264 2166 2508 2226 misera-

293 2263 401 2322 bili
437 2265 592 2344 regis
643 2265 1076 2344 opulentissimi
1128 2265 1290 2326 exitu
1331 2276 1653 2345 comperto,
1684 2265 1958 2344 copiosas
1984 2264 2278 2346 lacrymas
2307 2264 2509 2344 profu-

291 2363 483 2437 disse,
502 2363 819 2440 statimque
835 2363 1149 2444 chlamyde
1173 2364 1283 2424 sibi
1314 2364 1586 2424 detracta
1612 2383 1828 2443 corpus
1861 2363 2214 2446 operuisse,⁸
2243 2370 2304 2421 et
2339 2380 2508 2440 mag-

295 2481 380 2521 no
419 2481 558 2521 cum
602 2459 827 2520 honore
871 2460 987 2520 ‘ad
1031 2482 1172 2522 suos
1224 2462 1476 2523 deferri'
1508 2463 1784 2543 jussisse,
1832 2469 1848 2497 ‘
1874 2472 1942 2523 ut
1991 2461 2153 2540 regio
2192 2459 2511 2520 Persarum

296 2578 461 2619 more
487 2566 756 2617 curatum
795 2559 1193 2618 monumentis
1233 2560 1521 2638 majorum
1559 2558 1939 2620 inferretur.’h
2022 2561 2078 2616 7.
2127 2555 2511 2635 Ingratitudi-

297 2676 437 2717 nem
465 2654 785 2727 hominum,
809 2675 843 2715 a
868 2658 998 2734 quis
1028 2677 1135 2736 pro
1158 2658 1401 2717 summis
1428 2658 1728 2718 beneficiis
1760 2655 2001 2716 crudele
2031 2654 2274 2732 exitium
2290 2655 2511 2716 Darius

288 2747 566 2834 pertulit,
593 2773 935 2832 quanquam
967 2765 1179 2834 suopte
1208 2755 1450 2834 ingenio
1477 2752 1837 2815 horrendam
1874 2763 1934 2813 et
1974 2750 2376 2824 execrabilem,
2423 2751 2516 2810 in-

301 2849 563 2929 signiore
617 2850 694 2909 ad
739 2852 1144 2930 posteritatem
1189 2850 1434 2912 infamia
1476 2849 1786 2911 damnavit
1818 2850 1983 2910 canis
2031 2848 2342 2928 cujusdam
2370 2848 2520 2908 mira

299 2948 618 3027 fides‚1qui
659 2950 732 3007 ab
763 2949 1036 3008 omnibus
1075 2950 1462 3009 familiaribus
1507 2949 1792 3009 derelicto
1840 2947 2003 3008 solus
2033 2946 2220 3017 affuit,
2251 2955 2313 3005 et
2338 2963 2519 3025 quam

299 3043 360 3103 in
392 3044 594 3105 vivum
631 3065 753 3124 prae
796 3066 860 3105 se
903 3046 1040 3106 tulit
1067 3046 1568 3126 benevolentiam,
1606 3043 1879 3106 morienti
1909 3065 2148 3126 quoque
2177 3048 2522 3105 constanter

304 3141 608 3220 praestitit.
696 3146 751 3201 8.
801 3143 979 3202 Hunc
1009 3143 1147 3202 vitae
1177 3144 1353 3204 finem
1384 3144 1603 3204 sortius
1633 3154 1728 3203 est
1753 3144 1872 3216 ille,
1902 3164 2078 3223 quem
2106 3142 2283 3203 modo
2311 3151 2523 3207 contu-

299 3237 485 3297 melia
526 3238 680 3296 affici
723 3241 1036 3316 putabant,
1080 3240 1195 3300 nisi
1245 3250 1261 3274 ‘
1286 3260 1487 3320 regem
1516 3260 1744 3320 regum,
1783 3254 1845 3304 et
1875 3241 2138 3301 Deorum
2167 3238 2529 3317 consangui-

303 3354 481 3395 neum
506 3334 918 3399 'zsalutarent
962 3356 1301 3416 magnoque
1322 3337 1536 3398 iterum
1569 3337 1972 3447 experimento
1997 3338 2387 3417 approbatum
2409 3344 2522 3406 est,

303 3433 603 3492 neminem
628 3433 819 3511 magis
849 3443 1052 3512 patere
1082 3435 1360 3507 fortunae,
1399 3455 1579 3514 quam
1608 3435 1731 3513 qui,
1759 3433 2026 3514 pluribus
2049 3431 2314 3538 ejusdem
2351 3431 2523 3491 blan·
2564 3455 2570 3461 ·

301 3528 467 3589 ditiis
499 3530 753 3590 irretitus
760 3531 1002 3611 ,jugum
1030 3531 1189 3593 illius
1221 3542 1347 3593 tota
1375 3533 1606 3593 cervice
1633 3532 1939 3612 receperit.

372 3722 400 3757 ὁ
430 3724 573 3852 ξὲιη.
599 3726 630 3775 ι.
653 3728 692 3786 ι,
855 3745 857 3748 v
1524 3730 1549 3764 ιι
1583 3732 1728 3781 mut.
1747 3732 1780 3781 1.
1795 3730 2074 3781 isoiodor.
2091 3728 2243 3787 sica.
2258 3729 2296 3780 ι.
2321 3691 2527 3780 Aiitan.

379 3810 403 3836 e

301 3887 314 3896 ⁶
375 3878 401 3910 f
427 3805 642 3930 Diod-oli.
676 3881 778 3931 Slc.
817 3893 962 3932 xvrr.
1004 3885 1120 3931 601.
1175 3881 1381 3939 Arrian.
1459 3809 1765 3935 l’¹¹Euseb.
1811 3885 1865 3935 in
1907 3885 2100 3941 Chron.
2156 3884 2344 3940 AElian.
2384 3883 2526 3937 Hizt.

308 3958 348 4007 1.
371 3956 411 4005 1.
1461 3961 1639 4016 Anim.
1662 3976 1743 4015 Vl.
1764 3966 1850 4021 25.

307 4053 314 4057 ·
376 4033 677 4085 8Ρ1ιιῐ.1.1.
720 4035 1168 4091 Diodor.Sic.l.l.
