<?xml version="1.0" encoding="UTF-8"?>
<!DOCTYPE html PUBLIC "-//W3C//DTD XHTML 1.0 Transitional//EN"
    "http://www.w3.org/TR/xhtml1/DTD/xhtml1-transitional.dtd">
<html xmlns="http://www.w3.org/1999/xhtml" xml:lang="en" lang="en">
 <head>
  <title>
</title>
<meta http-equiv="Content-Type" content="text/html;charset=utf-8" />
  <meta name='ocr-system' content='tesseract 3.04.00' />
  <meta name='ocr-capabilities' content='ocr_page ocr_carea ocr_par ocr_line ocrx_word'/>
</head>
<body>
  <div class='ocr_page' id='page_1' title='image "./quinticurtiiruf03rufugoog_0341.png"; bbox 0 0 2978 4933; ppageno 0'>
   <div class='ocr_carea' id='block_1_1' title="bbox 863 354 2519 424">
    <p class='ocr_par' dir='ltr' id='par_1_1' title="bbox 863 354 2519 424">
     <span class='ocr_line' id='line_1_1' title="bbox 863 354 2519 424; baseline 0.005 -9"><span class='ocrx_word' id='word_1_1' title='bbox 863 371 975 416; x_wconf 64' lang='grc' dir='ltr'><strong>οι..</strong></span> <span class='ocrx_word' id='word_1_2' title='bbox 1026 368 1212 416; x_wconf 81' lang='lat' dir='ltr'><strong>exn.</strong></span> <span class='ocrx_word' id='word_1_3' title='bbox 1258 354 1324 418; x_wconf 80' lang='grc'><strong>2.</strong></span> <span class='ocrx_word' id='word_1_4' title='bbox 1393 369 1467 418; x_wconf 63' lang='lat' dir='ltr'><strong>A.</strong></span> <span class='ocrx_word' id='word_1_5' title='bbox 1517 371 1638 419; x_wconf 78' lang='lat' dir='ltr'><strong>cn.</strong></span> <span class='ocrx_word' id='word_1_6' title='bbox 1690 372 1760 421; x_wconf 78' lang='grc' dir='ltr'><strong>Ν.</strong></span> <span class='ocrx_word' id='word_1_7' title='bbox 1804 356 1953 421; x_wconf 82' lang='grc'><strong>331.</strong></span> <span class='ocrx_word' id='word_1_8' title='bbox 2389 355 2519 424; x_wconf 79' lang='grc'><strong>297</strong></span> 
     </span>
    </p>
   </div>
   <div class='ocr_carea' id='block_1_2' title="bbox 292 514 2517 2154">
    <p class='ocr_par' dir='ltr' id='par_1_2' title="bbox 292 514 2517 2154">
     <span class='ocr_line' id='line_1_2' title="bbox 306 514 2517 599; baseline 0.004 -22"><span class='ocrx_word' id='word_1_9' title='bbox 306 515 666 593; x_wconf 70' lang='lat' dir='ltr'><strong>culatore&#39;S‚</strong></span> <span class='ocrx_word' id='word_1_10' title='bbox 689 516 806 598; x_wconf 91' lang='lat' dir='ltr'><strong>qui</strong></span> <span class='ocrx_word' id='word_1_11' title='bbox 842 514 1177 599; x_wconf 84' lang='lat' dir='ltr'><strong>praernissi</strong></span> <span class='ocrx_word' id='word_1_12' title='bbox 1198 520 1408 594; x_wconf 90' lang='lat' dir='ltr'><strong>erant,</strong></span> <span class='ocrx_word' id='word_1_13' title='bbox 1428 515 1557 579; x_wconf 90' lang='lat' dir='ltr'><strong>sub</strong></span> <span class='ocrx_word' id='word_1_14' title='bbox 1582 515 1756 580; x_wconf 80' lang='lat' dir='ltr'><strong>lucis</strong></span> <span class='ocrx_word' id='word_1_15' title='bbox 1774 522 2015 592; x_wconf 86' lang='lat' dir='ltr'><strong>ortum,</strong></span> <span class='ocrx_word' id='word_1_16' title='bbox 2044 520 2065 550; x_wconf 91' lang='lat'>‘</span> <span class='ocrx_word' id='word_1_17' title='bbox 2083 517 2366 584; x_wconf 88' lang='lat' dir='ltr'><strong>Darium</strong></span> <span class='ocrx_word' id='word_1_18' title='bbox 2396 522 2517 590; x_wconf 83' lang='lat' dir='ltr'><strong>ad-</strong></span> 
     </span>
     <span class='ocr_line' id='line_1_3' title="bbox 302 619 2514 712; baseline 0.005 -28"><span class='ocrx_word' id='word_1_19' title='bbox 302 629 573 686; x_wconf 85' lang='lat' dir='ltr'><strong>ventare</strong></span> <span class='ocrx_word' id='word_1_20' title='bbox 592 619 610 647; x_wconf 87' lang='lat'><em>&#39;</em></span> <span class='ocrx_word' id='word_1_21' title='bbox 642 622 1138 688; x_wconf 85' lang='lat' dir='ltr'><strong>nuntiaverunt.</strong></span> <span class='ocrx_word' id='word_1_22' title='bbox 1185 622 1524 689; x_wconf 81' lang='lat' dir='ltr'><strong>Instructo</strong></span> <span class='ocrx_word' id='word_1_23' title='bbox 1547 623 1747 707; x_wconf 87' lang='lat' dir='ltr'><strong>igitur</strong></span> <span class='ocrx_word' id='word_1_24' title='bbox 1776 625 2006 702; x_wconf 89' lang='lat' dir='ltr'><strong>milite,</strong></span> <span class='ocrx_word' id='word_1_25' title='bbox 2040 632 2110 690; x_wconf 92' lang='lat' dir='ltr'><strong>et</strong></span> <span class='ocrx_word' id='word_1_26' title='bbox 2139 630 2514 712; x_wconf 86' lang='lat' dir='ltr'><strong>composito</strong></span> 
     </span>
     <span class='ocr_line' id='line_1_4' title="bbox 302 725 2517 813; baseline 0.005 -25"><span class='ocrx_word' id='word_1_27' title='bbox 302 726 591 806; x_wconf 80' lang='lat' dir='ltr'>agmine,</span> <span class='ocrx_word' id='word_1_28' title='bbox 620 725 1086 792; x_wconf 81' lang='lat' dir='ltr'><strong>antecedebat.</strong></span> <span class='ocrx_word' id='word_1_29' title='bbox 1128 726 1234 790; x_wconf 85' lang='lat'><strong>10.</strong></span> <span class='ocrx_word' id='word_1_30' title='bbox 1257 725 1393 790; x_wconf 85' lang='lat' dir='ltr'><strong>Sed</strong></span> <span class='ocrx_word' id='word_1_31' title='bbox 1415 726 1775 793; x_wconf 80' lang='lat' dir='ltr'><strong>Persarum</strong></span> <span class='ocrx_word' id='word_1_32' title='bbox 1799 728 2262 813; x_wconf 81' lang='lat' dir='ltr'><strong>exploratores</strong></span> <span class='ocrx_word' id='word_1_33' title='bbox 2281 738 2307 778; x_wconf 73' lang='grc' dir='ltr'>Ρ</span> <span class='ocrx_word' id='word_1_34' title='bbox 2331 741 2517 800; x_wconf 87' lang='lat' dir='ltr'><strong>erant</strong></span> 
     </span>
     <span class='ocr_line' id='line_1_5' title="bbox 303 828 2516 920; baseline 0.004 -29"><span class='ocrx_word' id='word_1_35' title='bbox 303 828 490 892; x_wconf 83' lang='lat' dir='ltr'><strong>mille</strong></span> <span class='ocrx_word' id='word_1_36' title='bbox 533 829 763 908; x_wconf 84' lang='lat' dir='ltr'><strong>fenne,</strong></span> <span class='ocrx_word' id='word_1_37' title='bbox 795 830 910 913; x_wconf 90' lang='lat' dir='ltr'><strong>qni</strong></span> <span class='ocrx_word' id='word_1_38' title='bbox 942 829 1241 913; x_wconf 85' lang='lat' dir='ltr'><strong>speciem</strong></span> <span class='ocrx_word' id='word_1_39' title='bbox 1274 830 1558 912; x_wconf 81' lang='lat' dir='ltr'><strong>agminis</strong></span> <span class='ocrx_word' id='word_1_40' title='bbox 1588 831 1809 913; x_wconf 87' lang='lat' dir='ltr'><strong>magni</strong></span> <span class='ocrx_word' id='word_1_41' title='bbox 1837 830 2130 897; x_wconf 81' lang='lat' dir='ltr'><strong>fecerant</strong></span> <span class='ocrx_word' id='word_1_42' title='bbox 2153 845 2217 897; x_wconf 65' lang='grc' dir='ltr'><strong>τε</strong></span> <span class='ocrx_word' id='word_1_43' title='bbox 2264 836 2516 920; x_wconf 88' lang='lat' dir='ltr'><strong>qnippe</strong></span> 
     </span>
     <span class='ocr_line' id='line_1_6' title="bbox 300 931 2513 1019; baseline 0.003 -26"><span class='ocrx_word' id='word_1_44' title='bbox 300 931 423 994; x_wconf 88' lang='lat' dir='ltr'><strong>ubi</strong></span> <span class='ocrx_word' id='word_1_45' title='bbox 443 933 785 1015; x_wconf 82' lang='lat' dir='ltr'><strong>explorari</strong></span> <span class='ocrx_word' id='word_1_46' title='bbox 818 951 981 997; x_wconf 83' lang='lat' dir='ltr'><strong>vera</strong></span> <span class='ocrx_word' id='word_1_47' title='bbox 993 951 1128 996; x_wconf 89' lang='lat' dir='ltr'><strong>non</strong></span> <span class='ocrx_word' id='word_1_48' title='bbox 1147 936 1446 1016; x_wconf 85' lang='lat' dir='ltr'><strong>possunt,</strong></span> <span class='ocrx_word' id='word_1_49' title='bbox 1461 931 1637 998; x_wconf 88' lang='lat' dir='ltr'><strong>falsa</strong></span> <span class='ocrx_word' id='word_1_50' title='bbox 1655 953 1778 1017; x_wconf 88' lang='lat' dir='ltr'><strong>per</strong></span> <span class='ocrx_word' id='word_1_51' title='bbox 1795 939 2037 998; x_wconf 89' lang='lat' dir='ltr'><strong>metum</strong></span> <span class='ocrx_word' id='word_1_52' title='bbox 2059 944 2513 1019; x_wconf 74' lang='lat' dir='ltr'><strong>augurantur.‘¹</strong></span> 
     </span>
     <span class='ocr_line' id='line_1_7' title="bbox 302 1034 2512 1123; baseline 0.004 -26"><span class='ocrx_word' id='word_1_53' title='bbox 302 1035 411 1097; x_wconf 82' lang='lat'><strong>11.</strong></span> <span class='ocrx_word' id='word_1_54' title='bbox 468 1034 598 1099; x_wconf 88' lang='lat' dir='ltr'><strong>His</strong></span> <span class='ocrx_word' id='word_1_55' title='bbox 632 1034 937 1117; x_wconf 80' lang='lat' dir='ltr'><strong>cognitiS,</strong></span> <span class='ocrx_word' id='word_1_56' title='bbox 968 1055 1112 1113; x_wconf 58' lang='lat' dir='ltr'><strong>reas,</strong></span> <span class='ocrx_word' id='word_1_57' title='bbox 1141 1055 1293 1100; x_wconf 87' lang='lat' dir='ltr'><strong>cum</strong></span> <span class='ocrx_word' id='word_1_58' title='bbox 1323 1036 1566 1119; x_wconf 84' lang='lat' dir='ltr'><strong>paucis</strong></span> <span class='ocrx_word' id='word_1_59' title='bbox 1598 1037 1868 1101; x_wconf 70' lang='lat' dir='ltr'><strong>suoru&#39;m</strong></span> <span class='ocrx_word' id='word_1_60' title='bbox 1899 1044 2245 1103; x_wconf 85' lang='lat' dir='ltr'><strong>assecutus</strong></span> <span class='ocrx_word' id='word_1_61' title='bbox 2278 1059 2512 1123; x_wconf 84' lang='lat' dir='ltr'><strong>agmen</strong></span> 
     </span>
     <span class='ocr_line' id='line_1_8' title="bbox 299 1137 2511 1225; baseline 0.003 -25"><span class='ocrx_word' id='word_1_62' title='bbox 299 1138 763 1221; x_wconf 80' lang='lat' dir='ltr'><strong>refugientium</strong></span> <span class='ocrx_word' id='word_1_63' title='bbox 812 1137 899 1202; x_wconf 86' lang='lat' dir='ltr'><strong>ad</strong></span> <span class='ocrx_word' id='word_1_64' title='bbox 952 1158 1141 1216; x_wconf 77' lang='lat' dir='ltr'><strong>suoS‚</strong></span> <span class='ocrx_word' id='word_1_65' title='bbox 1199 1138 1372 1202; x_wconf 85' lang='lat' dir='ltr'><strong>alios</strong></span> <span class='ocrx_word' id='word_1_66' title='bbox 1420 1139 1689 1218; x_wconf 87' lang='lat' dir='ltr'><strong>cecidit,</strong></span> <span class='ocrx_word' id='word_1_67' title='bbox 1739 1140 1914 1205; x_wconf 88' lang='lat' dir='ltr'><strong>alios</strong></span> <span class='ocrx_word' id='word_1_68' title='bbox 1947 1141 2168 1225; x_wconf 73' lang='lat' dir='ltr'><strong>cepitt</strong></span> <span class='ocrx_word' id='word_1_69' title='bbox 2217 1142 2511 1225; x_wconf 87' lang='lat' dir='ltr'><strong>equites-</strong></span> 
     </span>
     <span class='ocr_line' id='line_1_9' title="bbox 301 1241 2511 1329; baseline 0.003 -23"><span class='ocrx_word' id='word_1_70' title='bbox 301 1261 439 1325; x_wconf 86' lang='lat' dir='ltr'><strong>que</strong></span> <span class='ocrx_word' id='word_1_71' title='bbox 471 1241 805 1325; x_wconf 86' lang='lat' dir='ltr'><strong>praemisit</strong></span> <span class='ocrx_word' id='word_1_72' title='bbox 847 1243 1048 1306; x_wconf 87' lang='lat' dir='ltr'><strong>simul</strong></span> <span class='ocrx_word' id='word_1_73' title='bbox 1095 1243 1542 1326; x_wconf 69' lang='lat' dir='ltr'><strong>speculatum,</strong></span> <span class='ocrx_word' id='word_1_74' title='bbox 1580 1244 1888 1318; x_wconf 29' lang='lat' dir='ltr'><strong>simullut</strong></span> <span class='ocrx_word' id='word_1_75' title='bbox 1925 1244 2165 1327; x_wconf 84' lang='lat' dir='ltr'><strong>ignem,</strong></span> <span class='ocrx_word' id='word_1_76' title='bbox 2191 1265 2326 1329; x_wconf 90' lang='lat' dir='ltr'><strong>quo</strong></span> <span class='ocrx_word' id='word_1_77' title='bbox 2356 1248 2511 1312; x_wconf 90' lang='lat' dir='ltr'><strong>bar·</strong></span> 
     </span>
     <span class='ocr_line' id='line_1_10' title="bbox 298 1345 2510 1432; baseline 0.003 -23"><span class='ocrx_word' id='word_1_78' title='bbox 298 1345 450 1409; x_wconf 89' lang='lat' dir='ltr'><strong>bari</strong></span> <span class='ocrx_word' id='word_1_79' title='bbox 479 1352 945 1410; x_wconf 83' lang='lat' dir='ltr'><strong>cremaverant</strong></span> <span class='ocrx_word' id='word_1_80' title='bbox 974 1347 1194 1423; x_wconf 80' lang='lat' dir='ltr'><strong>vicoS‚</strong></span> <span class='ocrx_word' id='word_1_81' title='bbox 1227 1346 1727 1428; x_wconf 84' lang='lat' dir='ltr'><strong>extinguerent:</strong></span> <span class='ocrx_word' id='word_1_82' title='bbox 1772 1348 1878 1411; x_wconf 79' lang='lat'><strong>12.</strong></span> <span class='ocrx_word' id='word_1_83' title='bbox 1912 1347 2162 1432; x_wconf 88' lang='lat' dir='ltr'><strong>quippe</strong></span> <span class='ocrx_word' id='word_1_84' title='bbox 2190 1348 2510 1432; x_wconf 86' lang='lat' dir='ltr'><strong>fugientes</strong></span> 
     </span>
     <span class='ocr_line' id='line_1_11' title="bbox 298 1448 2507 1538; baseline 0.003 -25"><span class='ocrx_word' id='word_1_85' title='bbox 298 1449 555 1531; x_wconf 87' lang='lat' dir='ltr'><strong>raptim</strong></span> <span class='ocrx_word' id='word_1_86' title='bbox 587 1451 787 1513; x_wconf 82' lang='lat' dir='ltr'><strong>tectis</strong></span> <span class='ocrx_word' id='word_1_87' title='bbox 818 1449 1214 1531; x_wconf 85' lang='lat' dir='ltr'><strong>acervisque</strong></span> <span class='ocrx_word' id='word_1_88' title='bbox 1242 1448 1553 1514; x_wconf 82' lang='lat' dir='ltr'><strong>frumenti</strong></span> <span class='ocrx_word' id='word_1_89' title='bbox 1585 1449 1948 1533; x_wconf 86' lang='lat' dir='ltr'><strong>injecerant</strong></span> <span class='ocrx_word' id='word_1_90' title='bbox 1977 1449 2317 1518; x_wconf 86' lang='lat' dir='ltr'><strong>flammas:</strong></span> <span class='ocrx_word' id='word_1_91' title='bbox 2353 1474 2507 1538; x_wconf 79' lang='lat' dir='ltr'><strong>quae</strong></span> 
     </span>
     <span class='ocr_line' id='line_1_12' title="bbox 298 1552 2509 1639; baseline 0.003 -23"><span class='ocrx_word' id='word_1_92' title='bbox 298 1569 458 1617; x_wconf 84' lang='lat' dir='ltr'><strong>cum</strong></span> <span class='ocrx_word' id='word_1_93' title='bbox 490 1552 557 1616; x_wconf 93' lang='lat' dir='ltr'><strong>in</strong></span> <span class='ocrx_word' id='word_1_94' title='bbox 610 1572 873 1616; x_wconf 85' lang='lat' dir='ltr'><strong>summo</strong></span> <span class='ocrx_word' id='word_1_95' title='bbox 903 1552 1288 1631; x_wconf 77' lang='lat' dir='ltr'><strong>haesissent,</strong></span> <span class='ocrx_word' id='word_1_96' title='bbox 1319 1552 1408 1617; x_wconf 87' lang='lat' dir='ltr'><strong>ad</strong></span> <span class='ocrx_word' id='word_1_97' title='bbox 1449 1553 1763 1619; x_wconf 84' lang='lat' dir='ltr'><strong>inferiora</strong></span> <span class='ocrx_word' id='word_1_98' title='bbox 1792 1554 2083 1619; x_wconf 86' lang='lat' dir='ltr'><strong>nondum</strong></span> <span class='ocrx_word' id='word_1_99' title='bbox 2115 1563 2509 1639; x_wconf 86' lang='lat' dir='ltr'><strong>penetrave-</strong></span> 
     </span>
     <span class='ocr_line' id='line_1_13' title="bbox 296 1653 2510 1743; baseline 0.002 -23"><span class='ocrx_word' id='word_1_100' title='bbox 296 1662 469 1720; x_wconf 87' lang='lat' dir='ltr'><strong>rant.</strong></span> <span class='ocrx_word' id='word_1_101' title='bbox 560 1655 665 1721; x_wconf 87' lang='grc'><strong>13.</strong></span> <span class='ocrx_word' id='word_1_102' title='bbox 714 1653 1032 1720; x_wconf 83' lang='lat' dir='ltr'><strong>Extincto</strong></span> <span class='ocrx_word' id='word_1_103' title='bbox 1076 1654 1275 1737; x_wconf 85' lang='lat' dir='ltr'><strong>igitur</strong></span> <span class='ocrx_word' id='word_1_104' title='bbox 1307 1656 1476 1739; x_wconf 86' lang='lat' dir='ltr'><strong>igne,</strong></span> <span class='ocrx_word' id='word_1_105' title='bbox 1523 1657 1882 1741; x_wconf 90' lang='lat' dir='ltr'><strong>plurimum</strong></span> <span class='ocrx_word' id='word_1_106' title='bbox 1924 1658 2233 1722; x_wconf 85' lang='lat' dir='ltr'><strong>frumenti</strong></span> <span class='ocrx_word' id='word_1_107' title='bbox 2285 1679 2510 1743; x_wconf 87' lang='lat' dir='ltr'><strong>reper-</strong></span> 
     </span>
     <span class='ocr_line' id='line_1_14' title="bbox 297 1758 2507 1845; baseline 0.001 -20"><span class='ocrx_word' id='word_1_108' title='bbox 297 1766 441 1825; x_wconf 84' lang='lat' dir='ltr'><strong>tum</strong></span> <span class='ocrx_word' id='word_1_109' title='bbox 469 1766 612 1825; x_wconf 84' lang='lat' dir='ltr'><strong>est:</strong></span> <span class='ocrx_word' id='word_1_110' title='bbox 656 1759 851 1842; x_wconf 90' lang='lat' dir='ltr'><strong>copia</strong></span> <span class='ocrx_word' id='word_1_111' title='bbox 886 1758 1167 1823; x_wconf 82' lang='lat' dir='ltr'><strong>aliarum</strong></span> <span class='ocrx_word' id='word_1_112' title='bbox 1198 1779 1469 1845; x_wconf 90' lang='lat' dir='ltr'><strong>quoque</strong></span> <span class='ocrx_word' id='word_1_113' title='bbox 1516 1779 1732 1824; x_wconf 88' lang='lat' dir='ltr'><strong>rerum</strong></span> <span class='ocrx_word' id='word_1_114' title='bbox 1765 1760 2102 1825; x_wconf 89' lang='lat' dir='ltr'><strong>abundare</strong></span> <span class='ocrx_word' id='word_1_115' title='bbox 2135 1770 2507 1845; x_wconf 86' lang='lat' dir='ltr'><strong>coeperunt.</strong></span> 
     </span>
     <span class='ocr_line' id='line_1_15' title="bbox 297 1862 2502 1947; baseline 0 -20"><span class='ocrx_word' id='word_1_116' title='bbox 297 1863 405 1928; x_wconf 90' lang='lat' dir='ltr'><strong>Ea</strong></span> <span class='ocrx_word' id='word_1_117' title='bbox 430 1882 535 1927; x_wconf 88' lang='lat' dir='ltr'><strong>res</strong></span> <span class='ocrx_word' id='word_1_118' title='bbox 565 1864 719 1947; x_wconf 89' lang='lat' dir='ltr'><strong>ipsa</strong></span> <span class='ocrx_word' id='word_1_119' title='bbox 741 1862 939 1928; x_wconf 88' lang='lat' dir='ltr'><strong>militi</strong></span> <span class='ocrx_word' id='word_1_120' title='bbox 969 1863 1052 1928; x_wconf 85' lang='lat' dir='ltr'><strong>ad</strong></span> <span class='ocrx_word' id='word_1_121' title='bbox 1087 1863 1628 1947; x_wconf 87' lang='lat' dir='ltr'><strong>persequendum</strong></span> <span class='ocrx_word' id='word_1_122' title='bbox 1661 1862 1924 1928; x_wconf 88' lang='lat' dir='ltr'><strong>hostem</strong></span> <span class='ocrx_word' id='word_1_123' title='bbox 1941 1863 2237 1927; x_wconf 89' lang='lat' dir='ltr'><strong>animum</strong></span> <span class='ocrx_word' id='word_1_124' title='bbox 2267 1864 2502 1931; x_wconf 88' lang='lat' dir='ltr'><strong>incen-</strong></span> 
     </span>
     <span class='ocr_line' id='line_1_16' title="bbox 294 1964 2505 2051; baseline 0 -19"><span class='ocrx_word' id='word_1_125' title='bbox 294 1967 442 2032; x_wconf 87' lang='lat' dir='ltr'><strong>dit:</strong></span> <span class='ocrx_word' id='word_1_126' title='bbox 490 1967 745 2051; x_wconf 88' lang='lat' dir='ltr'><strong>quippe</strong></span> <span class='ocrx_word' id='word_1_127' title='bbox 792 1972 1021 2031; x_wconf 89' lang='lat' dir='ltr'><strong>urente</strong></span> <span class='ocrx_word' id='word_1_128' title='bbox 1066 1972 1132 2032; x_wconf 87' lang='lat' dir='ltr'><strong>et</strong></span> <span class='ocrx_word' id='word_1_129' title='bbox 1175 1966 1553 2051; x_wconf 87' lang='lat' dir='ltr'><strong>populante</strong></span> <span class='ocrx_word' id='word_1_130' title='bbox 1607 1985 1693 2031; x_wconf 89' lang='lat' dir='ltr'><strong>eo</strong></span> <span class='ocrx_word' id='word_1_131' title='bbox 1739 1970 2002 2043; x_wconf 86' lang='lat' dir='ltr'><strong>terram,</strong></span> <span class='ocrx_word' id='word_1_132' title='bbox 2050 1964 2505 2034; x_wconf 85' lang='lat' dir='ltr'><strong>festinandum</strong></span> 
     </span>
     <span class='ocr_line' id='line_1_17' title="bbox 292 2068 2507 2154; baseline 0 -19"><span class='ocrx_word' id='word_1_133' title='bbox 292 2075 458 2149; x_wconf 87' lang='lat' dir='ltr'><strong>erat,</strong></span> <span class='ocrx_word' id='word_1_134' title='bbox 513 2089 598 2134; x_wconf 90' lang='lat' dir='ltr'><strong>ne</strong></span> <span class='ocrx_word' id='word_1_135' title='bbox 648 2069 964 2134; x_wconf 87' lang='lat' dir='ltr'><strong>incendio</strong></span> <span class='ocrx_word' id='word_1_136' title='bbox 994 2077 1266 2136; x_wconf 72' lang='lat' dir='ltr'><strong>cuncta</strong></span> <span class='ocrx_word' id='word_1_137' title='bbox 1324 2069 1758 2154; x_wconf 72' lang='lat' dir='ltr'><strong>praeriperet.r</strong></span> <span class='ocrx_word' id='word_1_138' title='bbox 1845 2070 1950 2133; x_wconf 88' lang='grc'><strong>14.</strong></span> <span class='ocrx_word' id='word_1_139' title='bbox 2001 2068 2083 2133; x_wconf 86' lang='lat' dir='ltr'><strong>In</strong></span> <span class='ocrx_word' id='word_1_140' title='bbox 2142 2068 2463 2136; x_wconf 82' lang='lat' dir='ltr'><strong>rationem</strong></span> <span class='ocrx_word' id='word_1_141' title='bbox 2486 2083 2507 2111; x_wconf 77' lang='lat'>⁵</span> 
     </span>
    </p>
   </div>
   <div class='ocr_carea' id='block_1_3' title="bbox 354 2255 1368 2319">
    <p class='ocr_par' dir='ltr' id='par_1_3' title="bbox 354 2255 1368 2319">
     <span class='ocr_line' id='line_1_18' title="bbox 354 2255 1368 2319; baseline 0.003 -15"><span class='ocrx_word' id='word_1_142' title='bbox 354 2260 385 2295; x_wconf 67' lang='grc' dir='ltr'><strong><em>ἕ</em></strong></span> <span class='ocrx_word' id='word_1_143' title='bbox 418 2255 585 2305; x_wconf 76' lang='lat' dir='ltr'><strong>Instar</strong></span> <span class='ocrx_word' id='word_1_144' title='bbox 603 2257 770 2319; x_wconf 81' lang='lat' dir='ltr'><strong>magni</strong></span> <span class='ocrx_word' id='word_1_145' title='bbox 790 2255 1029 2306; x_wconf 75' lang='lat' dir='ltr'><strong>exercitus</strong></span> <span class='ocrx_word' id='word_1_146' title='bbox 1050 2255 1368 2316; x_wconf 76' lang='lat' dir='ltr'><strong>oisisuerant.</strong></span> 
     </span>
    </p>
   </div>
   <div class='ocr_carea' id='block_1_4' title="bbox 1202 2389 1570 2410">
    <p class='ocr_par' dir='ltr' id='par_1_4' title="bbox 1202 2389 1570 2410">
     <span class='ocr_line' id='line_1_19' title="bbox 1202 2389 1570 2410; baseline -0.005 0"><span class='ocrx_word' id='word_1_147' title='bbox 1202 2389 1570 2410; x_wconf 57' lang='grc' dir='ltr'><strong>ΜΝΜΝ</strong></span> 
     </span>
    </p>
   </div>
   <div class='ocr_carea' id='block_1_5' title="bbox 280 2484 2569 3338">
    <p class='ocr_par' dir='ltr' id='par_1_5' title="bbox 280 2484 2569 3338">
     <span class='ocr_line' id='line_1_20' title="bbox 285 2484 2501 2551; baseline 0.002 -18"><span class='ocrx_word' id='word_1_148' title='bbox 285 2484 337 2533; x_wconf 89' lang='grc'><strong>1.</strong></span> <span class='ocrx_word' id='word_1_149' title='bbox 367 2484 575 2536; x_wconf 81' lang='lat' dir='ltr'><strong>Darium</strong></span> <span class='ocrx_word' id='word_1_150' title='bbox 605 2488 983 2538; x_wconf 79' lang='lat' dir='ltr'><strong>advenere.-lo</strong></span> <span class='ocrx_word' id='word_1_151' title='bbox 1018 2488 1252 2539; x_wconf 88' lang='lat' dir='ltr'><strong>Florent.</strong></span> <span class='ocrx_word' id='word_1_152' title='bbox 1288 2489 1439 2541; x_wconf 87' lang='lat' dir='ltr'><strong>Leid.</strong></span> <span class='ocrx_word' id='word_1_153' title='bbox 1470 2490 1622 2540; x_wconf 74' lang='lat' dir='ltr'><strong>VosS.</strong></span> <span class='ocrx_word' id='word_1_154' title='bbox 1648 2494 1695 2538; x_wconf 86' lang='lat'><strong>1.</strong></span> <span class='ocrx_word' id='word_1_155' title='bbox 1719 2492 1769 2539; x_wconf 93' lang='grc'><strong>2.</strong></span> <span class='ocrx_word' id='word_1_156' title='bbox 1808 2490 1949 2539; x_wconf 85' lang='lat' dir='ltr'><strong>Dan.</strong></span> <span class='ocrx_word' id='word_1_157' title='bbox 1987 2489 2158 2551; x_wconf 67' lang='grc' dir='ltr'><strong>Βοῦς.</strong></span> <span class='ocrx_word' id='word_1_158' title='bbox 2193 2491 2249 2536; x_wconf 88' lang='lat' dir='ltr'><strong>et</strong></span> <span class='ocrx_word' id='word_1_159' title='bbox 2277 2486 2501 2537; x_wconf 84' lang='lat' dir='ltr'><strong>Theocr.</strong></span> 
     </span>
     <span class='ocr_line' id='line_1_21' title="bbox 286 2546 2499 2611; baseline 0.002 -13"><span class='ocrx_word' id='word_1_160' title='bbox 286 2546 555 2601; x_wconf 79' lang='lat' dir='ltr'><strong>Persarum</strong></span> <span class='ocrx_word' id='word_1_161' title='bbox 585 2558 845 2604; x_wconf 75' lang='lat' dir='ltr'><strong>moratores</strong></span> <span class='ocrx_word' id='word_1_162' title='bbox 860 2570 880 2611; x_wconf 92' lang='lat'><strong>‚·</strong></span> <span class='ocrx_word' id='word_1_163' title='bbox 933 2554 1072 2604; x_wconf 86' lang='lat' dir='ltr'><strong>unde</strong></span> <span class='ocrx_word' id='word_1_164' title='bbox 1112 2555 1357 2606; x_wconf 77' lang='lat' dir='ltr'><strong>Heinsius</strong></span> <span class='ocrx_word' id='word_1_165' title='bbox 1378 2556 1681 2607; x_wconf 53' lang='lat' dir='ltr'><strong>:veramne</strong></span> <span class='ocrx_word' id='word_1_166' title='bbox 1712 2558 1982 2604; x_wconf 75' lang='lat' dir='ltr'><strong>metatores.</strong></span> <span class='ocrx_word' id='word_1_167' title='bbox 2031 2552 2176 2603; x_wconf 88' lang='lat' dir='ltr'><strong>Leid.</strong></span> <span class='ocrx_word' id='word_1_168' title='bbox 2200 2557 2256 2600; x_wconf 88' lang='lat' dir='ltr'><strong>et</strong></span> <span class='ocrx_word' id='word_1_169' title='bbox 2277 2552 2426 2602; x_wconf 81' lang='lat' dir='ltr'><strong>Voss.</strong></span> <span class='ocrx_word' id='word_1_170' title='bbox 2451 2556 2499 2602; x_wconf 86' lang='lat'><strong>1.</strong></span> 
     </span>
     <span class='ocr_line' id='line_1_22' title="bbox 287 2616 2502 2684; baseline 0.001 -20"><span class='ocrx_word' id='word_1_171' title='bbox 287 2618 340 2664; x_wconf 90' lang='grc'><strong>2.</strong></span> <span class='ocrx_word' id='word_1_172' title='bbox 366 2618 530 2678; x_wconf 71' lang='lat' dir='ltr'><strong>magni</strong></span> <span class='ocrx_word' id='word_1_173' title='bbox 552 2618 776 2679; x_wconf 77' lang='lat' dir='ltr'><strong>agminis.</strong></span> <span class='ocrx_word' id='word_1_174' title='bbox 843 2620 1000 2671; x_wconf 85' lang='lat' dir='ltr'><strong>Voss.</strong></span> <span class='ocrx_word' id='word_1_175' title='bbox 1027 2624 1074 2669; x_wconf 88' lang='lat'><strong>1.</strong></span> <span class='ocrx_word' id='word_1_176' title='bbox 1098 2628 1154 2670; x_wconf 92' lang='lat' dir='ltr'><strong>et</strong></span> <span class='ocrx_word' id='word_1_177' title='bbox 1193 2621 1280 2670; x_wconf 85' lang='lat' dir='ltr'><strong>alii</strong></span> <span class='ocrx_word' id='word_1_178' title='bbox 1318 2622 1569 2684; x_wconf 81' lang='lat' dir='ltr'><strong>explorare</strong></span> <span class='ocrx_word' id='word_1_179' title='bbox 1605 2634 1733 2669; x_wconf 84' lang='lat' dir='ltr'><strong>vera.</strong></span> <span class='ocrx_word' id='word_1_180' title='bbox 1781 2619 2007 2668; x_wconf 85' lang='lat' dir='ltr'><strong>Florent.</strong></span> <span class='ocrx_word' id='word_1_181' title='bbox 2033 2616 2178 2667; x_wconf 82' lang='lat' dir='ltr'><strong>Leid.</strong></span> <span class='ocrx_word' id='word_1_182' title='bbox 2202 2616 2360 2666; x_wconf 78' lang='lat' dir='ltr'><strong>Voss.</strong></span> <span class='ocrx_word' id='word_1_183' title='bbox 2383 2621 2429 2666; x_wconf 90' lang='lat'><strong>1.</strong></span> <span class='ocrx_word' id='word_1_184' title='bbox 2452 2620 2502 2667; x_wconf 88' lang='grc'><strong>2.</strong></span> 
     </span>
     <span class='ocr_line' id='line_1_23' title="bbox 283 2679 2503 2751; baseline 0 -22"><span class='ocrx_word' id='word_1_185' title='bbox 283 2679 464 2744; x_wconf 85' lang='lat' dir='ltr'><strong>Sigeb.</strong></span> <span class='ocrx_word' id='word_1_186' title='bbox 484 2683 705 2734; x_wconf 83' lang='lat' dir='ltr'><strong>Theocr.</strong></span> <span class='ocrx_word' id='word_1_187' title='bbox 728 2685 907 2736; x_wconf 84' lang='lat' dir='ltr'><strong>Colon.</strong></span> <span class='ocrx_word' id='word_1_188' title='bbox 928 2695 984 2735; x_wconf 89' lang='lat' dir='ltr'><strong>et</strong></span> <span class='ocrx_word' id='word_1_189' title='bbox 1010 2686 1145 2734; x_wconf 83' lang='lat' dir='ltr'><strong>Dan.</strong></span> <span class='ocrx_word' id='word_1_190' title='bbox 1170 2692 1420 2749; x_wconf 75' lang='lat' dir='ltr'><strong>augentur,</strong></span> <span class='ocrx_word' id='word_1_191' title='bbox 1435 2684 1571 2751; x_wconf 89' lang='lat' dir='ltr'><strong>quod</strong></span> <span class='ocrx_word' id='word_1_192' title='bbox 1589 2685 1783 2734; x_wconf 86' lang='lat' dir='ltr'><strong>Heum.</strong></span> <span class='ocrx_word' id='word_1_193' title='bbox 1804 2692 1860 2734; x_wconf 87' lang='lat' dir='ltr'><strong>et</strong></span> <span class='ocrx_word' id='word_1_194' title='bbox 1883 2684 1967 2733; x_wconf 85' lang='lat' dir='ltr'><strong>aiii</strong></span> <span class='ocrx_word' id='word_1_195' title='bbox 1987 2681 2279 2733; x_wconf 83' lang='lat' dir='ltr'><strong>defendunt</strong></span> <span class='ocrx_word' id='word_1_196' title='bbox 2296 2697 2321 2741; x_wconf 55' lang='grc' dir='ltr'><strong>ςΑ</strong></span> <span class='ocrx_word' id='word_1_197' title='bbox 2347 2680 2503 2730; x_wconf 84' lang='lat' dir='ltr'><strong>Udal.</strong></span> 
     </span>
     <span class='ocr_line' id='line_1_24' title="bbox 288 2745 2500 2815; baseline 0 -22"><span class='ocrx_word' id='word_1_198' title='bbox 288 2745 412 2796; x_wconf 85' lang='lat' dir='ltr'><strong>Pal.</strong></span> <span class='ocrx_word' id='word_1_199' title='bbox 438 2752 487 2798; x_wconf 90' lang='lat'><strong>1.</strong></span> <span class='ocrx_word' id='word_1_200' title='bbox 512 2748 658 2797; x_wconf 79' lang='lat' dir='ltr'><strong>Pith.</strong></span> <span class='ocrx_word' id='word_1_201' title='bbox 679 2749 805 2799; x_wconf 80' lang='lat' dir='ltr'><strong>Put.</strong></span> <span class='ocrx_word' id='word_1_202' title='bbox 829 2752 997 2814; x_wconf 84' lang='lat' dir='ltr'><strong>Boug.</strong></span> <span class='ocrx_word' id='word_1_203' title='bbox 1022 2752 1221 2800; x_wconf 83' lang='lat' dir='ltr'><strong>Fauch.</strong></span> <span class='ocrx_word' id='word_1_204' title='bbox 1247 2750 1346 2801; x_wconf 88' lang='lat' dir='ltr'><strong>Ed.</strong></span> <span class='ocrx_word' id='word_1_205' title='bbox 1372 2766 1451 2815; x_wconf 87' lang='lat' dir='ltr'><strong>pr.</strong></span> <span class='ocrx_word' id='word_1_206' title='bbox 1475 2752 1668 2800; x_wconf 83' lang='lat' dir='ltr'><strong>Venet.</strong></span> <span class='ocrx_word' id='word_1_207' title='bbox 1688 2750 1846 2803; x_wconf 85' lang='lat' dir='ltr'><strong>Rom.</strong></span> <span class='ocrx_word' id='word_1_208' title='bbox 1874 2755 1930 2798; x_wconf 88' lang='lat' dir='ltr'><strong>et</strong></span> <span class='ocrx_word' id='word_1_209' title='bbox 1946 2749 2143 2798; x_wconf 84' lang='lat' dir='ltr'><strong>Veron.</strong></span> <span class='ocrx_word' id='word_1_210' title='bbox 2164 2751 2463 2808; x_wconf 72' lang='lat' dir='ltr'><strong>augurantur</strong></span> <span class='ocrx_word' id='word_1_211' title='bbox 2479 2763 2500 2804; x_wconf 82' lang='lat'><strong>,-</strong></span> 
     </span>
     <span class='ocr_line' id='line_1_25' title="bbox 288 2809 2502 2880; baseline 0 -21"><span class='ocrx_word' id='word_1_212' title='bbox 288 2809 674 2864; x_wconf 77' lang='lat' dir='ltr'><strong>Freinshemius</strong></span> <span class='ocrx_word' id='word_1_213' title='bbox 696 2817 831 2880; x_wconf 85' lang='lat' dir='ltr'><strong>conj.</strong></span> <span class='ocrx_word' id='word_1_214' title='bbox 843 2817 1147 2880; x_wconf 77' lang='lat' dir='ltr'><strong>figurantur.</strong></span> <span class='ocrx_word' id='word_1_215' title='bbox 1215 2815 1351 2866; x_wconf 85' lang='lat' dir='ltr'><strong>Vide</strong></span> <span class='ocrx_word' id='word_1_216' title='bbox 1379 2816 1506 2866; x_wconf 88' lang='lat' dir='ltr'><strong>Not.</strong></span> <span class='ocrx_word' id='word_1_217' title='bbox 1529 2816 1656 2868; x_wconf 86' lang='lat' dir='ltr'><strong>Var.</strong></span> <span class='ocrx_word' id='word_1_218' title='bbox 1687 2817 1703 2843; x_wconf 92' lang='lat'>‘</span> <span class='ocrx_word' id='word_1_219' title='bbox 1722 2815 1822 2865; x_wconf 87' lang='lat' dir='ltr'><strong>Vel</strong></span> <span class='ocrx_word' id='word_1_220' title='bbox 1850 2829 1966 2864; x_wconf 83' lang='lat' dir='ltr'><strong>curn</strong></span> <span class='ocrx_word' id='word_1_221' title='bbox 1993 2813 2189 2874; x_wconf 88' lang='lat' dir='ltr'><strong>Cunze,</strong></span> <span class='ocrx_word' id='word_1_222' title='bbox 2215 2826 2343 2861; x_wconf 85' lang='lat' dir='ltr'><strong>voce</strong></span> <span class='ocrx_word' id='word_1_223' title='bbox 2366 2811 2502 2872; x_wconf 79' lang='lat' dir='ltr'><strong>falsa</strong></span> 
     </span>
     <span class='ocr_line' id='line_1_26' title="bbox 287 2878 2503 2945; baseline 0 -20"><span class='ocrx_word' id='word_1_224' title='bbox 287 2884 477 2940; x_wconf 87' lang='lat' dir='ltr'><strong>quarto</strong></span> <span class='ocrx_word' id='word_1_225' title='bbox 501 2893 627 2928; x_wconf 80' lang='lat' dir='ltr'><strong>casn</strong></span> <span class='ocrx_word' id='word_1_226' title='bbox 660 2890 848 2945; x_wconf 81' lang='lat' dir='ltr'><strong>sumta,</strong></span> <span class='ocrx_word' id='word_1_227' title='bbox 877 2882 943 2931; x_wconf 80' lang='lat' dir='ltr'><strong>ad</strong></span> <span class='ocrx_word' id='word_1_228' title='bbox 980 2887 1280 2945; x_wconf 80' lang='lat' dir='ltr'><strong>augurantur</strong></span> <span class='ocrx_word' id='word_1_229' title='bbox 1314 2882 1529 2931; x_wconf 83' lang='lat' dir='ltr'><strong>subaudi</strong></span> <span class='ocrx_word' id='word_1_230' title='bbox 1570 2883 1586 2909; x_wconf 86' lang='lat'>‘</span> <span class='ocrx_word' id='word_1_231' title='bbox 1607 2881 1839 2930; x_wconf 81' lang='lat' dir='ltr'><strong>homines</strong></span> <span class='ocrx_word' id='word_1_232' title='bbox 1859 2879 1890 2942; x_wconf 83' lang='lat'><strong>3&#39;</strong></span> <span class='ocrx_word' id='word_1_233' title='bbox 1925 2879 2006 2929; x_wconf 83' lang='lat' dir='ltr'><strong>vel</strong></span> <span class='ocrx_word' id='word_1_234' title='bbox 2045 2893 2161 2929; x_wconf 89' lang='lat' dir='ltr'><strong>cum</strong></span> <span class='ocrx_word' id='word_1_235' title='bbox 2186 2878 2335 2928; x_wconf 81' lang='lat' dir='ltr'><strong>Voss.</strong></span> <span class='ocrx_word' id='word_1_236' title='bbox 2359 2881 2408 2926; x_wconf 85' lang='lat'><strong>1.</strong></span> <span class='ocrx_word' id='word_1_237' title='bbox 2444 2884 2503 2926; x_wconf 83' lang='lat' dir='ltr'><strong>et</strong></span> 
     </span>
     <span class='ocr_line' id='line_1_27' title="bbox 287 2943 2499 3013; baseline 0 -23"><span class='ocrx_word' id='word_1_238' title='bbox 287 2943 403 2991; x_wconf 84' lang='lat' dir='ltr'><strong>aliis</strong></span> <span class='ocrx_word' id='word_1_239' title='bbox 420 2944 627 2994; x_wconf 83' lang='lat' dir='ltr'><strong>scribe:</strong></span> <span class='ocrx_word' id='word_1_240' title='bbox 660 2948 924 3010; x_wconf 68' lang='lat' dir='ltr'><strong>explorare,</strong></span> <span class='ocrx_word' id='word_1_241' title='bbox 964 2955 1023 2997; x_wconf 87' lang='lat' dir='ltr'><strong>ut</strong></span> <span class='ocrx_word' id='word_1_242' title='bbox 1060 2947 1142 2998; x_wconf 83' lang='lat' dir='ltr'><strong>abi</strong></span> <span class='ocrx_word' id='word_1_243' title='bbox 1163 2949 1409 3013; x_wconf 80' lang='lat' dir='ltr'><strong>explorare</strong></span> <span class='ocrx_word' id='word_1_244' title='bbox 1432 2948 1630 2997; x_wconf 84' lang='lat' dir='ltr'><strong>dictum</strong></span> <span class='ocrx_word' id='word_1_245' title='bbox 1669 2948 1756 3008; x_wconf 86' lang='lat' dir='ltr'><strong>sit,</strong></span> <span class='ocrx_word' id='word_1_246' title='bbox 1793 2959 1887 3010; x_wconf 87' lang='lat' dir='ltr'><strong>pro</strong></span> <span class='ocrx_word' id='word_1_247' title='bbox 1917 2947 1933 2973; x_wconf 88' lang='lat'>‘</span> <span class='ocrx_word' id='word_1_248' title='bbox 1953 2944 2040 3010; x_wconf 88' lang='lat' dir='ltr'><strong>qui</strong></span> <span class='ocrx_word' id='word_1_249' title='bbox 2082 2943 2355 3008; x_wconf 81' lang='lat' dir='ltr'><strong>explorare</strong></span> <span class='ocrx_word' id='word_1_250' title='bbox 2394 2955 2499 2991; x_wconf 85' lang='lat' dir='ltr'><strong>non</strong></span> 
     </span>
     <span class='ocr_line' id='line_1_28' title="bbox 285 3009 2498 3075; baseline 0 -18"><span class='ocrx_word' id='word_1_251' title='bbox 285 3009 545 3070; x_wconf 60' lang='lat' dir='ltr'><strong>possunt?</strong></span> <span class='ocrx_word' id='word_1_252' title='bbox 562 3009 577 3033; x_wconf 73' lang='lat'><em>⁹</em></span> <span class='ocrx_word' id='word_1_253' title='bbox 627 3010 1049 3064; x_wconf 54' lang='lat' dir='ltr'><strong>&amp;liminiana—ll</strong></span> <span class='ocrx_word' id='word_1_254' title='bbox 1088 3012 1236 3064; x_wconf 85' lang='lat' dir='ltr'><strong>Leid.</strong></span> <span class='ocrx_word' id='word_1_255' title='bbox 1274 3018 1330 3063; x_wconf 88' lang='lat' dir='ltr'><strong>et</strong></span> <span class='ocrx_word' id='word_1_256' title='bbox 1359 3013 1517 3063; x_wconf 87' lang='lat' dir='ltr'><strong>Voss.</strong></span> <span class='ocrx_word' id='word_1_257' title='bbox 1564 3017 1604 3062; x_wconf 85' lang='lat'><strong>1.</strong></span> <span class='ocrx_word' id='word_1_258' title='bbox 1647 3012 1775 3075; x_wconf 81' lang='lat' dir='ltr'><strong>cepit</strong></span> <span class='ocrx_word' id='word_1_259' title='bbox 1813 3012 1950 3060; x_wconf 83' lang='lat' dir='ltr'><strong>alios.</strong></span> <span class='ocrx_word' id='word_1_260' title='bbox 2001 3010 2234 3060; x_wconf 86' lang='lat' dir='ltr'><strong>Florent.</strong></span> <span class='ocrx_word' id='word_1_261' title='bbox 2273 3009 2498 3058; x_wconf 84' lang='lat' dir='ltr'><strong>Theocr.</strong></span> 
     </span>
     <span class='ocr_line' id='line_1_29' title="bbox 284 3073 2499 3141; baseline 0 -18"><span class='ocrx_word' id='word_1_262' title='bbox 284 3073 434 3125; x_wconf 84' lang='lat' dir='ltr'><strong>Leid.</strong></span> <span class='ocrx_word' id='word_1_263' title='bbox 457 3075 606 3125; x_wconf 85' lang='lat' dir='ltr'><strong>Voss.</strong></span> <span class='ocrx_word' id='word_1_264' title='bbox 633 3082 680 3128; x_wconf 92' lang='lat'><strong>1.</strong></span> <span class='ocrx_word' id='word_1_265' title='bbox 704 3082 752 3128; x_wconf 90' lang='grc'><strong>2.</strong></span> <span class='ocrx_word' id='word_1_266' title='bbox 774 3079 916 3129; x_wconf 80' lang='lat' dir='ltr'><strong>Dan.</strong></span> <span class='ocrx_word' id='word_1_267' title='bbox 942 3087 997 3129; x_wconf 87' lang='lat' dir='ltr'><strong>et</strong></span> <span class='ocrx_word' id='word_1_268' title='bbox 1018 3079 1185 3141; x_wconf 82' lang='lat' dir='ltr'><strong>Bong.</strong></span> <span class='ocrx_word' id='word_1_269' title='bbox 1208 3079 1455 3129; x_wconf 85' lang='lat' dir='ltr'><strong>omittunt</strong></span> <span class='ocrx_word' id='word_1_270' title='bbox 1477 3079 1619 3127; x_wconf 76' lang='lat' dir='ltr'><strong>simul</strong></span> <span class='ocrx_word' id='word_1_271' title='bbox 1642 3087 1762 3128; x_wconf 81' lang='lat' dir='ltr'><strong>ante</strong></span> <span class='ocrx_word' id='word_1_272' title='bbox 1800 3077 2238 3141; x_wconf 65' lang='lat' dir='ltr'><strong>speculatum—12</strong></span> <span class='ocrx_word' id='word_1_273' title='bbox 2275 3074 2430 3123; x_wconf 81' lang='lat' dir='ltr'><strong>Voss.</strong></span> <span class='ocrx_word' id='word_1_274' title='bbox 2449 3076 2499 3123; x_wconf 87' lang='grc'><strong>2.</strong></span> 
     </span>
     <span class='ocr_line' id='line_1_30' title="bbox 283 3139 2569 3205; baseline -0.001 -17"><span class='ocrx_word' id='word_1_275' title='bbox 283 3141 495 3189; x_wconf 76' lang='lat' dir='ltr'><strong>nondum</strong></span> <span class='ocrx_word' id='word_1_276' title='bbox 511 3144 575 3192; x_wconf 84' lang='lat' dir='ltr'><strong>ad</strong></span> <span class='ocrx_word' id='word_1_277' title='bbox 594 3143 976 3203; x_wconf 44' lang='lat' dir='ltr'><strong>&amp;aerioma-13</strong></span> <span class='ocrx_word' id='word_1_278' title='bbox 1013 3144 1160 3194; x_wconf 85' lang='lat' dir='ltr'><strong>Leid.</strong></span> <span class='ocrx_word' id='word_1_279' title='bbox 1180 3151 1237 3195; x_wconf 85' lang='lat' dir='ltr'><strong>et</strong></span> <span class='ocrx_word' id='word_1_280' title='bbox 1258 3145 1410 3194; x_wconf 87' lang='lat' dir='ltr'><strong>Voss.</strong></span> <span class='ocrx_word' id='word_1_281' title='bbox 1430 3148 1476 3194; x_wconf 90' lang='lat'><strong>1.</strong></span> <span class='ocrx_word' id='word_1_282' title='bbox 1497 3144 1764 3193; x_wconf 77' lang='lat' dir='ltr'><strong>habundare</strong></span> <span class='ocrx_word' id='word_1_283' title='bbox 1781 3146 2033 3205; x_wconf 80' lang='lat' dir='ltr'><strong>coeperunt.</strong></span> <span class='ocrx_word' id='word_1_284' title='bbox 2072 3141 2302 3190; x_wconf 87' lang='lat' dir='ltr'><strong>Florent.</strong></span> <span class='ocrx_word' id='word_1_285' title='bbox 2332 3139 2408 3188; x_wconf 86' lang='lat' dir='ltr'><strong>Ea</strong></span> <span class='ocrx_word' id='word_1_286' title='bbox 2425 3152 2502 3188; x_wconf 78' lang='lat' dir='ltr'><strong>res</strong></span> <span class='ocrx_word' id='word_1_287' title='bbox 2564 3156 2569 3157; x_wconf 45' lang='lat'><em>⁷</em></span> 
     </span>
     <span class='ocr_line' id='line_1_31' title="bbox 282 3204 2500 3272; baseline 0 -20"><span class='ocrx_word' id='word_1_288' title='bbox 282 3204 399 3267; x_wconf 73' lang='lat' dir='ltr'><strong>ipsi.</strong></span> <span class='ocrx_word' id='word_1_289' title='bbox 466 3207 618 3258; x_wconf 84' lang='lat' dir='ltr'><strong>Voss.</strong></span> <span class='ocrx_word' id='word_1_290' title='bbox 638 3212 688 3258; x_wconf 84' lang='grc'><strong>2.</strong></span> <span class='ocrx_word' id='word_1_291' title='bbox 711 3223 771 3258; x_wconf 77' lang='grc' dir='ltr'><strong>πε</strong></span> <span class='ocrx_word' id='word_1_292' title='bbox 792 3210 1079 3260; x_wconf 78' lang='lat' dir='ltr'><strong>incendium.</strong></span> <span class='ocrx_word' id='word_1_293' title='bbox 1147 3211 1313 3272; x_wconf 87' lang='lat' dir='ltr'><strong>Bong.</strong></span> <span class='ocrx_word' id='word_1_294' title='bbox 1338 3211 1571 3260; x_wconf 86' lang='lat' dir='ltr'><strong>Florent.</strong></span> <span class='ocrx_word' id='word_1_295' title='bbox 1604 3208 1749 3259; x_wconf 87' lang='lat' dir='ltr'><strong>Leid.</strong></span> <span class='ocrx_word' id='word_1_296' title='bbox 1782 3210 1932 3258; x_wconf 85' lang='lat' dir='ltr'><strong>Voss.</strong></span> <span class='ocrx_word' id='word_1_297' title='bbox 1956 3212 2005 3256; x_wconf 91' lang='lat'><strong>1.</strong></span> <span class='ocrx_word' id='word_1_298' title='bbox 2045 3213 2099 3255; x_wconf 89' lang='lat' dir='ltr'><strong>et</strong></span> <span class='ocrx_word' id='word_1_299' title='bbox 2125 3205 2294 3270; x_wconf 85' lang='lat' dir='ltr'><strong>Lngd.</strong></span> <span class='ocrx_word' id='word_1_300' title='bbox 2331 3209 2500 3253; x_wconf 71' lang='lat' dir='ltr'><strong>meta</strong></span> 
     </span>
     <span class='ocr_line' id='line_1_32' title="bbox 280 3270 2499 3338; baseline -0.001 -16"><span class='ocrx_word' id='word_1_301' title='bbox 280 3272 720 3336; x_wconf 78' lang='lat' dir='ltr'><strong>proeciperet.-14</strong></span> <span class='ocrx_word' id='word_1_302' title='bbox 754 3276 901 3327; x_wconf 86' lang='lat' dir='ltr'><strong>Leid.</strong></span> <span class='ocrx_word' id='word_1_303' title='bbox 935 3277 1169 3326; x_wconf 82' lang='lat' dir='ltr'><strong>Florent.</strong></span> <span class='ocrx_word' id='word_1_304' title='bbox 1190 3277 1342 3326; x_wconf 85' lang='lat' dir='ltr'><strong>Voss.</strong></span> <span class='ocrx_word' id='word_1_305' title='bbox 1367 3281 1414 3326; x_wconf 95' lang='lat'><strong>1.</strong></span> <span class='ocrx_word' id='word_1_306' title='bbox 1437 3280 1487 3327; x_wconf 86' lang='grc'><strong>2.</strong></span> <span class='ocrx_word' id='word_1_307' title='bbox 1522 3277 1658 3325; x_wconf 84' lang='lat' dir='ltr'><strong>Dan.</strong></span> <span class='ocrx_word' id='word_1_308' title='bbox 1681 3281 1737 3323; x_wconf 86' lang='lat' dir='ltr'><strong>et</strong></span> <span class='ocrx_word' id='word_1_309' title='bbox 1771 3275 1949 3338; x_wconf 67' lang='lat' dir='ltr'><strong>Bong..</strong></span> <span class='ocrx_word' id='word_1_310' title='bbox 1967 3287 2106 3322; x_wconf 83' lang='lat' dir='ltr'><strong>versa</strong></span> <span class='ocrx_word' id='word_1_311' title='bbox 2127 3275 2215 3320; x_wconf 79' lang='lat' dir='ltr'><strong>est.</strong></span> <span class='ocrx_word' id='word_1_312' title='bbox 2280 3270 2499 3319; x_wconf 86' lang='lat' dir='ltr'><strong>Theocr.</strong></span> 
     </span>
    </p>
   </div>
   <div class='ocr_carea' id='block_1_6' title="bbox 1286 3423 1510 3475">
    <p class='ocr_par' dir='ltr' id='par_1_6' title="bbox 1286 3423 1510 3475">
     <span class='ocr_line' id='line_1_33' title="bbox 1286 3423 1510 3475; baseline -0.004 0"><span class='ocrx_word' id='word_1_313' title='bbox 1286 3423 1510 3475; x_wconf 83' lang='lat' dir='ltr'><strong>NOTAE</strong></span> 
     </span>
    </p>
   </div>
   <div class='ocr_carea' id='block_1_7' title="bbox 275 3534 2498 4384">
    <p class='ocr_par' dir='ltr' id='par_1_7' title="bbox 275 3534 2498 4146">
     <span class='ocr_line' id='line_1_34' title="bbox 345 3534 2498 3607; baseline -0.002 -18"><span class='ocrx_word' id='word_1_314' title='bbox 345 3545 375 3581; x_wconf 73' lang='grc' dir='ltr'><strong>Ρ</strong></span> <span class='ocrx_word' id='word_1_315' title='bbox 407 3537 776 3602; x_wconf 71' lang='lat' dir='ltr'><strong>Exploratores]</strong></span> <span class='ocrx_word' id='word_1_316' title='bbox 821 3539 1137 3603; x_wconf 81' lang='lat' dir='ltr'><strong>Bongarsius</strong></span> <span class='ocrx_word' id='word_1_317' title='bbox 1161 3539 1349 3605; x_wconf 85' lang='lat' dir='ltr'><strong>aliique</strong></span> <span class='ocrx_word' id='word_1_318' title='bbox 1428 3545 1529 3591; x_wconf 84' lang='lat' dir='ltr'><strong>tur.</strong></span> <span class='ocrx_word' id='word_1_319' title='bbox 1584 3535 1963 3588; x_wconf 79' lang='lat' dir='ltr'><strong>Freinshemius</strong></span> <span class='ocrx_word' id='word_1_320' title='bbox 1982 3541 2151 3607; x_wconf 78' lang='lat' dir='ltr'><strong>antem</strong></span> <span class='ocrx_word' id='word_1_321' title='bbox 2175 3534 2422 3599; x_wconf 82' lang='lat' dir='ltr'><strong>conjecit,</strong></span> <span class='ocrx_word' id='word_1_322' title='bbox 2441 3541 2498 3584; x_wconf 91' lang='lat' dir='ltr'><strong>et</strong></span> 
     </span>
     <span class='ocr_line' id='line_1_35' title="bbox 278 3610 2497 3683; baseline -0.004 -13"><span class='ocrx_word' id='word_1_323' title='bbox 278 3633 349 3670; x_wconf 81' lang='lat' dir='ltr'><strong>ex</strong></span> <span class='ocrx_word' id='word_1_324' title='bbox 373 3617 507 3667; x_wconf 85' lang='lat' dir='ltr'><strong>Mss.</strong></span> <span class='ocrx_word' id='word_1_325' title='bbox 533 3625 794 3681; x_wconf 82' lang='lat' dir='ltr'><strong>reponunt</strong></span> <span class='ocrx_word' id='word_1_326' title='bbox 823 3623 1096 3676; x_wconf 80' lang='lat' dir='ltr'><strong>moratores,</strong></span> <span class='ocrx_word' id='word_1_327' title='bbox 1119 3619 1215 3669; x_wconf 81' lang='lat' dir='ltr'><strong>hoc</strong></span> <span class='ocrx_word' id='word_1_328' title='bbox 1250 3624 1351 3682; x_wconf 86' lang='lat' dir='ltr'><strong>est,</strong></span> <span class='ocrx_word' id='word_1_329' title='bbox 1431 3625 1678 3683; x_wconf 79' lang='lat' dir='ltr'><strong>tanquam</strong></span> <span class='ocrx_word' id='word_1_330' title='bbox 1703 3614 2002 3666; x_wconf 86' lang='lat' dir='ltr'><strong>Curtianum</strong></span> <span class='ocrx_word' id='word_1_331' title='bbox 2029 3610 2256 3671; x_wconf 83' lang='lat' dir='ltr'><strong>admisit,</strong></span> <span class='ocrx_word' id='word_1_332' title='bbox 2269 3610 2497 3676; x_wconf 74' lang='lat' dir='ltr'><strong>figuran-</strong></span> 
     </span>
     <span class='ocr_line' id='line_1_36' title="bbox 277 3695 1531 3760; baseline 0.001 -16"><span class='ocrx_word' id='word_1_333' title='bbox 277 3695 370 3760; x_wconf 87' lang='lat' dir='ltr'><strong>qui</strong></span> <span class='ocrx_word' id='word_1_334' title='bbox 393 3695 601 3745; x_wconf 83' lang='lat' dir='ltr'><strong>caeteris</strong></span> <span class='ocrx_word' id='word_1_335' title='bbox 631 3696 830 3745; x_wconf 81' lang='lat' dir='ltr'><strong>tardius</strong></span> <span class='ocrx_word' id='word_1_336' title='bbox 866 3696 1210 3758; x_wconf 83' lang='lat' dir='ltr'><strong>recederent3</strong></span> <span class='ocrx_word' id='word_1_337' title='bbox 1246 3712 1350 3760; x_wconf 86' lang='lat' dir='ltr'><strong>qno</strong></span> <span class='ocrx_word' id='word_1_338' title='bbox 1432 3700 1531 3745; x_wconf 80' lang='lat' dir='ltr'><strong>tar.</strong></span> 
     </span>
     <span class='ocr_line' id='line_1_37' title="bbox 276 3765 2494 3839; baseline -0.001 -18"><span class='ocrx_word' id='word_1_339' title='bbox 276 3787 437 3822; x_wconf 83' lang='lat' dir='ltr'><strong>sensu</strong></span> <span class='ocrx_word' id='word_1_340' title='bbox 458 3788 559 3823; x_wconf 80' lang='lat' dir='ltr'><strong>vox</strong></span> <span class='ocrx_word' id='word_1_341' title='bbox 581 3788 645 3823; x_wconf 85' lang='lat' dir='ltr'><strong>ea</strong></span> <span class='ocrx_word' id='word_1_342' title='bbox 665 3773 860 3838; x_wconf 83' lang='lat' dir='ltr'><strong>legitur</strong></span> <span class='ocrx_word' id='word_1_343' title='bbox 878 3775 1014 3838; x_wconf 82' lang='lat' dir='ltr'><strong>apud</strong></span> <span class='ocrx_word' id='word_1_344' title='bbox 1040 3773 1241 3827; x_wconf 85' lang='lat' dir='ltr'><strong>Livium</strong></span> <span class='ocrx_word' id='word_1_345' title='bbox 1259 3775 1349 3825; x_wconf 86' lang='lat' dir='ltr'><strong>lib.</strong></span> <span class='ocrx_word' id='word_1_346' title='bbox 1496 3779 1516 3805; x_wconf 77' lang='lat'><strong>¹⁸</strong></span> <span class='ocrx_word' id='word_1_347' title='bbox 1537 3773 1854 3839; x_wconf 71' lang='lat' dir='ltr'><strong>Praeriperet]</strong></span> <span class='ocrx_word' id='word_1_348' title='bbox 1879 3773 2088 3824; x_wconf 80' lang='lat' dir='ltr'><strong>Radero</strong></span> <span class='ocrx_word' id='word_1_349' title='bbox 2108 3765 2397 3830; x_wconf 79' lang='lat' dir='ltr'><strong>elegantius</strong></span> <span class='ocrx_word' id='word_1_350' title='bbox 2418 3769 2494 3819; x_wconf 85' lang='lat' dir='ltr'><strong>vi·</strong></span> 
     </span>
     <span class='ocr_line' id='line_1_38' title="bbox 277 3847 2496 3917; baseline -0.002 -16"><span class='ocrx_word' id='word_1_351' title='bbox 277 3864 405 3902; x_wconf 79' lang='lat' dir='ltr'><strong>xxr.</strong></span> <span class='ocrx_word' id='word_1_352' title='bbox 440 3850 581 3917; x_wconf 87' lang='lat' dir='ltr'><strong>qnod</strong></span> <span class='ocrx_word' id='word_1_353' title='bbox 617 3850 824 3915; x_wconf 84' lang='lat' dir='ltr'><strong>quidem</strong></span> <span class='ocrx_word' id='word_1_354' title='bbox 864 3851 978 3902; x_wconf 86' lang='lat' dir='ltr'><strong>istis</strong></span> <span class='ocrx_word' id='word_1_355' title='bbox 1023 3851 1189 3916; x_wconf 85' lang='lat' dir='ltr'><strong>magis</strong></span> <span class='ocrx_word' id='word_1_356' title='bbox 1231 3866 1350 3902; x_wconf 85' lang='lat' dir='ltr'><strong>con·</strong></span> <span class='ocrx_word' id='word_1_357' title='bbox 1430 3851 1586 3902; x_wconf 87' lang='lat' dir='ltr'><strong>detur</strong></span> <span class='ocrx_word' id='word_1_358' title='bbox 1618 3853 1894 3917; x_wconf 64' lang='lat' dir='ltr'><strong>praeciperet</strong></span> <span class='ocrx_word' id='word_1_359' title='bbox 1906 3867 1927 3910; x_wconf 88' lang='lat'><strong>,·</strong></span> <span class='ocrx_word' id='word_1_360' title='bbox 1965 3849 2102 3916; x_wconf 90' lang='lat' dir='ltr'><strong>quod</strong></span> <span class='ocrx_word' id='word_1_361' title='bbox 2138 3847 2294 3898; x_wconf 86' lang='lat' dir='ltr'><strong>etiam</strong></span> <span class='ocrx_word' id='word_1_362' title='bbox 2337 3847 2496 3912; x_wconf 83' lang='lat' dir='ltr'><strong>aliqui</strong></span> 
     </span>
     <span class='ocr_line' id='line_1_39' title="bbox 275 3922 2498 3995; baseline -0.002 -18"><span class='ocrx_word' id='word_1_363' title='bbox 275 3943 469 3992; x_wconf 79' lang='lat' dir='ltr'><strong>gruere</strong></span> <span class='ocrx_word' id='word_1_364' title='bbox 493 3928 721 3992; x_wconf 84' lang='lat' dir='ltr'><strong>videtur,</strong></span> <span class='ocrx_word' id='word_1_365' title='bbox 744 3929 832 3995; x_wconf 86' lang='lat' dir='ltr'><strong>qui</strong></span> <span class='ocrx_word' id='word_1_366' title='bbox 855 3944 958 3981; x_wconf 85' lang='lat' dir='ltr'><strong>non</strong></span> <span class='ocrx_word' id='word_1_367' title='bbox 986 3929 1051 3979; x_wconf 83' lang='lat' dir='ltr'><strong>ad</strong></span> <span class='ocrx_word' id='word_1_368' title='bbox 1077 3929 1348 3995; x_wconf 74' lang='lat' dir='ltr'><strong>explorari·</strong></span> <span class='ocrx_word' id='word_1_369' title='bbox 1432 3934 1541 3977; x_wconf 90' lang='lat' dir='ltr'><strong>tum</strong></span> <span class='ocrx_word' id='word_1_370' title='bbox 1565 3929 1691 3979; x_wconf 86' lang='lat' dir='ltr'><strong>Mss.</strong></span> <span class='ocrx_word' id='word_1_371' title='bbox 1728 3934 1838 3978; x_wconf 84' lang='lat' dir='ltr'><strong>tum</strong></span> <span class='ocrx_word' id='word_1_372' title='bbox 1871 3925 2111 3992; x_wconf 81' lang='lat' dir='ltr'><strong>impressi</strong></span> <span class='ocrx_word' id='word_1_373' title='bbox 2146 3922 2262 3975; x_wconf 86' lang='lat' dir='ltr'><strong>libri</strong></span> <span class='ocrx_word' id='word_1_374' title='bbox 2284 3924 2498 3989; x_wconf 84' lang='lat' dir='ltr'><strong>habent,</strong></span> 
     </span>
     <span class='ocr_line' id='line_1_40' title="bbox 275 4005 1816 4069; baseline 0.001 -14"><span class='ocrx_word' id='word_1_375' title='bbox 275 4005 422 4069; x_wconf 77' lang='lat' dir='ltr'><strong>dum,</strong></span> <span class='ocrx_word' id='word_1_376' title='bbox 445 4007 539 4056; x_wconf 83' lang='lat' dir='ltr'><strong>sed</strong></span> <span class='ocrx_word' id='word_1_377' title='bbox 572 4006 637 4069; x_wconf 86' lang='lat' dir='ltr'><strong>ad</strong></span> <span class='ocrx_word' id='word_1_378' title='bbox 678 4008 976 4058; x_wconf 82' lang='lat' dir='ltr'><strong>vastitatem</strong></span> <span class='ocrx_word' id='word_1_379' title='bbox 1015 4015 1071 4059; x_wconf 86' lang='lat' dir='ltr'><strong>et</strong></span> <span class='ocrx_word' id='word_1_380' title='bbox 1105 4006 1349 4059; x_wconf 86' lang='lat' dir='ltr'><strong>incendia</strong></span> <span class='ocrx_word' id='word_1_381' title='bbox 1431 4005 1617 4056; x_wconf 87' lang='lat' dir='ltr'><strong>eodem</strong></span> <span class='ocrx_word' id='word_1_382' title='bbox 1642 4020 1816 4056; x_wconf 85' lang='lat' dir='ltr'><strong>sensu.</strong></span> 
     </span>
     <span class='ocr_line' id='line_1_41' title="bbox 275 4073 2495 4146; baseline -0.003 -12"><span class='ocrx_word' id='word_1_383' title='bbox 275 4080 525 4134; x_wconf 79' lang='lat' dir='ltr'><strong>facienda</strong></span> <span class='ocrx_word' id='word_1_384' title='bbox 546 4073 663 4135; x_wconf 81' lang='lat' dir='ltr'><strong>cum</strong></span> <span class='ocrx_word' id='word_1_385' title='bbox 684 4086 888 4136; x_wconf 83' lang='lat' dir='ltr'><strong>Mazaeo</strong></span> <span class='ocrx_word' id='word_1_386' title='bbox 911 4085 1080 4136; x_wconf 84' lang='lat' dir='ltr'><strong>relicti</strong></span> <span class='ocrx_word' id='word_1_387' title='bbox 1101 4093 1267 4136; x_wconf 80' lang='lat' dir='ltr'><strong>erant.</strong></span> <span class='ocrx_word' id='word_1_388' title='bbox 1494 4091 1514 4116; x_wconf 82' lang='lat'>⁸</span> <span class='ocrx_word' id='word_1_389' title='bbox 1547 4085 1607 4134; x_wconf 87' lang='lat' dir='ltr'><strong>In</strong></span> <span class='ocrx_word' id='word_1_390' title='bbox 1654 4081 1909 4146; x_wconf 76' lang='lat' dir='ltr'><strong>rationem]</strong></span> <span class='ocrx_word' id='word_1_391' title='bbox 1966 4080 2271 4133; x_wconf 83' lang='lat' dir='ltr'><strong>Necessitas</strong></span> <span class='ocrx_word' id='word_1_392' title='bbox 2322 4078 2495 4144; x_wconf 85' lang='lat' dir='ltr'><strong>prohi-</strong></span> 
     </span>
    </p>

    <p class='ocr_par' dir='ltr' id='par_1_8' title="bbox 279 4156 2496 4384">
     <span class='ocr_line' id='line_1_42' title="bbox 343 4156 2496 4231; baseline -0.003 -19"><span class='ocrx_word' id='word_1_393' title='bbox 343 4168 374 4231; x_wconf 24' lang='lat'><strong>‘1-</strong></span> <span class='ocrx_word' id='word_1_394' title='bbox 405 4161 729 4224; x_wconf 72' lang='lat' dir='ltr'><strong>Augurantur</strong></span> <span class='ocrx_word' id='word_1_395' title='bbox 762 4162 1045 4228; x_wconf 75' lang='lat' dir='ltr'><strong>[augentur]</strong></span> <span class='ocrx_word' id='word_1_396' title='bbox 1101 4162 1187 4213; x_wconf 82' lang='lat' dir='ltr'><strong>Ita</strong></span> <span class='ocrx_word' id='word_1_397' title='bbox 1232 4164 1349 4213; x_wconf 88' lang='lat' dir='ltr'><strong>Mo·</strong></span> <span class='ocrx_word' id='word_1_398' title='bbox 1427 4161 1589 4211; x_wconf 85' lang='lat' dir='ltr'><strong>bendi</strong></span> <span class='ocrx_word' id='word_1_399' title='bbox 1622 4161 1784 4212; x_wconf 86' lang='lat' dir='ltr'><strong>hostis</strong></span> <span class='ocrx_word' id='word_1_400' title='bbox 1818 4176 1885 4211; x_wconf 88' lang='lat' dir='ltr'><strong>ne</strong></span> <span class='ocrx_word' id='word_1_401' title='bbox 1917 4159 2088 4212; x_wconf 80' lang='lat' dir='ltr'><strong>omnia</strong></span> <span class='ocrx_word' id='word_1_402' title='bbox 2119 4156 2362 4209; x_wconf 87' lang='lat' dir='ltr'><strong>incendio</strong></span> <span class='ocrx_word' id='word_1_403' title='bbox 2384 4171 2496 4207; x_wconf 85' lang='lat' dir='ltr'><strong>cor-</strong></span> 
     </span>
     <span class='ocr_line' id='line_1_43' title="bbox 279 4238 2493 4305; baseline -0.003 -17"><span class='ocrx_word' id='word_1_404' title='bbox 279 4238 395 4289; x_wconf 84' lang='lat' dir='ltr'><strong>dius</strong></span> <span class='ocrx_word' id='word_1_405' title='bbox 419 4246 475 4289; x_wconf 86' lang='lat' dir='ltr'><strong>et</strong></span> <span class='ocrx_word' id='word_1_406' title='bbox 498 4238 660 4305; x_wconf 79' lang='lat' dir='ltr'><strong>aliqui</strong></span> <span class='ocrx_word' id='word_1_407' title='bbox 696 4239 828 4291; x_wconf 87' lang='lat' dir='ltr'><strong>Mss.</strong></span> <span class='ocrx_word' id='word_1_408' title='bbox 863 4240 1057 4292; x_wconf 85' lang='lat' dir='ltr'><strong>rectius</strong></span> <span class='ocrx_word' id='word_1_409' title='bbox 1079 4255 1195 4290; x_wconf 90' lang='lat' dir='ltr'><strong>meo</strong></span> <span class='ocrx_word' id='word_1_410' title='bbox 1210 4240 1350 4304; x_wconf 71' lang='lat' dir='ltr'><strong>jndi-</strong></span> <span class='ocrx_word' id='word_1_411' title='bbox 1429 4246 1715 4302; x_wconf 85' lang='lat' dir='ltr'><strong>rumperet,</strong></span> <span class='ocrx_word' id='word_1_412' title='bbox 1738 4238 1789 4288; x_wconf 88' lang='lat' dir='ltr'><strong>in</strong></span> <span class='ocrx_word' id='word_1_413' title='bbox 1822 4238 2078 4290; x_wconf 82' lang='lat' dir='ltr'><strong>rationem</strong></span> <span class='ocrx_word' id='word_1_414' title='bbox 2099 4250 2248 4287; x_wconf 81' lang='lat' dir='ltr'><strong>versa</strong></span> <span class='ocrx_word' id='word_1_415' title='bbox 2269 4239 2351 4285; x_wconf 79' lang='lat' dir='ltr'><strong>est</strong></span> <span class='ocrx_word' id='word_1_416' title='bbox 2370 4246 2493 4300; x_wconf 86' lang='lat' dir='ltr'><strong>pro-</strong></span> 
     </span>
     <span class='ocr_line' id='line_1_44' title="bbox 281 4304 1807 4384; baseline 0 -19"><span class='ocrx_word' id='word_1_417' title='bbox 281 4315 359 4367; x_wconf 87' lang='lat' dir='ltr'><strong>cio</strong></span> <span class='ocrx_word' id='word_1_418' title='bbox 379 4308 535 4383; x_wconf 79' lang='lat' dir='ltr'><strong>quarn</strong></span> <span class='ocrx_word' id='word_1_419' title='bbox 558 4312 700 4383; x_wconf 84' lang='lat' dir='ltr'><strong>quod</strong></span> <span class='ocrx_word' id='word_1_420' title='bbox 715 4304 718 4313; x_wconf 45' lang='lat'>⁵</span> <span class='ocrx_word' id='word_1_421' title='bbox 732 4316 823 4368; x_wconf 79' lang='lat' dir='ltr'><strong>alii</strong></span> <span class='ocrx_word' id='word_1_422' title='bbox 858 4317 1072 4384; x_wconf 87' lang='lat' dir='ltr'><strong>habent,</strong></span> <span class='ocrx_word' id='word_1_423' title='bbox 1107 4332 1349 4381; x_wconf 78' lang='lat' dir='ltr'><strong>auguran-</strong></span> <span class='ocrx_word' id='word_1_424' title='bbox 1428 4317 1547 4382; x_wconf 83' lang='lat' dir='ltr'><strong>pins</strong></span> <span class='ocrx_word' id='word_1_425' title='bbox 1569 4314 1807 4382; x_wconf 84' lang='lat' dir='ltr'><strong>urgendi.</strong></span> 
     </span>
    </p>
   </div>
  </div>
 </body>
</html>
