2978 4933
808 979 1414 1050 ILLUSTRIUM
1456 983 1925 1054 VIRORUM

996 1237 1743 1330 JUDICIA

566 1628 571 1631 ,
668 1480 859 1639 ΠΕ
956 1533 1455 1620 QUINTO
1580 1535 2104 1613 CURTIo.

439 2012 729 2081 Antonii
773 2014 1176 2082 Panormitae
1220 2017 1288 2082 in
1335 2016 1637 2082 Facetiis
1681 2016 2016 2117 Alphonsi
2061 2015 2297 2101 Regis,

289 2129 295 2138 ⁵
347 2153 849 2218 AEono'rAnA'r
879 2152 1038 2218 Rex
1068 2153 1347 2240 Capuae,
1394 2162 1466 2220 et
1495 2153 1687 2221 multi
1715 2153 1932 2229 multa
1962 2174 2088 2238 pro
2118 2173 2250 2219 suo
2277 2153 2465 2237 quis—

271 2275 401 2339 (lufl
429 2256 705 2338 ingenio
741 2275 822 2320 ac
867 2257 1093 2321 studio
1137 2257 1620 2324 oblectamenta
1658 2277 1741 2323 ac
1772 2276 2050 2323 munera
2081 2274 2261 2339 aegro
2291 2254 2468 2338 Regi
2551 2258 2554 2261 ’
2625 2248 2639 2263 ’

275 2378 426 2424 cum
458 2357 946 2441 excogitarent,
975 2378 1101 2443 ego
1145 2379 1418 2444 quoque
1448 2381 1540 2425 ex
1571 2360 1809 2426 Caieta
1837 2360 2207 2426 accersitus
2238 2359 2470 2424 statim

271 2460 609 2540 advolavi,
637 2459 937 2527 deferens
969 2471 1040 2527 et
1068 2463 1218 2548 ipse
1239 2485 1502 2530 mecum
1531 2464 1825 2537 fomenta
1844 2469 1911 2529 et
1931 2462 2225 2530 medelas
2255 2482 2468 2539 meaS,

268 2565 402 2658 hoc
432 2570 540 2631 est
566 2564 850 2645 libellos,
893 2585 1068 2650 quos
1113 2565 1561 2651 intelligebam
1607 2568 1708 2634 illi
1756 2587 1956 2652 quam
1987 2567 2285 2632 maxime
2316 2567 2466 2649 pla-

269 2669 551 2747 cituroS,
581 2669 652 2733 in
683 2668 930 2751 quibus
975 2668 1066 2749 Q.
1114 2669 1444 2752 Curtium,
1487 2671 1689 2737 bonis
1726 2669 1839 2756 (ut
1880 2667 2099 2756 aiunt)
2142 2670 2469 2753 auspiciis

253 2759 754 2862 exhibendum,
782 2770 1078 2839 exhibui.
1154 2782 1161 2792 ²
1200 2845 1203 2848 ,
2136 2767 2140 2772 ’

429 2952 542 3017 Ex
577 2953 1052 3019 Bartholomaei
1085 2943 1369 3020 Merulae
1402 2953 1711 3039 Epistola
1740 2952 1976 3019 Curtio
2006 2953 2309 3039 praefixa.

351 3087 536 3152 Tum
592 3087 678 3152 de
739 3089 1175 3172 imperatoria
1212 3089 1457 3155 virtute
1506 3090 1682 3153 ultro
1727 3089 2028 3172 citroque
2072 3088 2283 3176 multa
2328 3105 2465 3151 ver-

269 3190 359 3255 ba
433 3190 742 3270 fecimus,
855 3189 1452 3275 Alexandrumque
1527 3192 1720 3256 illum
1798 3190 2274 3269 Macedonem,
2347 3188 2471 3272 qui

273 3292 530 3359 Rerum
576 3299 903 3375 gestarum
956 3293 1172 3376 gloria
1216 3296 1441 3378 magni
1487 3313 1858 3377 cognomen
1900 3294 2048 3370 sibi
2078 3291 2469 3370 vindicavit,

263 3396 524 3481 judicio
554 3395 962 3461 Hannibalis
1001 3395 1284 3462 ducibus
1333 3397 1588 3463 cunctis
1634 3398 2113 3481 praeferendum
2162 3394 2486 3464 arbitrati.

273 3520 526 3564 sumus.
615 3499 966 3584 Siquidem
995 3499 1065 3563 in
1088 3519 1173 3564 eo
1201 3501 1408 3565 fuisse
1425 3500 1822 3584 collegimus
1849 3505 2136 3586 quatuor
2165 3499 2286 3563 illa
2312 3517 2469 3582 quae

272 3601 341 3664 in
383 3603 1038 3686 consummatissimo
1086 3602 1493 3686 Imperatore
1540 3624 1677 3668 non
1723 3600 2085 3672 desiderari
2138 3601 2467 3684 scripsere

274 3701 807 3787 eloquentissimi
837 3704 1005 3787 viri3
1052 3703 1406 3770 scientiam
1455 3705 1716 3773 scilicet
1758 3706 1868 3796 reis
1890 3704 2224 3780 militariS,
2256 3701 2469 3766 virtu-

168 3820 180 3832 ·
277 3810 430 3885 tem,
462 3806 956 3885 auctoritatem,
1001 3827 1082 3873 ac
1108 3808 1527 3874 felicitatem.
1615 3808 1923 3892 Cumque
1952 3806 2106 3892 ejus
2135 3805 2279 3871 Res
2310 3824 2464 3889 ges-

276 3914 378 3972 tas
407 3928 451 3975 a
481 3908 570 3987 Q.
603 3906 838 3974 Curtio
868 3908 1362 3992 elegantissime
1406 3912 1819 3996 conscriptas
1848 3909 1970 3982 tibi
2013 3909 2305 3976 brevitet
2347 3928 2467 3973 ex-

276 4011 677 4094 posuissem,
725 4011 1044 4077 exarsisti
1089 4010 1468 4079 incredibili
1512 4014 1802 4099 quadam
1848 4014 2168 4099 cupidine
2199 4010 2465 4096 legendi

276 4113 785 4180 luculentissimi
812 4114 1183 4200 Scriptoris
1212 4115 1613 4184 Historiam.
1700 4115 2013 4183 Ceterum
2046 4108 2364 4200 quoniam
2393 4114 2467 4178 in

281 4233 360 4280 eo
387 4216 546 4284 loca
573 4218 789 4285 multa
830 4218 1196 4305 depravata
1241 4217 1646 4299 offenderas»,
1695 4218 2049 4305 injunxisti
2072 4213 2149 4287 ‘tu
2180 4215 2364 4296 mihi,
2393 4221 2470 4282 ut

401 4333 574 4397 Delph.
590 4340 639 4385 et
667 4337 785 4389 Vur.
807 4336 936 4387 Clas.
1006 4327 1007 4330 Ἴ
1273 4336 1336 4392 Q.
1363 4338 1505 4387 Cart.
2279 4333 2328 4383 D
