2978 4933
497 389 629 459 258
979 407 1046 467 Q·
1087 403 1356 454 cun'rn
1405 404 1590 454 num
1645 404 1787 452 me.
1834 400 1939 452 iv:
1982 404 2145 453 cAr.
2172 388 2236 453 5.

497 551 605 616 14.
635 548 1095 634 Amphoterus
1140 554 1207 614 et
1241 547 1676 631 Hegelochus
1722 557 1987 614 centum
2021 540 2379 629 sexaginta
2423 542 2690 612 navium

500 657 722 721 classe
736 655 994 719 insulas
1013 655 1177 720 inter
1190 652 1407 718 Achai
1416 661 1567 718 amm
1587 661 1793 738 atque
1815 651 2052 717 Asiam
2069 654 2138 716 in
2153 651 2471 715 ditionem
2487 649 2690 715 Alex-

501 759 686 827 andri
719 759 1125 841 redegerunt.
1193 758 1303 822 15.
1347 757 1661 822 Tenedon
1692 775 1964 841 quoque
1994 761 2269 838 recepto
2301 753 2567 830 Chium,
2597 756 2694 818 in-

503 863 671 927 colis
713 862 885 926 ultro
921 860 1341 939 vocantibuS‚
1390 865 1754 925 statuerant
1802 878 2178 941 occupare:
2224 856 2348 921 sed
2394 856 2696 923 Pharna-

501 967 717 1031 bazus
763 965 960 1035 Darii
991 970 1261 1048 praetor,
1295 963 1797 1046 comprehensis
1838 963 1958 1047 qui
2002 981 2114 1026 res
2157 960 2244 1026 ad
2278 959 2701 1026 Macedonas

499 1067 849 1133 trahebant
869 1067 918 1146 3*
962 1086 1190 1131 rursus
1220 1064 1617 1151 Apollonidi
1663 1072 1732 1130 et
1759 1064 2208 1148 Athanagorae
2246 1083 2520 1127 suarum
2551 1084 2703 1148 par..

502 1174 667 1245 tium
691 1170 875 1247 viriS,
907 1170 1137 1233 urbem
1170 1188 1322 1233 cum
1338 1168 1615 1234 modico
1634 1168 1951 1252 praesidio
1975 1168 2255 1232 militum
2278 1167 2502 1231 tradit.
2594 1167 2702 1232 16.-

502 1272 821 1340 Praefecti
854 1269 1221 1336 Alexandri
1252 1272 1317 1334 in
1350 1271 1709 1336 obsidione
1750 1271 1935 1336 urbis
1963 1271 2529 1354 perseverabant3
2575 1291 2704 1337 nou

501 1384 641 1442 tam
672 1377 815 1440 suis
847 1375 1126 1452 viribus,
1156 1393 1359 1458 quam
1415 1374 1742 1459 ipsorum,
1775 1374 1893 1458 qui
1932 1373 2435 1453 obsidebantur,
2463 1374 2703 1440 volum·
2772 1390 2783 1395 ·

570 1578 595 1612 ⁸
626 1581 701 1630 Iis
719 1581 799 1644 qui
821 1580 1069 1630 civitatem
1084 1578 1138 1630 in
1160 1580 1469 1630 Macedonum
1482 1587 1647 1644 partes
1660 1579 1973 1645 impellebant.

506 1826 738 1876 Floreut.
762 1824 908 1875 Leid.
931 1830 986 1875 et
1004 1826 1153 1876 Voss.
1175 1826 1411 1891 Hydarne
1434 1826 1558 1875 Dar.
1589 1829 1808 1888 praetore.
1877 1825 1982 1875 Pro
2004 1826 2227 1875 Miletum
2252 1827 2418 1887 Bong.
2443 1827 2495 1874 2.
2518 1823 2710 1874 habet:

504 1895 596 1941 duo
624 1892 828 1949 milita,-
862 1898 916 1940 et
939 1891 1279 1941 interlineas:
1318 1891 1393 1941 II.
1426 1891 1668 1947 miltum5
1703 1891 1869 1954 Bong.
1901 1895 1947 1940 1.
1986 1892 2064 1941 II.
2090 1891 2330 1949 miletum;
2363 1892 2517 1940 vose.
2544 1895 2594 1940 1.
2634 1890 2711 1938 ΙΙ.

505 1961 620 2008 duos
641 1957 881 2013 miletum3
905 1957 1133 2007 Florent.
1159 1965 1214 2006 et
1235 1957 1383 2006 Leid.
1403 1958 1478 2006 ΙΙ.
1501 1957 1614 2005 duos
1630 1956 1834 2006 militum
1846 1973 1865 2014 ,·
1889 1958 2079 2007 Fauch.
2095 1964 2151 2006 et
2169 1959 2308 2006 Dan.
2333 1960 2451 2005 duos
2467 1956 2712 2011 militum,-

508 2024 662 2072 Voss.
687 2026 734 2073 2.
773 2030 829 2071 et
852 2024 985 2071 Mer.
1028 2025 1119 2072 duo
1163 2023 1314 2071 millia
1349 2022 1554 2071 militum
1566 2037 1586 2078 ‚·
1620 2021 1742 2070 Ald.
1776 2027 1984 2085 praetore
2027 2024 2095 2071 D.
2115 2038 2155 2072 s.
2180 2023 2368 2085 Hegep.
2392 2022 2713 2084 Amphoterus

506 2093 554 2137 et
588 2089 813 2137 Miletum
839 2089 961 2151 cepit
995 2092 1328 2137 centum—14
1362 2088 1528 2146 Bong.
1563 2087 1688 2135 Bas.
1708 2087 1845 2135 Mer.
1871 2096 1926 2136 et
1950 2087 2062 2138 Col.
2083 2088 2256 2150 Amph.
2276 2093 2325 2136 et
2343 2088 2589 2148 Egilogus
2608 2100 2713 2134 cen·

505 2160 639 2210 tum,·
673 2154 811 2202 Dan.
834 2154 1029 2203 omittit
1051 2159 1099 2203 et
1122 2159 1242 2201 ante
1267 2152 1599 2214 Hegelochus,·
1632 2152 1788 2202 Frob.
1827 2153 1939 2203 Elz.
1972 2152 2140 2203 Amst.
2175 2159 2229 2202 et
2262 2153 2427 2212 Lugd.
2462 2151 2647 2215 Amph.
2668 2156 2715 2202 et

507 2219 766 2280 Egilochus
787 2223 1004 2277 centum,·
1040 2220 1193 2267 Voss.
1216 2222 1263 2267 2.
1299 2217 1575 2279 Amfoterus
1596 2223 1641 2267 et
1666 2217 1894 2279 Egilocus
1914 2224 2099 2267 centum
2119 2223 2166 2267 et
2198 2217 2465 2279 sexaginta.
2539 2218 2713 2278 Bong-

507 2288 553 2332 1.
590 2284 814 2332 omittit:
848 2290 989 2346 atque
1012 2282 1072 2332 A.
1097 2286 1150 2333 in
1171 2285 1219 2332 d.
1244 2283 1306 2333 A.
1331 2298 1372 2332 r.
1398 2283 1453 2334 T.
1476 2301 1522 2347 q.
1557 2289 1760 2345 recepta.
1829 2283 1946 2332 Pal.
1975 2289 2022 2333 1.
2045 2284 2096 2332 in
2118 2283 2520 2332 dictionem—15
2567 2283 2714 2332 Tene,

503 2349 595 2397 don
618 2364 792 2412 quoque
812 2349 1018 2411 hostium
1038 2350 1378 2411 receptaculum
1399 2347 1568 2398 incolis
1588 2350 1732 2410 ultro,
1754 2349 1836 2410 ἅμ.
1874 2348 1970 2397 Ed.
1994 2364 2074 2412 pr.
2093 2349 2282 2399 Venet.
2304 2349 2450 2397 Rom.
2472 2348 2602 2398 Vet.
2632 2361 2711 2397 an.

507 2417 651 2464 1474.
720 2413 936 2463 Mediol.
971 2421 1027 2463 et
1048 2414 1245 2462 Veron.
1278 2415 1493 2464 Tenedon
1527 2428 1700 2477 quoque
1731 2418 1967 2477 receptum
1999 2414 2166 2463 incolis
2194 2416 2340 2464 ultro.
2411 2413 2524 2462 Col.
2564 2417 2713 2465 15⁷9.

503 2478 670 2543 Lugd.
696 2484 841 2529 1584.
865 2484 1008 2530 1588.
1047 2484 1191 2529 1591.
1232 2485 1287 2527 et
1321 2479 1491 2528 Amst.
1532 2482 1676 2528 1621.
1717 2482 1864 2528 1628.
1900 2485 2044 2530 1629.
2085 2484 2232 2531 1686.
2302 2480 2533 2528 Florent·
2564 2480 2712 2532 Leia.

504 2546 728 2595 vesal.
754 2551 801 2595 2.
827 2555 881 2595 et
914 2546 1081 2608 Bong.
1118 2546 1461 2608 receptaculum
1502 2544 1774 2604 exhibent,
1813 2546 1904 2595 sed
1944 2547 2190 2595 omittunt
2224 2545 2446 2595 hostium.
2519 2545 2714 2593 Multae

501 2610 622 2660 edd.
645 2618 762 2674 post
783 2610 1044 2660 Modiam:
1078 2616 1343 2660 statuerant
1364 2616 1412 2660 et
1440 2608 1612 2659 Chium
1633 2625 1886 2674 occupare5
1913 2612 2046 2660 Dan.
2074 2612 2189 2680 Pal.
2217 2616 2263 2661 1.
2289 2611 2526 2660 Florent.
2571 2610 2717 2661 Leid.

499 2677 652 2728 Vasa.
676 2680 722 2726 1.
747 2681 795 2725 2.
849 2675 970 2725 Ald.
995 2677 1114 2727 Bas.
1136 2678 1274 2725 Mer.
1294 2683 1348 2725 et
1366 2677 1475 2725 Col.
1498 2680 1768 2725 statuerant
1790 2691 2028 2739 occupare.
2085 2677 2222 2726 Vide
2245 2675 2373 2725 Not.
2388 2677 2512 2723 Var.
2551 2676 2569 2702 ‘
2592 2676 2713 2725 Hoc

497 2742 635 2805 loco,
659 2741 712 2790 in
735 2742 878 2791 libris
904 2743 1010 2791 anti
1053 2742 1128 2790 uis
1153 2742 1564 2804 corruptissimo,
1588 2741 1864 2820 lectioqem
1890 2742 2275 2791 Gronovianam
2301 2740 2461 2792 dedi?
2495 2739 2713 2799 Schmief

498 2809 597 2855 der.
669 2808 948 2857 Macedones
984 2808 1027 2856 F
1050 2813 1218 2856 orent.
1259 2807 1405 2857 Leid.
1442 2807 1589 2856 Voss.
1614 2811 1663 2855 2.
1702 2813 1756 2855 et
1795 2805 1917 2856 Ald.
1941 2807 2205 2871 Apolliniai
2231 2808 2458 2856 Florent.
2483 2806 2635 2856 Leid.
2659 2815 2715 2857 et

496 2873 650 2922 Voss.
677 2876 722 2921 l.
741 2876 792 2921 2.
827 2871 1124 2935 Appollinidi
1148 2870 1260 2922 Col.
1290 2873 1584 2934 Nathagorae
1604 2873 1758 2921 Voss.
1780 2876 1828 2921 2.
1856 2873 2176 2934 Athenagoras
2201 2873 2367 2935 Lugd.
2393 2876 2541 2921 1584.
2564 2876 2713 2928 1588,

500 2939 645 2984 1691.
670 2942 723 2984 et
749 2937 917 2986 Amst.
942 2941 1084 2988 1621.
1112 2941 1257 2986 1628.
1293 2941 1434 2986 1629.
1461 2941 1606 2987 1686.
1640 2937 1846 2986 tradidit
1867 2939 2016 2987 Voss.
2040 2942 2089 2987 2.
2114 2948 2166 2987 et
2191 2938 2464 2987 Mein—16
2498 2938 2641 2987 Mer.
2662 2937 2713 2987 in

496 3000 795 3051 obsidionem.
832 3003 984 3052 Voss.
1003 3006 1051 3053 2.
1072 2999 1270 3066 quami.
1293 3003 1393 3065 qui.
1437 3003 1667 3053 Florent.
1687 3001 1830 3053 Leid.
1850 3010 1903 3053 et
1922 3005 2073 3053 Voss.
2093 3007 2138 3053 1.
2160 3002 2505 3068 Apolliniden3
2535 3003 2711 3068 Bong,

1487 3122 1704 3175 NOTAE

491 3221 735 3271 Miletum
760 3222 967 3286 quidem
1002 3223 1113 3287 ipse
1136 3223 1437 3275 Alexander
1464 3239 1557 3275 ex-

494 3307 835 3363 pugnaverat,
868 3300 1053 3364 Suppl.
1090 3301 1180 3351 lib.
1205 3316 1268 3352 ιι.
1291 3317 1406 3366 cap.
1425 3306 1476 3351 7.
1501 3307 1557 3351 et

489 3375 895 3440 Paphlagoniam
934 3377 1203 3428 deditione
1242 3384 1556 3443 acceperat3

489 3467 589 3501 nec
624 3452 832 3502 dubium
856 3454 977 3518 quin
1014 3454 1326 3520 Lycaoniam
1349 3469 1556 3520 quoque

492 3528 795 3592 domuisset,
829 3545 944 3594 quae
979 3531 1208 3582 subactis
1239 3533 1304 3581 ab
1340 3547 1403 3581 eo
1439 3547 1554 3595 pro·

492 3606 676 3655 vinciis
699 3607 1061 3659 claudebatur.
1126 3610 1224 3658 Sed
1260 3610 1346 3660 illa
1380 3611 1555 3661 omnia

495 3696 583 3731 seu
607 3683 675 3745 vi,
699 3683 807 3732 sive
843 3700 937 3734 sua
962 3693 1148 3750 sponte
1169 3686 1232 3735 ad
1257 3687 1449 3737 Persas
1474 3702 1553 3736 re.

491 3759 711 3811 dieram.

555 3844 593 3869 m
628 3839 763 3890 Inter
797 3839 1051 3903 Achaiam]
1102 3839 1304 3892 Achaia
1343 3842 1554 3907 proprie

492 3913 686 3963 dicitur
730 3915 1079 3978 Peloponnesi
1124 3932 1244 3980 pars
1285 3919 1393 3980 illa,
1432 3934 1550 3984 quae

494 3991 776 4041 secundnm
822 3992 1208 4043 Corinthiacum
1254 3996 1420 4044 sinum
1462 4011 1552 4045 ex·

488 4068 754 4118 tenditur:
789 4069 946 4117 latius
982 4084 1103 4122 vero
1139 4080 1361 4137 accepta
1385 4080 1551 4123 totum

486 4144 632 4193 illum
673 4144 896 4194 Graeciae
934 4152 1152 4196 tractum
1188 4150 1440 4207 continet,
1463 4151 1553 4215 qui

489 4220 667 4270 Hellas
685 4219 842 4270 etiam
861 4232 1205 4286 nuncupatur,
1225 4231 1279 4275 et
1298 4223 1554 4294 Atticam,

489 4297 762 4361 Boeotiam,
785 4311 846 4347 ac
863 4297 1155 4363 Locridem,
1175 4303 1269 4352 διο.
1291 4304 1552 4368 complec-

1639 3224 1785 3278 titur.
1850 3224 1997 3275 Inter
2035 3224 2170 3274 hanc
2210 3230 2264 3273 et
2301 3221 2485 3272 Asiam
2531 3224 2711 3286 plures

1637 3309 1760 3351 sunt
1778 3302 1973 3366 insulae,
1995 3301 2281 3368 Cycladum
2303 3301 2601 3367 praesertim
2624 3315 2714 3357 no-

1637 3379 1774 3428 mine
1797 3380 2203 3443 comprehensae.

1700 3463 1724 3489 ¹²
1751 3458 1956 3522 Tenedo]
1975 3458 2126 3507 Hanc
2149 3456 2402 3508 Gronovii
2420 3456 2710 3508 lectionem

1636 3534 1827 3583 ceteris
1852 3534 2045 3583 idcirco
2064 3532 2400 3597 pra-ferimus,
2417 3533 2542 3597 qnia
2565 3533 2712 3584 nulla

1635 3614 1720 3659 est
1763 3610 1865 3659 alia
1899 3625 2017 3675 quae
2041 3610 2125 3660 vel
2160 3608 2537 3659 Grammaticus
2579 3608 2710 3672 legi-

1636 3685 1747 3743 bus,
1770 3687 1851 3734 vel
1890 3686 2142 3737 Curtiauo
2178 3687 2332 3750 stylo,
2368 3686 2451 3735 vel
2480 3685 2710 3750 antiquis

1636 3761 1776 3829 libris
1801 3777 1903 3812 non
1930 3769 2146 3829 pugnet.
2212 3762 2293 3812 Ac
2334 3777 2446 3825 quae
2483 3775 2709 3825 sequun-

1635 3843 1720 3887 tur
1743 3839 1868 3890 satis
1883 3839 2115 3889 indicant
2135 3853 2236 3890 non
2261 3838 2326 3887 ad
2340 3837 2590 3888 Tenedon
2610 3836 2707 3887 sed

1634 3916 1699 3965 ad
1721 3917 1882 3968 Chion
1903 3923 2113 3967 vocatos
2133 3931 2244 3966 esse
2260 3916 2324 3965 ab
2343 3916 2546 3965 incolis.
2569 3914 2585 3941 ‘
2601 3914 2705 3966 Te·

1632 3997 1833 4058 nedos,'
1875 3999 2045 4063 inquit
2086 3997 2358 4061 Virgilius,
2401 3997 2417 4023 ‘
2439 3995 2704 4044 notissima

1631 4071 1769 4123 fama
1784 4074 1959 4125 Insula
1973 4074 2006 4136 ;'
2030 4089 2059 4123 e
2078 4075 2288 4137 regione
2301 4073 2495 4137 Trojae,
2517 4072 2702 4136 inipso

1633 4150 1961 4216 Hellesponti
2002 4151 2166 4203 aditu.
2250 4150 2419 4222 Chios]
2468 4150 2582 4200 Lib.
2611 4141 2701 4201 uit

1632 4242 1747 4294 cap.
1774 4232 1820 4280 1.
