2978 4933
1212 422 1661 474 naumurum.
2441 409 2489 473 9

290 571 460 636 satis
490 570 859 635 instructus
874 586 1057 652 esse;
1079 567 1390 651 debebat,
1411 587 1563 636 cum
1579 569 1727 654 jam
1748 567 2044 652 antiquis
2068 568 2488 653 temporibus

288 673 478 738 varia
506 678 575 738 et
602 673 814 738 multa
840 671 1020 737 falsa
1057 671 1141 736 de
1168 669 1569 738 Alexandro
1588 675 2027 750 narrarentur,
2050 692 2166 736 ex
2184 671 2492 756 liquidis--

288 776 483 841 simis
506 775 816 840 -fontibus
844 774 1128 854 haurire,
1156 774 1663 859 veritati‘quam
1706 774 2004 839 maxime
2045 771 2334 851 studere3
2355 796 2360 799 ’
2380 773 2486 837 id-

289 897 429 961 que
456 879 701 943 animo.
719 895 763 941 a
789 877 1079 961 partium
1107 875 1331 943 studio
1359 876 1675 960 omnique
1702 875 1949 941 affectu
1983 876 2198 941 alimo
2220 881 2484 956 rar-tem

288 978 584 1044 debebat
614 977 966 1043 ostendere
993 997 1133 1042 non
1160 977 1232 1043 in
1256 978 1460 1043 ¹rebus
1488 977 1924 1056 inveniendi&
1956 977 2170 1043 sedin
2201 977 2307 1057 iis,
2330 996 2485 1063 qnae

288 1087 507 1160 erant,
557 1082 780 1165 iisque
826 1081 1265 1164 gravioribus,
1328 1081 1710 1165 perspicue,
1756 1081 2050 1165 placide,
2095 1082 2488 1167 simpliciter

287 1182 643 1248 narrandis
669 1202 693 1264 ς
733 1183 974 1266 paucis
998 1182 1274 1266 defungi
1302 1182 1593 1248 debebat
1615 1183 1687 1247 in
1711 1185 1910 1250 rebus
1937 1185 2155 1248 minus
2180 1184 2488 1250 necessa-

289 1285 437 1363 riiS,
467 1304 596 1351 nec
627 1291 771 1351 erat
797 1287 1060 1370 quaevis
1104 1286 1377 1351 occasio
1421 1286 1821 1371 eloquentius
1861 1286 2278 1353 ostentandae
2323 1306 2488 1371 cap-

291 1388 524 1455 tanda.
610 1386 770 1453 Jam
800 1405 982 1467 vero,
1013 1387 1327 1453 excussis
1355 1387 1700 1472 diligenter
1726 1388 1916 1454 libris
1946 1385 2304 1468 Cumanis,
2332 1408 2481 1454 eum

294 1491 386 1556 ad
429 1489 816 1555 Historiam
842 1488 1264 1555 scribendam
1289 1509 1423 1554 non
1454 1490 1621 1555 satis
1649 1494 2094 1574 praeparatum
2123 1489 2338 1555 fuisse
2366 1508 2488 1574 pa-

290 1593 429 1658 lam
459 1599 590 1657 est.
677 1590 990 1658 Graecam
1017 1590 1342 1674 linguam,
1389 1612 1428 1657 e
1456 1609 1596 1676 qua
1623 1589 1995 1658 Alexandri
2025 1591 2336 1657 Historia
2364 1611 2492 1677 po-

295 1693 643 1760 tissimum·
680 1692 1178 1760 transcribenda
1203 1698 1366 1773 erat,
1411 1713 1549 1758 non
1591 1694 1760 1759 satis
1794 1694 2123 1775 callebat3
2167 1695 2267 1760 rei
2292 1694 2489 1760 belli-

294 1817 397 1863 cae
426 1796 539 1861 ita
556 1801 696 1861 erat
723 1795 1093 1881 imperitus,
1120 1802 1221 1860 ·ut
1257 1793 1508 1861 nullius
1533 1795 1674 1862 fere
1700 1797 1814 1862 ve'l
1841 1798 2061 1881 praelii
2091 1797 2203 1861 vel
2232 1796 2491 1862 obsidis

299 1900 451 1964 onis
481 1897 849 1983 descriptio
866 1944 869 1945 ν
888 1897 1060 1962 satis
1088 1897 1536 1982 intelligatur3
1578 1899 1954 1982 ignorantia
1982 1900 2051 1964 in
2078 1901 2276 1965 rebus
2303 1898 2490 1965 Geo-

293 1989 839 2086 graphicistanta
867 2007 998 2079 est,
1014 2005 1093 2064 ut
1117 2018 1253 2066 non
1277 1999 1482 2066 facile
1505 2002 1820 2086 reperias,
1848 2021 2049 2087 quem
2069 2002 2199 2068 hoc
2221 2002 2489 2067 nomine

297 2104 361 2167 ei
389 2111 789 2188 postponas»,
816 2104 938 2167 διο.
1029 2101 1413 2170 Historiam
1448 2104 1669 2189 ipsam
1713 2106 2077 2170 maximam
2107 2111 2369 2189 partem
2397 2121 2486 2168 ex

298 2203 546 2272 Graeco
578 2206 890 2270 Latinam
912 2203 1161 2293 fecisse
1190 2203 1499 2286 videtur3
1546 2206 1694 2270 sed·
1718 2206 1780 2271 si
1824 2226 1978 2272 cum
2009 2206 2159 2271 aliis
2192 2204 2489 2270 Histori-

300 2308 420 2385 cis,
464 2308 637 2373 forte
685 2308 954 2373 fortuna
999 2307 1089 2372 ad
1139 2313 1375 2374 nostra
1425 2315 1737 2394 tempora
1789 2327 2003 2393 nsque
2051 2308 2489 2384 conservatis,

300 2415 850 2494 comparaturrex
877 2408 1168 2475 turbidis
1193 2408 1582 2496 plerumque
1610 2411 1904 2479 fontibus
1924 2412 2231 2477 hausisse
2251 2411 2492 2476 merito

298 2514 622 2595 arguitur.
709 2507 1283 2596 Namqnesplures
1314 2532 1466 2578 eum
1499 2519 1806 2579 auctores
1848 2514 2194 2592 habuisse,
2243 2511 2492 2578 Clitar-

297 2616 510 2694 chum,
535 2616 967 2699 Timagenem
1013 2623 1087 2680 et
1134 2616 1608 2695 Ptolemaeum,
1654 2618 1801 2701 ipse
1828 2622 2113 2682 testatur
2142 2631 2255 2681 lx·
2286 2618 2352 2680 5.
2382 2616 2491 2680 21.

298 2718 674 2797 Ptolemaei,
731 2718 969 2803 optimi
1019 2717 1105 2783 de
1154 2716 1360 2784 Alex.
1400 2718 1755 2798 Historici‚
1811 2718 2101 2802 vestigia
2150 2717 2492 2800 aliquibus

296 2821 467 2887 locis
495 2820 832 2887 invenisse
876 2814 1056 2886 mihi*
1078 2819 1350 2902 videor3
1395 2819 1778 2885 Diodorum
1809 2819 2011 2885 etiam
2052 2817 2348 2885 Siculum
2392 2816 2492 2882 in-

295 2924 559 2989 terdum
586 2922 679 2989 ad
708 2923 985 2989 verbnm
1017 2922 1234 3001 vertit,
1265 2921 1417 2988 aliis
1448 2930 1671 2988 tamen
1700 2922 1876 2988 locis
1904 2922 2019 2989 vel
2045 2922 2266 2987 multo
2297 2920 2492 3004 copi-

298 3026 479 3091 osior
504 3026 576 3091 in
606 3024 886 3108 singulis
910 3031 1038 3103 est,
1069 3024 1175 3090 vel
1205 3041 1489 3109 prorsus
1520 3026 1607 3090 ab
1632 3036 1717 3089 eo
1747 3023 2081 3106 discedit3
2108 3042 2229 3088 nec
2261 3023 2491 3104 Hege-

299 3125 493 3207 siam,
521 3127 844 3194 tumidum
871 3126 1264 3211 scriptorem
1290 3126 1676 3211 neglexisse
1721 3126 2008 3205 videtur,
2051 3127 2164 3207 (de
2193 3144 2327 3209 quo
2347 3124 2491 3189 vid.

300 3230 402 3296 St.
443 3229 653 3296 Croix
694 3234 718 3265 ‘
743 3227 1099 3307 Examen,’
1139 3233 1263 3295 διο.
1294 3249 1363 3313 p.
1393 3228 1535 3315 15.)
1580 3230 1870 3313 plurima
1920 3246 2124 3307 veros
2152 3228 2223 3292 ni
2254 3225 2495 3306 «fallor,

301 3333 481 3398 sicut
509 3332 875 3412 Diodorus,
911 3331 1253 3399 Clitarcho
1284 3332 1515 3411 debet,
1564 3331 1914 3397 Historico
1945 3330 2210 3395 minime
2249 3330 2491 3413 proba-

298 3436 442 3514 bili,
471 3434 590 3513 (cf.
617 3436 717 3501 Sta
745 3432 1053 3519 Croix'p.
1083 3431 1227 3519 17.)
1268 3452 1357 3499 ex
1400 3432 1768 3518 Timagene
1810 3432 2096 3498 sortasse
2124 3438 2192 3500 et
2218 3429 2493 3515 reliquis

300 3536 559 3621 passim
588 3534 1295 3619 aliquidzintersetens.
1367 3534 1537 3601 Inde
1568 3536 1823 3601 sactum
1849 3540 1974 3615 est,
2006 3542 2091 3600 ut
2114 3533 2492 3619 aliquand0,

299 3659 450 3704 cum
482 3639 618 3705 duo
661 3645 971 3704 auctores
1000 3638 1278 3704 eandem
1308 3641 1584 3724 quidem
1610 3659 1772 3720 rem,
1801 3639 2073 3705 diverso
2103 3660 2260 3706 vero
2290 3639 2488 3703 modo

303 3747 661 3821 narrarent,
690 3741 964 3808 Curtius
990 3742 1395 3807 narrationes
1420 3741 1885 3827 discrepantes
1910 3743 1995 3806 de
2025 3742 2251 3806 eadem
2292 3759 2364 3805 re
2394 3741 2494 3805 ita

162 3849 169 3854 “
302 3849 649 3929 repeteret,
689 3849 1009 3927 tanquam·
1049 3849 1273 3908 essent
1321 3843 1407 3908 de
1455 3845 1738 3909 diversis
1783 3844 2006 3909 rebus.
2094 3842 2233 3908 Sed
2261 3851 2330 3908 et
2358 3842 2493 3909 alia

305 3947 515 4013 multa
539 3946 608 4010 in
640 3944 948 4011 Historia
987 3951 1059 4009 et
1099 3945 1171 4010 in
1199 3944 1773 4030 descriptionibus
1800 3965 2016 4011 rerum
2046 3945 2495 4011 memorabili·

307 4068 414 4112 um
461 4055 620 4114 cum
670 4048 942 4133 propria
991 4053 1134 4113 tum
1183 4054 1531 4114 auctorum
1583 4066 1852 4114 suorum
1903 4048 2111 4134 culpa
2158 4047 2490 4133 peccavit.

308 4148 447 4217 Vix
476 4151 605 4215 tria
633 4150 903 4216 memini
933 4149 1112 4227 loca,
1153 4149 1271 4214 ubi
1314 4150 1487 4228 falsa
1519 4170 1563 4217 a
1591 4151 1767 4216 veris
1796 4152 2171 4217 discernere
2202 4156 2492 4215 conatus

314 4253 442 4336 sit3
487 4255 639 4342 ipse
682 4252 907 4337 potius
952 4251 1219 4331 fatetur,
1272 4272 1347 4317 se
1391 4253 1586 4338 plura
1629 4256 2074 4321 transcribere
2103 4272 2304 4336 quam
2356 4270 2491 4315 cre·
