2978 4933
474 388 608 455 542
916 406 981 465 Q.
1023 399 1290 452 cunm
1340 401 1714 452 Rursus.
1765 402 1896 461 vn.
1947 405 2111 457 οΑι».
2149 391 2212 455 6.

472 551 681 616 alium
735 548 942 615 fuisse
1001 566 1268 631 regnum
1331 549 1863 632 occupaturum!
1949 551 2057 615 40.
2133 550 2229 615 A't
2281 549 2673 615 Alexander

472 653 865 731 Oxathrem,
892 652 1157 716 fratrem
1190 651 1408 729 Darii,
1452 671 1647 735 quem
1678 652 1850 716 inter
1878 652 2183 736 corporis
2213 653 2539 717 custodoe
2562 653 2677 716 ha-

473 757 698 835 bebat,
743 762 765 791 ‘
784 754 1101 840 propius’
1136 755 1346 840 jussit
1370 756 1733 836 accedere3
1778 757 2130 840 ‘tradique
2162 757 2454 821 Bessum
2482 758 2571 834 ei,
2601 763 2682 819 ut

472 859 659 925 cruci
700 859 1022 924 affixumv
1063 859 1391 924 mutilatis
1431 860 1705 923 auribus
1732 861 2145 943 naribusque
2174 860 2441 942 sagittis
2473 859 2681 923 confi·

475 971 703 1047 gerent
729 963 1043 1044 barbari3
1088 969 1644 1047 asservarentque
1689 983 1960 1047 corpuS,
1994 970 2070 1028 ut
2097 984 2178 1029 ne
2205 982 2368 1027 aves
2397 962 2678 1044 quidem

472 1065 988 1149 contingerent.’-
1056 1065 1389 1131 Oxathres
1438 1072 1460 1101 ‘
1481 1074 1708 1132 cetera
1747 1068 1878 1132 sibi
1918 1087 2095 1132 curae
2124 1066 2264 1131 sore
2291 1067 2676 1150 pollicetur.

475 1172 585 1236 41.
631 1169 821 1236 Aves
867 1190 1014 1236 non·
1045 1171 1134 1235 ab
1184 1170 1346 1248 alio,
1386 1190 1589 1256 quam
1654 1190 1696 1234 a
1746 1169 2004 1234 Catene
2041 1189 2249 1253 posse
2296 1168 2678 1253 prohiberi'

471 1272 745 1358 adjicit3
791 1275 1109 1340 eximiam
1158 1275 1306 1360 ejus
1357 1280 1562 1338 artem
1611 1274 1894 1357 cupiens
1939 1272 2342 1336 ostendere:
2389 1291 2676 1354 namque

477 1374 653 1440 adeo
688 1384 874 1441 certo
920 1378 1060 1442 ictu
1098 1376 1424 1440 destinata
1466 1375 1770 1451 feriebat,
1811 1380 1886 1439 ut
1914 1393 2078 1439 aves
2107 1394 2373 1459 quoque
2403 1376 2677 1457 excipe-

471 1485 634 1544 retff'
720 1479 827 1544 42.
875 1479 1055 1544 Nam
1083 1480 1215 1543 etsi
1243 1477 1543 1557 forsitan,
1565 1477 1925 1560 sagittandi
1956 1485 2099 1543 tam
2127 1478 2379 1543 celebri
2400 1496 2533 1540 usu
2554 1477 2679 1539 mi-

473 1600 606 1672 nus
637 1581 1054 1648 admirabilis
1089 1581 1300 1645 videri
1327 1581 1475 1645 haec
1500 1600 1612 1645 ars
1641 1580 1897 1664 possit3
1944 1588 2167 1645 tamen
2196 1581 2436 1662 ingens
2463 1580 2680 1643 visen-

473 1683 664 1749 tibus
691 1686 1108 1762 miraculum,
1137 1702 1513 1768 magnoque
1541 1683 1775 1748 honori
1807 1683 2049 1749 Cateni
2094 1683 2242 1747 fuit.
2330 1681 2440 1747 43.
2478 1683 2679 1746 Dona

475 1787 719 1852 deinde
757 1790 1082 1867 omnibuS,
1114 1789 1227 1871 qui
1269 1789 1557 1852 Bessum
1602 1784 2044 1865 adduxerant,
2069 1785 2230 1851 data
2259 1790 2435 1850 sunt.
2486 1785 2677 1849 Cete-

473 1910 623 1956 rum
658 1890 1067 1975 supplicium
1098 1890 1250 1976 ejus
1281 1890 1563 1968 distulit,
1608 1894 1631 1925 ‘
1650 1897 1731 1954 ut
1761 1910 1845 1955 eo
1873 1891 2083 1969 loco,¹
2124 1889 2194 1953 in
2225 1909 2360 1973 quo
2395 1890 2680 1953 Darium

473 1993 624 2076 ipse
656 1992 1011 2072 occiderat,
1035 1991 1428 2060 necaretur?

566 2112 666 2159 vt.
711 2098 773 2161 1.
805 2096 1068 2161 Interea
1098 2095 1516 2163 Macedones
1556 2097 1642 2162 ad
1684 2097 2042 2181 petendum
2076 2097 2402 2181 pabulum
2432 2099 2682 2162 incom-

471 2197 700 2280 posito
739 2199 999 2281 agmine
1036 2200 1311 2281 egressi,
1353 2219 1395 2263 a
1421 2200 1744 2278 barbariS,
1793 2201 1911 2284 qui
1964 2199 2050 2263 de
2104 2201 2435 2282 proximis
2490 2218 2679 2263 mon-

478 2299 663 2364 tibus
731 2301 1167 2382 decurrerunt,
1227 2305 1692 2388 opprimuntur
1723 2322 1741 2384 3
1816 2304 2175 2388 pluresque
2245 2303 2439 2385 capti
2502 2310 2677 2379 sunt,

486 2420 688 2485 quam
740 2405 994 2471 occisi:
1039 2405 1103 2471 2.
1147 2407 1412 2472 barbari
1460 2413 1705 2485 autem,
1746 2407 2061 2491 captivos
2100 2424 2242 2491 prae
2274 2425 2349 2470 se
2382 2410 2679 2488 agentes,

1397 2574 1610 2595 ‘mm
1613 2573 1764 2594 ’’’’’

476 2670 726 2722 Heinsius
749 2674 885 2738 conj.
909 2675 1087 2737 quodsi
1104 2680 1323 2724 cessasset
1340 2690 1361 2733 ,-
1384 2675 1520 2724 Mer.
1540 2674 1619 2737 qui
1637 2673 1681 2722 si
1699 2673 2062 2722 πεσέεται-40
2097 2667 2324 2716 Florent-
2350 2664 2502 2714 Leid-
2528 2666 2681 2716 Voss.

479 2740 529 2785 l.
551 2737 668 2787 Pal.
695 2742 741 2787 l.
765 2739 885 2788 Ald.
913 2739 1081 2789 Colin.
1114 2739 1316 2804 Gryph.
1342 2740 1498 2790 Frob.
1537 2740 1675 2789 Mer.
1709 2739 1831 2788 Bas.
1853 2742 1907 2784 et
1931 2734 2045 2783 Col.
2089 2734 2161 2781 Et
2181 2732 2455 2780 Alexander
2473 2747 2506 2788 ἕ.
2529 2732 2682 2782 Voss·

475 2805 527 2851 2.
550 2802 747 2853 omittit
767 2804 853 2853 At.
919 2805 1151 2853 Florent.
1185 2804 1333 2854 Leid.
1355 2806 1505 2853 Voss.
1533 2809 1581 2854 1.
1615 2810 1670 2853 et
1703 2804 1843 2854 Dan.
1882 2799 2139 2855 Otr-athen
2172 2798 2321 2845 Voss·
2353 2801 2402 2845 2·
2434 2796 2685 2854 Mentem:

478 2864 603 2915 Ald.
647 2868 944 2933 Oxyartem3
980 2868 1122 2918 Pith.
1166 2869 1449 2927 Oxarthen;
1483 2868 1673 2918 Fauch.
1719 2869 1945 2926 Oxatem,
1989 2864 2078 2912 sed
2126 2875 2377 2925 superscr.
2417 2874 2483 2918 r;
2520 2865 2685 2910 ceteri

471 2930 630 2982 codd.
664 2939 720 2982 et
752 2933 888 2983 Edd.
916 2935 1194 3000 Oxyatrem.
1261 2933 1574 2983 Plutarchus
1612 2934 1665 2983 in
1701 2930 2002 2982 Alexandro
2049 2928 2276 2975 Eaeatrem
2304 2933 2476 2974 vocat.
2544 2927 2685 2975 Mer.

480 2996 725 3059 traditque
757 2999 973 3048 Bessum.
1040 3001 1272 3049 Florent.
1302 3004 1355 3047 ιιι
1384 3014 1468 3048 neo
1489 3013 1618 3047 aves.
1685 2997 1793 3046 Alii
1821 2997 2067 3051 oxatres,-
2099 2993 2252 3040 Voss.
2274 2995 2322 3042 2.
2346 2991 2679 3039 Mentem-41

478 3058 630 3108 Mod.
654 3060 825 3111 Amst.
848 3070 901 3112 et
929 3063 1092 3126 Lugd.
1116 3064 1175 3112 ab
1202 3061 1297 3111 olio
1330 3064 1494 3112 melius
1527 3077 1683 3127 quom.
1750 3062 1867 3110 Vox
1891 3059 2057 3109 melius
2080 3070 2181 3106 non
2201 3054 2425 3103 habetur
2449 3056 2501 3103 in
2527 3055 2683 3103 codd.

478 3129 535 3171 et
570 3124 690 3175 edd.
718 3128 882 3190 antiq.
912 3129 1063 3177 Voss.
1102 3131 1148 3175 2.
1188 3132 1243 3175 et
1266 3127 1410 3177 Pith.
1440 3144 1471 3176 a
1509 3128 1752 3181 entheae,-
1786 3125 1941 3175 iidem
1976 3128 2030 3172 et
2063 3121 2257 3171 Fauch.
2289 3120 2500 3181 adimit,-
2537 3121 2685 3168 Leid.

475 3189 627 3238 Voss.
653 3193 699 3239 1.
725 3199 779 3240 et
801 3192 964 3255 Bong.
987 3196 1035 3239 1.
1060 3194 1107 3240 2.
1131 3192 1301 3244 adicit.
1351 3191 1504 3242 Voss.
1535 3199 1578 3241 1.
1598 3207 1796 3254 namque
1819 3190 2070 3239 idem—42
2105 3186 2337 3236 Florem.
2360 3184 2507 3234 Leid.
2533 3185 2681 3234 voss.

479 3257 529 3302 1.
552 3252 676 3304 Αιᾱ.
700 3256 867 3305 Coun.
890 3255 1088 3319 crypt».
1127 3256 1262 3305 Mer.
1295 3258 1419 3306 nas.
1451 3265 1506 3306 et
1533 3257 1646 3307 c01.
1681 3257 1812 3306 Nan·
1845 3255 1890 3304 ει·
1910 3252 2162 3315 forsitam,-
2194 3252 2347 3300 Voss·
2370 3254 2418 3298 2·
2469 3250 2709 3315 Namque

477 3319 571 3368 etsi
593 3320 808 3381 forsitan
827 3337 846 3379 ,-
879 3321 1047 3385 Bong.
1087 3322 1231 3371 Nunc
1249 3323 1293 3371 si
1312 3321 1564 3382 forsitam
1598 3321 1756 3371 Both.
1782 3321 1929 3382 legit,
1966 3318 2110 3367 Nunc
2145 3317 2239 3366 etsi
2260 3315 2494 3376 forsitan.
2565 3316 2683 3365 Flo-

478 3393 615 3435 rent.
641 3385 783 3435 Leid.
807 3387 957 3436 Voss.
982 3392 1029 3437 1.
1063 3390 1112 3435 2.
1148 3389 1281 3437 Dan.
1307 3388 1477 3451 Bong.
1502 3396 1557 3436 et
1580 3386 1717 3436 Mer.
1740 3385 1940 3447 sagittis
1970 3397 2064 3447 pro
2086 3381 2370 3445 sagittandi·
2441 3379 2592 3429 Leid-
2627 3389 2682 3430 et

475 3447 627 3498 Voss.
651 3455 697 3498 1.
717 3455 766 3501 2.
786 3465 868 3500 ors
890 3452 990 3500 haec
1025 3453 1188 3515 possit.
1259 3453 1372 3503 Pal.
1403 3458 1447 3502 1.
1468 3460 1525 3502 et
1547 3454 1716 3516 Bong.
1739 3456 1839 3500 tam
1858 3450 2028 3512 ingens
2040 3465 2061 3507 ,·
2097 3447 2242 3497 Leid.
2265 3446 2413 3495 Voss.
2440 3450 2487 3495 1.
2508 3446 2680 3509 Sigeb.

478 3519 532 3563 et
555 3512 691 3565 Dan.
712 3520 811 3564 tum
834 3516 1022 3578 iugem,
1046 3516 1180 3581 quod
1204 3520 1410 3582 recepit
1432 3519 1623 3568 Bothe.
1691 3517 1806 3566 Pal.
1827 3522 1874 3566 1.
1897 3516 2062 3564 honori
2078 3519 2250 3563 etatem
2262 3511 2383 3573 fuit.

545 3583 570 3628 1
607 3579 750 3630 Pith.
787 3583 970 3643 egressi
1004 3582 1312 3647 incomposito
1343 3584 1549 3646 agmine.
1614 3582 1770 3634 Voss..
1794 3587 1845 3651 2.
1880 3579 2075 3631 omittit
2105 3577 2527 3644 praepositionem
2561 3579 2678 3623 ante

1466 3727 1680 3778 NOTAE

540 3848 563 3872 V
599 3841 747 3890 Cruci
764 3842 982 3907 affixum]
1015 3842 1324 3893 Plutarchus
1359 3841 1537 3906 alliga·
1616 3843 1738 3892 illuc
1760 3841 1934 3891 fundis
1957 3855 2068 3891 esse
2090 3840 2331 3903 disjecta.

473 3920 588 3964 tum
611 3917 794 3968 scribit
815 3919 1011 3968 duabus
1042 3920 1305 3969 arboribus
1336 3919 1385 3967 vi
1420 3932 1536 3968 eur·
1680 3929 1712 3952 w
1748 3917 2030 3982 Exciperet]
2065 3916 2315 3966 volantes
2339 3928 2462 3964 sves
2487 3912 2676 3976 sagitta

475 3991 614 4040 vatis
633 3992 696 4040 ad
716 3993 965 4043 invicem:
992 3995 1175 4059 quibus
1190 3995 1377 4045 deinde
1395 3995 1536 4044 laxa·
1615 3993 1967 4058 transfigeret.
2494 4008 2495 4013 ’

473 4067 546 4116 tis
567 4067 770 4131 impetu
798 4068 1092 4133 discerptus
1119 4071 1204 4120 sit.
1268 4071 1534 4121 Diodorus
1680 4077 1706 4103 ⁸
1738 4072 1813 4120 Eo
1834 4070 1954 4133 loco]
1992 4058 2187 4119 Tamen
2210 4064 2432 4116 inferius
2455 4077 2570 4127 cap.
2594 4067 2671 4113 1⁰.

467 4144 958 4194 ‘omnicontumelise
983 4153 1036 4196 et
1055 4146 1313 4197 cruciatus
1341 4162 1535 4212 genere
1616 4148 1881 4198 Ecbatana
1918 4147 2122 4197 missum
2161 4145 2225 4195 ad
2264 4140 2573 4208 supplicium
2608 4139 2676 4188 vi·

479 4219 739 4286 affectum,
783 4228 967 4286 postea
1020 4224 1307 4274 minutatim
1362 4225 1534 4276 conci-
1615 4225 1863 4277 debimus.
2242 4230 2273 4245 ⁷*

478 4309 608 4361 sum,
646 4306 910 4361 postremo
953 4296 1119 4348 frusta
1159 4301 1391 4365 corporis
1434 4303 1535 4352 huc
