2978 4933
481 363 569 429 90
1115 426 1124 437 ,
1272 374 1332 422 s.
1382 373 1886 423 FREmsnEMn

484 519 798 581 transferre
825 517 1050 590 malint,
1081 534 1154 576 an
1187 514 1345 578 domi
1385 519 1670 598 accipere.
1752 519 1890 579 Non
1920 527 2146 579 veteres
2175 528 2402 580 tantum
2434 517 2680 598 injurias

485 615 877 678 vindicandas
905 635 1071 683 esse:
1118 614 1224 675 sed
1269 635 1535 694 praesens
1583 617 1844 678 dedecus
1889 617 2308 688 amoliendum,
2354 617 2572 695 ereptis
2605 634 2683 674 ex

487 716 802 776 Persarum
869 712 1149 775 servitute
1203 712 1431 773 Groecis
1483 714 1841 787 civitatibus,
1892 735 2026 793 quae
2077 714 2280 774 Asiam
2329 715 2684 774 incolerent.

488 812 975 874 Commodissime
1019 809 1079 870 id
1122 810 1247 870 fieri
1286 830 1488 890 posse,
1535 811 1698 885 dum,
1737 812 2078 892 compositis
2120 812 2181 871 in
2218 812 2453 872 Graecia
2479 813 2687 884 rebus,

486 912 788 973 universas
817 909 1056 971 vires‘in
1086 910 1541 969 transmarinum
1581 910 1801 971 bellum
1844 922 2184 971 convertere
2213 911 2461 969 liberum
2497 922 2683 970 esset.

488 1011 584 1069 16.
630 1008 991 1069 Domesticae
1020 1007 1196 1067 etiam
1224 1007 1407 1088 quieti
1431 1028 1506 1068 ea
1531 1008 1758 1069 ratione
1785 1018 2162 1089 prospectum
2204 1006 2295 1082 iri,
2322 1009 2534 1068 amotis
2579 1025 2685 1067 oc·

485 1106 832 1187 cupatisque
872 1106 1199 1186 longinqua
1237 1105 1465 1180 militia,
1494 1107 1595 1187 qui
1635 1108 1809 1167 otiosi
1852 1105 2159 1168 discordiis
2188 1117 2251 1166 et
2292 1105 2546 1166 audacia
2587 1125 2686 1165 res

487 1206 722 1265 turbare
749 1205 1215 1266 consuevissent.
1300 1205 1748 1266 constituerent
1774 1205 1950 1285 igitur
1986 1223 2106 1284 quo
2147 1204 2520 1283 imperatore,
2550 1203 2687 1282 qui-

483 1303 717 1382 busque
744 1303 931 1383 copiis
967 1303 1189 1364 bellum
1213 1303 1376 1364 istud
1406 1303 1940 1365 administrandum
1978 1300 2317 1363 videretur!
2403 1304 2497 1361 17.
2544 1301 2705 1388 Non⁴

485 1399 729 1461 fallebat
778 1402 1097 1481 plerosque
1152 1411 1441 1481 quantum
1497 1421 1531 1461 e
1584 1402 1888 1481 republica
1934 1409 2268 1482 peteretur:
2342 1398 2448 1459 sed
2503 1399 2689 1458 armis

487 1495 766 1557 amissam
795 1499 1125 1560 libertatem
1151 1499 1626 1579 intempestivum
1649 1499 1958 1561 videbatur
1983 1498 2173 1559 verbis
2204 1506 2488 1577 repetere.
2570 1496 2691 1555 'Ni-

487 1592 576 1651 hil·
600 1613 742 1675 ergo
780 1596 1113 1657 dubitatum
1151 1608 1263 1670 est,
1311 1600 1451 1679 quin
1502 1599 1712 1659 faustis
1756 1596 2281 1659 acclamationibus
2331 1602 2350 1630 ‘
2375 1593 2691 1675 Philippus

488 1688 809 1769 imperator
837 1693 1088 1757 Graeciae
1118 1695 1195 1756 ad
1238 1696 1610 1757 liberandum
1652 1698 1852 1757 orbem
1896 1703 2181 1755 terrarum
2220 1693 2281 1752 in
2311 1693 2517 1752 Asiam
2544 1710 2689 1772 pro-

486 1788 708 1848 ficisci'
746 1790 1072 1871 juberetur.
1162 1795 1256 1855 18.
1302 1793 1635 1875 Descriptae
1686 1791 1902 1854 deinde
1958 1791 2325 1872 singulorum
2380 1808 2565 1871 opes;
2631 1792 2703 1849 et*

488 1896 779 1963 quantum·
826 1888 1077 1969 quisque
1125 1891 1398 1965 militum,
1452 1891 1851 1971 frumentique
1894 1901 1954 1951 et
1991 1890 2260 1970 pecuniae
2305 1888 2591 1961 mitteret,
2626 1887 2689 1947 in

488 1984 721 2044 tabulas
749 1985 1000 2047 relatum
1029 1998 1142 2049 est.
1214 1992 1492 2051 Ducenta
1517 1990 1817 2071 peditum,1
1843 1988 2179 2067 quindecim
2210 1987 2476 2066 equitum
2502 1984 2694 2045 millia

477 2083 779 2158 'promissa
806 2084 991 2145 fuisse
1019 2085 1276 2166 reperio:
1321 2107 1455 2147 cum
1484 2088 1543 2146 in
1570 2107 1642 2148 eo
1671 2105 1916 2146 nurnero
1942 2104 2136 2165 neque
2166 2083 2555 2156 Macedones,
2586 2100 2692 2141 ne-

489 2198 605 2257 que
634 2192 907 2257 parentes
939 2182 1374 2244 Macedonibus
1405 2184 1634 2244 barbari
1665 2191 2063 2245 censerentur.

571 2276 678 2335 IX.
729 2279 782 2337 1.
815 2278 1114 2351 Ceterum,
1143 2290 1211 2339 ut
1259 2280 1386 2339 sine
1428 2279 1685 2339 mixtura
1712 2278 2067 2339 calamitatis
2100 2276 2263 2337 nulla
2290 2275 2349 2335 in
2379 2277 2554 2336 rebus
2586 2277 2697 2336 hu-

490 2370 680 2430 manis
709 2372 960 2432 felicitas
1007 2387 1121 2446 est,
1148 2395 1247 2435 res
1296 2376 1437 2435 foris
1485 2393 1798 2456 prosperas
1850 2374 2193 2436 domesticae
2221 2375 2408 2433 turbae
2439 2393 2696 2454 excepe-

492 2478 648 2528 runt.
730 2470 1010 2529 Animum
1051 2472 1329 2552 conjugis
1371 2473 1531 2548 olim,
1561 2487 1626 2534 ut
1667 2472 1945 2546 diximus,
1997 2473 2331 2533 alieniorem
2378 2471 2695 2552 Olympias

489 2566 832 2628 morositate
900 2578 961 2628 et
1017 2573 1353 2650 arrogantia
1403 2572 1469 2632 in
1526 2571 1654 2633 dies
1720 2572 1908 2651 magis
1983 2570 2295 2650 magisque
2366 2571 2696 2630 avertebat.

492 2664 553 2722 2.
597 2663 742 2726 Inde
781 2674 797 2700 ⁸
820 2667 1220 2747 repudiatam’
1262 2670 1533 2730 nonnulli
1564 2671 1872 2731 traduntz⁸
1920 2689 2035 2749 ego
2062 2670 2123 2729 in
2153 2666 2359 2727 eodem
2390 2668 2696 2726 matrimo-

495 2760 597 2820 nio
623 2766 885 2825 manenti
927 2762 1346 2847 Cleopatram¹'
1374 2770 1858 2849 superinductam
1886 2766 2202 2846 comperiO.
2285 2765 2415 2824 Nec
2442 2764 2605 2823 enim
2635 2765 2697 2823 iri

494 2867 664 2917 tanto
694 2858 985 2921 dedecore
1012 2861 1372 2923 dulcissimae
1411 2865 1640 2937 matriS‚
1681 2865 1851 2943 cujus
1895 2865 2086 2945 pudor
2112 2863 2189 2922 ad
2231 2863 2424 2941 ipsum
2454 2867 2698 2943 qunque

493 2952 811 3029 pertineret
848 2959 1011 3031 (nam
1040 2963 1057 2991 ‘
1082 2960 1157 3016 ob
1188 2959 1376 3038 stupri
1406 2961 1801 3040 suspicionem
1829 2961 2136 3040 expulsam
2155 2959 2171 2984 '
2209 2958 2464 3036 addunt)
2507 2960 2696 3019 inter·-

497 3048 708 3111 fuisset
733 3071 1002 3112 novercae
1033 3054 1295 3133 nuptiis:
1337 3055 1603 3116 interfuit
1632 3067 1850 3131 autem,
1880 3069 1940 3118 et
1983 3057 2220 3116 demum
2260 3067 2399 3135 post
2445 3066 2697 3117 conten-

496 3145 740 3220 tionem,
764 3169 899 3228 quae
930 3149 986 3208 in
1018 3170 1088 3210 eo
1116 3152 1383 3213 convivio
1412 3167 1736 3228 exarserat,
1757 3167 1999 3216 matrem
2033 3153 2302 3214 abduxit.
2371 3157 2427 3213 3.
2460 3154 2696 3232 Quippe

498 3263 634 3303 cum
662 3248 990 3307 avunculus
1023 3265 1261 3328 sponsae
1288 3250 1547 3324 Attalus,
1570 3263 1708 3331 post
1737 3254 1977 3331 longam
2005 3251 2502 3330 compotationem
2526 3269 2696 3329 spem

497 3341 652 3403 male
696 3351 925 3422 tegens,
978 3354 994 3380 ‘
1022 3348 1279 3409 orandos
1340 3349 1774 3410 Macedonibus
1820 3351 1982 3409 Deos
2028 3349 2269 3420 diceret,
2315 3360 2381 3409 ut
2423 3368 2498 3407 ex
2535 3366 2697 3409 nova

498 3451 686 3519 nupta
714 3440 1039 3522 legitimum
1071 3446 1238 3525 regni
1277 3441 1683 3508 successorem
1727 3447 2037 3526 Philippus
2067 3444 2393 3505 tollerett'0
2432 3446 2700 3505 Alexan·

498 3534 605 3597 der
631 3537 691 3596 in
720 3539 867 3600 iram
898 3542 1115 3622 alioqui
1145 3563 1435 3624 praeceps,
1465 3555 1528 3605 et
1568 3557 1711 3605 tun-c
1755 3544 1966 3625 injuria
1995 3541 2306 3609 irritatior:
2349 3548 2366 3576 ‘
2392 3562 2501 3602 nos
2531 3562 2694 3622 erge,

501 3633 775 3711 sceleste,
806 3639 988 3718 spurii
1034 3641 1139 3701 tibi
1184 3641 1454 3703 videmur
1470 3643 1517 3701 ’.θ’
1559 3643 1783 3723 inquit:
1834 3640 2008 3702 simul
2048 3640 2315 3712 calicem,
2343 3660 2515 3718 quem
2545 3641 2695 3700 forte

499 3732 711 3796 dextra
754 3738 1011 3810 tenebat,
1042 3739 1101 3797 in
1146 3758 1213 3798 os
1255 3738 1414 3800 illius
1443 3740 1725 3821 impegit;
1771 3738 1870 3798 ille
1901 3757 2134 3817 quoque
2163 3736 2412 3796 invicem
2444 3737 2696 3817 conjecit

501 3832 796 3910 poculum.
878 3839 939 3894 4.
986 3837 1209 3896 Exorto
1250 3837 1527 3907 tumultu,
1557 3836 1889 3916 Philippus,
1931 3834 2032 3914 qui
2080 3836 2139 3893 in
2190 3834 2308 3894 alio
2332 3834 2489 3895 lecto
2519 3855 2693 3896 accu-

498 3930 726 4005 buerat,
755 3932 882 4012 ejus
913 3932 1029 3994 diei
1059 3934 1323 3995 laetitiam
1353 3934 1575 3994 turbari
1604 3934 1850 3995 moleste
1874 3933 2089 4005 ferens,
2111 3950 2252 3992 ense
2282 3934 2486 3993 stricto
2514 3934 2691 3993 Alex·

563 4119 577 4153 ¹
608 4121 923 4175 Justin.l.l.
1704 4123 1727 4156 b
1762 4121 1965 4170 Arrian.
2006 4134 2094 4169 m.
2126 4123 2177 4169 6.
2211 4117 2310 4168 non
2350 4120 2692 4186 Cleopatram,

564 4205 589 4231 ²
622 4198 766 4250 Plut.
818 4199 973 4252 Alex.
1012 4202 1204 4264 p.669.
1243 4198 1438 4251 Justin.
1477 4215 1557 4253 rx.
1640 4199 1730 4248 sed
1751 4198 2049 4261 Eurydicen
2073 4211 2185 4244 eam
2206 4203 2376 4247 vocat.

503 4278 552 4325 5.
565 4277 613 4325 9.
1445 4347 1454 4362 ·
1708 4283 1729 4309 Φ
1764 4275 1904 4325 Plut.
1928 4275 1963 4324 l.
1986 4276 2018 4325 l.
2042 4272 2239 4325 Justin.
2262 4287 2344 4325 rx.
2366 4277 2415 4325 7.
2436 4277 2485 4326 3.
