<?xml version="1.0" encoding="UTF-8"?>
<!DOCTYPE html PUBLIC "-//W3C//DTD XHTML 1.0 Transitional//EN"
    "http://www.w3.org/TR/xhtml1/DTD/xhtml1-transitional.dtd">
<html xmlns="http://www.w3.org/1999/xhtml" xml:lang="en" lang="en">
 <head>
  <title>
</title>
<meta http-equiv="Content-Type" content="text/html;charset=utf-8" />
  <meta name='ocr-system' content='tesseract 3.04.00' />
  <meta name='ocr-capabilities' content='ocr_page ocr_carea ocr_par ocr_line ocrx_word'/>
</head>
<body>
  <div class='ocr_page' id='page_1' title='image "./quinticurtiiruf03rufugoog_0380.png"; bbox 0 0 2978 4933; ppageno 0'>
   <div class='ocr_carea' id='block_1_1' title="bbox 526 376 2271 450">
    <p class='ocr_par' dir='ltr' id='par_1_1' title="bbox 526 376 2271 450">
     <span class='ocr_line' id='line_1_1' title="bbox 526 376 2271 450; baseline 0.001 -9"><span class='ocrx_word' id='word_1_1' title='bbox 526 376 656 441; x_wconf 75' lang='lat'><strong>336</strong></span> <span class='ocrx_word' id='word_1_2' title='bbox 961 393 1027 450; x_wconf 86' lang='lat' dir='ltr'><strong>Q.</strong></span> <span class='ocrx_word' id='word_1_3' title='bbox 1069 390 1335 439; x_wconf 74' lang='lat' dir='ltr'><strong>cun&#39;rn</strong></span> <span class='ocrx_word' id='word_1_4' title='bbox 1389 391 1567 441; x_wconf 71' lang='lat' dir='ltr'><strong>Ruri</strong></span> <span class='ocrx_word' id='word_1_5' title='bbox 1627 392 1763 441; x_wconf 76' lang='lat' dir='ltr'><strong>mn.</strong></span> <span class='ocrx_word' id='word_1_6' title='bbox 1811 391 1911 441; x_wconf 83' lang='grc' dir='ltr'><strong>ιν.</strong></span> <span class='ocrx_word' id='word_1_7' title='bbox 1960 396 2121 443; x_wconf 57' lang='lat' dir='ltr'><strong>car.</strong></span> <span class='ocrx_word' id='word_1_8' title='bbox 2168 380 2271 445; x_wconf 87' lang='lat'><strong>15.</strong></span> 
     </span>
    </p>
   </div>
   <div class='ocr_carea' id='block_1_2' title="bbox 526 534 2709 1443">
    <p class='ocr_par' dir='ltr' id='par_1_2' title="bbox 526 534 2709 1443">
     <span class='ocr_line' id='line_1_2' title="bbox 532 534 2695 624; baseline 0.001 -21"><span class='ocrx_word' id='word_1_9' title='bbox 532 537 891 615; x_wconf 79' lang='lat' dir='ltr'><strong>Bactriani,</strong></span> <span class='ocrx_word' id='word_1_10' title='bbox 935 535 1432 621; x_wconf 80' lang='lat' dir='ltr'><strong>impedimentis</strong></span> <span class='ocrx_word' id='word_1_11' title='bbox 1476 538 1773 603; x_wconf 86' lang='lat' dir='ltr'><strong>hostium</strong></span> <span class='ocrx_word' id='word_1_12' title='bbox 1809 538 2084 624; x_wconf 80' lang='lat' dir='ltr'><strong>direptis</strong></span> <span class='ocrx_word' id='word_1_13' title='bbox 2116 534 2411 621; x_wconf 78' lang='lat' dir='ltr'><strong>reversi,</strong></span> <span class='ocrx_word' id='word_1_14' title='bbox 2451 542 2695 606; x_wconf 82' lang='lat' dir='ltr'><strong>ordines</strong></span> 
     </span>
     <span class='ocr_line' id='line_1_3' title="bbox 533 641 2701 727; baseline 0.001 -23"><span class='ocrx_word' id='word_1_15' title='bbox 533 660 695 705; x_wconf 86' lang='lat' dir='ltr'><strong>suos</strong></span> <span class='ocrx_word' id='word_1_16' title='bbox 722 658 1114 722; x_wconf 88' lang='lat' dir='ltr'><strong>recuperare</strong></span> <span class='ocrx_word' id='word_1_17' title='bbox 1158 659 1291 704; x_wconf 90' lang='lat' dir='ltr'><strong>non</strong></span> <span class='ocrx_word' id='word_1_18' title='bbox 1338 645 1684 723; x_wconf 86' lang='lat' dir='ltr'><strong>poterant:</strong></span> <span class='ocrx_word' id='word_1_19' title='bbox 1739 641 1937 725; x_wconf 88' lang='lat' dir='ltr'><strong>plura</strong></span> <span class='ocrx_word' id='word_1_20' title='bbox 1970 643 2169 705; x_wconf 87' lang='lat' dir='ltr'><strong>simul</strong></span> <span class='ocrx_word' id='word_1_21' title='bbox 2216 643 2506 727; x_wconf 86' lang='lat' dir='ltr'><strong>abrupta</strong></span> <span class='ocrx_word' id='word_1_22' title='bbox 2537 662 2578 709; x_wconf 92' lang='lat' dir='ltr'><strong>a</strong></span> <span class='ocrx_word' id='word_1_23' title='bbox 2607 664 2701 707; x_wconf 88' lang='lat' dir='ltr'><strong>ce·</strong></span> 
     </span>
     <span class='ocr_line' id='line_1_4' title="bbox 529 743 2703 826; baseline 0.003 -21"><span class='ocrx_word' id='word_1_24' title='bbox 529 743 1000 825; x_wconf 86' lang='lat' dir='ltr'><strong>terisagmina,</strong></span> <span class='ocrx_word' id='word_1_25' title='bbox 1030 743 1427 826; x_wconf 88' lang='lat' dir='ltr'><strong>ubicumque</strong></span> <span class='ocrx_word' id='word_1_26' title='bbox 1461 744 1667 807; x_wconf 89' lang='lat' dir='ltr'><strong>alium</strong></span> <span class='ocrx_word' id='word_1_27' title='bbox 1702 744 1816 807; x_wconf 90' lang='lat' dir='ltr'><strong>alii</strong></span> <span class='ocrx_word' id='word_1_28' title='bbox 1864 746 2003 808; x_wconf 84' lang='lat' dir='ltr'><strong>fors</strong></span> <span class='ocrx_word' id='word_1_29' title='bbox 2032 745 2416 826; x_wconf 82' lang='lat' dir='ltr'><strong>miscuerat,</strong></span> <span class='ocrx_word' id='word_1_30' title='bbox 2447 746 2703 812; x_wconf 88' lang='lat' dir='ltr'><strong>dimica·</strong></span> 
     </span>
     <span class='ocr_line' id='line_1_5' title="bbox 529 845 2702 932; baseline 0.002 -24"><span class='ocrx_word' id='word_1_31' title='bbox 529 847 715 908; x_wconf 83' lang='lat' dir='ltr'><strong>bant.</strong></span> <span class='ocrx_word' id='word_1_32' title='bbox 802 846 909 910; x_wconf 73' lang='lat'><strong>223.</strong></span> <span class='ocrx_word' id='word_1_33' title='bbox 954 845 1114 909; x_wconf 90' lang='lat' dir='ltr'><strong>Duo</strong></span> <span class='ocrx_word' id='word_1_34' title='bbox 1176 866 1362 929; x_wconf 86' lang='lat' dir='ltr'><strong>reges</strong></span> <span class='ocrx_word' id='word_1_35' title='bbox 1406 846 1666 929; x_wconf 87' lang='lat' dir='ltr'><strong>junctis</strong></span> <span class='ocrx_word' id='word_1_36' title='bbox 1718 867 1930 930; x_wconf 88' lang='lat' dir='ltr'><strong>prope</strong></span> <span class='ocrx_word' id='word_1_37' title='bbox 1981 848 2360 931; x_wconf 84' lang='lat' dir='ltr'><strong>agminibus</strong></span> <span class='ocrx_word' id='word_1_38' title='bbox 2410 850 2702 932; x_wconf 82' lang='lat' dir='ltr'><strong>praelium</strong></span> 
     </span>
     <span class='ocr_line' id='line_1_6' title="bbox 530 947 2704 1033; baseline 0.001 -22"><span class='ocrx_word' id='word_1_39' title='bbox 530 947 1031 1013; x_wconf 78' lang='lat' dir='ltr'><strong>accendebant-z</strong></span> <span class='ocrx_word' id='word_1_40' title='bbox 1078 948 1307 1031; x_wconf 90' lang='lat' dir='ltr'><strong>plures</strong></span> <span class='ocrx_word' id='word_1_41' title='bbox 1361 949 1588 1013; x_wconf 84' lang='lat' dir='ltr'><strong>Persae</strong></span> <span class='ocrx_word' id='word_1_42' title='bbox 1640 949 2013 1030; x_wconf 84' lang='lat' dir='ltr'><strong>cadebant3</strong></span> <span class='ocrx_word' id='word_1_43' title='bbox 2068 970 2192 1033; x_wconf 88' lang='lat' dir='ltr'><strong>par</strong></span> <span class='ocrx_word' id='word_1_44' title='bbox 2241 950 2446 1015; x_wconf 86' lang='lat' dir='ltr'><strong>ferme</strong></span> <span class='ocrx_word' id='word_1_45' title='bbox 2490 952 2704 1016; x_wconf 82' lang='lat' dir='ltr'><strong>utrim-</strong></span> 
     </span>
     <span class='ocr_line' id='line_1_7' title="bbox 529 1041 2705 1135; baseline 0 -20"><span class='ocrx_word' id='word_1_46' title='bbox 529 1071 660 1134; x_wconf 85' lang='lat' dir='ltr'><strong>que</strong></span> <span class='ocrx_word' id='word_1_47' title='bbox 690 1041 1001 1115; x_wconf 82' lang='lat' dir='ltr'><strong>numerus</strong></span> <span class='ocrx_word' id='word_1_48' title='bbox 1023 1050 1538 1114; x_wconf 83' lang='lat' dir='ltr'><strong>vulnerabatur:</strong></span> <span class='ocrx_word' id='word_1_49' title='bbox 1601 1063 1793 1114; x_wconf 86' lang='lat' dir='ltr'><strong>curru</strong></span> <span class='ocrx_word' id='word_1_50' title='bbox 1830 1051 2100 1128; x_wconf 87' lang='lat' dir='ltr'><strong>Darius,</strong></span> <span class='ocrx_word' id='word_1_51' title='bbox 2132 1051 2519 1116; x_wconf 84' lang='lat' dir='ltr'><strong>Alexander</strong></span> <span class='ocrx_word' id='word_1_52' title='bbox 2545 1072 2705 1135; x_wconf 87' lang='lat' dir='ltr'><strong>equo</strong></span> 
     </span>
     <span class='ocr_line' id='line_1_8' title="bbox 528 1150 2708 1236; baseline 0.002 -21"><span class='ocrx_word' id='word_1_53' title='bbox 528 1153 928 1217; x_wconf 87' lang='lat' dir='ltr'><strong>vehebatur:</strong></span> <span class='ocrx_word' id='word_1_54' title='bbox 1018 1154 1123 1218; x_wconf 83' lang='grc'><strong>24.</strong></span> <span class='ocrx_word' id='word_1_55' title='bbox 1192 1161 1545 1236; x_wconf 88' lang='lat' dir='ltr'><strong>utrumque</strong></span> <span class='ocrx_word' id='word_1_56' title='bbox 1592 1152 1836 1217; x_wconf 89' lang='lat' dir='ltr'><strong>delecti</strong></span> <span class='ocrx_word' id='word_1_57' title='bbox 1894 1150 2268 1229; x_wconf 83' lang='lat' dir='ltr'><strong>tuebantur,</strong></span> <span class='ocrx_word' id='word_1_58' title='bbox 2324 1157 2427 1218; x_wconf 89' lang='lat' dir='ltr'><strong>sui</strong></span> <span class='ocrx_word' id='word_1_59' title='bbox 2488 1158 2708 1220; x_wconf 86' lang='lat' dir='ltr'><strong>imme-</strong></span> 
     </span>
     <span class='ocr_line' id='line_1_9' title="bbox 526 1256 2709 1339; baseline 0.002 -22"><span class='ocrx_word' id='word_1_60' title='bbox 526 1275 791 1320; x_wconf 84' lang='lat' dir='ltr'><strong>mores:</strong></span> <span class='ocrx_word' id='word_1_61' title='bbox 852 1256 1100 1339; x_wconf 89' lang='lat' dir='ltr'><strong>quippe</strong></span> <span class='ocrx_word' id='word_1_62' title='bbox 1133 1257 1384 1320; x_wconf 90' lang='lat' dir='ltr'><strong>amisso</strong></span> <span class='ocrx_word' id='word_1_63' title='bbox 1429 1275 1580 1338; x_wconf 88' lang='lat' dir='ltr'><strong>rege</strong></span> <span class='ocrx_word' id='word_1_64' title='bbox 1624 1276 1748 1320; x_wconf 92' lang='lat' dir='ltr'><strong>nec</strong></span> <span class='ocrx_word' id='word_1_65' title='bbox 1795 1256 2106 1320; x_wconf 85' lang='lat' dir='ltr'><strong>volebant</strong></span> <span class='ocrx_word' id='word_1_66' title='bbox 2161 1257 2331 1320; x_wconf 89' lang='lat' dir='ltr'><strong>salvi</strong></span> <span class='ocrx_word' id='word_1_67' title='bbox 2381 1277 2555 1335; x_wconf 88' lang='lat' dir='ltr'><strong>esse,</strong></span> <span class='ocrx_word' id='word_1_68' title='bbox 2595 1278 2709 1321; x_wconf 91' lang='lat' dir='ltr'><strong>nec</strong></span> 
     </span>
     <span class='ocr_line' id='line_1_10' title="bbox 529 1358 2709 1443; baseline 0.002 -22"><span class='ocrx_word' id='word_1_69' title='bbox 529 1366 875 1440; x_wconf 87' lang='lat' dir='ltr'><strong>poterant:</strong></span> <span class='ocrx_word' id='word_1_70' title='bbox 935 1367 1083 1422; x_wconf 89' lang='lat' dir='ltr'><strong>ante</strong></span> <span class='ocrx_word' id='word_1_71' title='bbox 1135 1358 1376 1423; x_wconf 88' lang='lat' dir='ltr'><strong>oculos</strong></span> <span class='ocrx_word' id='word_1_72' title='bbox 1422 1360 1530 1423; x_wconf 90' lang='lat' dir='ltr'><strong>sui</strong></span> <span class='ocrx_word' id='word_1_73' title='bbox 1570 1360 1855 1443; x_wconf 89' lang='lat' dir='ltr'><strong>quisque</strong></span> <span class='ocrx_word' id='word_1_74' title='bbox 1900 1359 2073 1441; x_wconf 87' lang='lat' dir='ltr'><strong>regis</strong></span> <span class='ocrx_word' id='word_1_75' title='bbox 2121 1366 2397 1424; x_wconf 89' lang='lat' dir='ltr'><strong>mortem</strong></span> <span class='ocrx_word' id='word_1_76' title='bbox 2448 1379 2709 1425; x_wconf 88' lang='lat' dir='ltr'><strong>occum-</strong></span> 
     </span>
    </p>
   </div>
   <div class='ocr_carea' id='block_1_3' title="bbox 525 1464 2714 2576">
    <p class='ocr_par' dir='ltr' id='par_1_3' title="bbox 525 1464 2714 2576">
     <span class='ocr_line' id='line_1_11' title="bbox 529 1464 2710 1548; baseline -0.002 -17"><span class='ocrx_word' id='word_1_77' title='bbox 529 1472 685 1531; x_wconf 82' lang='lat' dir='ltr'><strong>bere</strong></span> <span class='ocrx_word' id='word_1_78' title='bbox 735 1467 1069 1529; x_wconf 84' lang='lat' dir='ltr'><strong>ducebant</strong></span> <span class='ocrx_word' id='word_1_79' title='bbox 1119 1467 1473 1548; x_wconf 83' lang='lat' dir='ltr'><strong>egregium.</strong></span> <span class='ocrx_word' id='word_1_80' title='bbox 1581 1465 1687 1530; x_wconf 78' lang='lat'><strong>25.</strong></span> <span class='ocrx_word' id='word_1_81' title='bbox 1765 1464 2146 1529; x_wconf 86' lang='lat' dir='ltr'><strong>Maximum</strong></span> <span class='ocrx_word' id='word_1_82' title='bbox 2196 1472 2414 1529; x_wconf 89' lang='lat' dir='ltr'><strong>tamen</strong></span> <span class='ocrx_word' id='word_1_83' title='bbox 2466 1467 2710 1548; x_wconf 83' lang='lat' dir='ltr'><strong>p‘ericu-</strong></span> 
     </span>
     <span class='ocr_line' id='line_1_12' title="bbox 527 1567 2710 1651; baseline -0.001 -18"><span class='ocrx_word' id='word_1_84' title='bbox 527 1572 664 1634; x_wconf 89' lang='lat' dir='ltr'><strong>lum</strong></span> <span class='ocrx_word' id='word_1_85' title='bbox 712 1568 1008 1647; x_wconf 79' lang='lat' dir='ltr'><strong>adibant,</strong></span> <span class='ocrx_word' id='word_1_86' title='bbox 1061 1568 1175 1651; x_wconf 92' lang='lat' dir='ltr'><strong>qui</strong></span> <span class='ocrx_word' id='word_1_87' title='bbox 1225 1567 1521 1632; x_wconf 85' lang='lat' dir='ltr'><strong>maxime</strong></span> <span class='ocrx_word' id='word_1_88' title='bbox 1548 1568 1930 1647; x_wconf 83' lang='lat' dir='ltr'><strong>tuebantur3</strong></span> <span class='ocrx_word' id='word_1_89' title='bbox 1975 1568 2222 1650; x_wconf 87' lang='lat' dir='ltr'><strong>quippe</strong></span> <span class='ocrx_word' id='word_1_90' title='bbox 2268 1567 2398 1630; x_wconf 89' lang='lat' dir='ltr'><strong>sibi</strong></span> <span class='ocrx_word' id='word_1_91' title='bbox 2424 1568 2710 1651; x_wconf 85' lang='lat' dir='ltr'><strong>quisquc</strong></span> 
     </span>
     <span class='ocr_line' id='line_1_13' title="bbox 529 1668 2711 1756; baseline -0.002 -19"><span class='ocrx_word' id='word_1_92' title='bbox 529 1674 692 1737; x_wconf 85' lang='lat' dir='ltr'><strong>caesi</strong></span> <span class='ocrx_word' id='word_1_93' title='bbox 721 1671 889 1756; x_wconf 80' lang='lat' dir='ltr'><strong>regis</strong></span> <span class='ocrx_word' id='word_1_94' title='bbox 919 1672 1286 1754; x_wconf 86' lang='lat' dir='ltr'><strong>expetebat</strong></span> <span class='ocrx_word' id='word_1_95' title='bbox 1328 1670 1561 1735; x_wconf 87' lang='lat' dir='ltr'><strong>decus.</strong></span> <span class='ocrx_word' id='word_1_96' title='bbox 1647 1672 1754 1734; x_wconf 84' lang='grc'><strong>26.</strong></span> <span class='ocrx_word' id='word_1_97' title='bbox 1801 1669 2136 1747; x_wconf 78' lang='lat' dir='ltr'><strong>Ceterum,</strong></span> <span class='ocrx_word' id='word_1_98' title='bbox 2168 1668 2312 1733; x_wconf 85' lang='lat' dir='ltr'><strong>sive</strong></span> <span class='ocrx_word' id='word_1_99' title='bbox 2357 1670 2711 1734; x_wconf 86' lang='lat' dir='ltr'><strong>ludibrium</strong></span> 
     </span>
     <span class='ocr_line' id='line_1_14' title="bbox 527 1769 2714 1857; baseline -0.002 -17"><span class='ocrx_word' id='word_1_100' title='bbox 527 1775 889 1851; x_wconf 85' lang='lat' dir='ltr'><strong>oculorum,</strong></span> <span class='ocrx_word' id='word_1_101' title='bbox 933 1774 1076 1837; x_wconf 84' lang='lat' dir='ltr'><strong>sive</strong></span> <span class='ocrx_word' id='word_1_102' title='bbox 1119 1792 1279 1837; x_wconf 85' lang='lat' dir='ltr'><strong>vera</strong></span> <span class='ocrx_word' id='word_1_103' title='bbox 1333 1774 1594 1857; x_wconf 90' lang='lat' dir='ltr'><strong>species</strong></span> <span class='ocrx_word' id='word_1_104' title='bbox 1640 1772 1817 1851; x_wconf 50' lang='lat' dir='ltr'><strong>fuine</strong></span> <span class='ocrx_word' id='word_1_105' title='bbox 1869 1774 1987 1857; x_wconf 90' lang='lat' dir='ltr'><strong>qui</strong></span> <span class='ocrx_word' id='word_1_106' title='bbox 2032 1774 2212 1837; x_wconf 91' lang='lat' dir='ltr'><strong>circa</strong></span> <span class='ocrx_word' id='word_1_107' title='bbox 2253 1769 2714 1836; x_wconf 85' lang='lat' dir='ltr'><strong>Alexandrum</strong></span> 
     </span>
     <span class='ocr_line' id='line_1_15' title="bbox 525 1875 2713 1960; baseline -0.002 -18"><span class='ocrx_word' id='word_1_108' title='bbox 525 1887 743 1952; x_wconf 86' lang='lat' dir='ltr'><strong>erant,</strong></span> <span class='ocrx_word' id='word_1_109' title='bbox 795 1876 1048 1942; x_wconf 82' lang='lat' dir='ltr'><strong>vidisse</strong></span> <span class='ocrx_word' id='word_1_110' title='bbox 1098 1896 1172 1939; x_wconf 90' lang='lat' dir='ltr'><strong>se</strong></span> <span class='ocrx_word' id='word_1_111' title='bbox 1222 1876 1638 1941; x_wconf 87' lang='lat' dir='ltr'><strong>crediderunt</strong></span> <span class='ocrx_word' id='word_1_112' title='bbox 1669 1875 2018 1960; x_wconf 89' lang='lat' dir='ltr'><strong>paululum</strong></span> <span class='ocrx_word' id='word_1_113' title='bbox 2060 1894 2264 1957; x_wconf 88' lang='lat' dir='ltr'><strong>super</strong></span> <span class='ocrx_word' id='word_1_114' title='bbox 2309 1882 2517 1958; x_wconf 89' lang='lat' dir='ltr'><strong>caput</strong></span> <span class='ocrx_word' id='word_1_115' title='bbox 2543 1878 2713 1957; x_wconf 84' lang='lat' dir='ltr'><strong>regis</strong></span> 
     </span>
     <span class='ocr_line' id='line_1_16' title="bbox 527 1978 2714 2067; baseline -0.003 -21"><span class='ocrx_word' id='word_1_116' title='bbox 527 1980 797 2067; x_wconf 86' lang='lat' dir='ltr'><strong>placide</strong></span> <span class='ocrx_word' id='word_1_117' title='bbox 823 1980 1156 2045; x_wconf 87' lang='lat' dir='ltr'><strong>volantem</strong></span> <span class='ocrx_word' id='word_1_118' title='bbox 1181 1978 1501 2063; x_wconf 88' lang='lat' dir='ltr'><strong>aquilam,</strong></span> <span class='ocrx_word' id='word_1_119' title='bbox 1523 1999 1656 2043; x_wconf 86' lang='lat' dir='ltr'><strong>non</strong></span> <span class='ocrx_word' id='word_1_120' title='bbox 1675 1978 1893 2043; x_wconf 89' lang='lat' dir='ltr'><strong>sonitu</strong></span> <span class='ocrx_word' id='word_1_121' title='bbox 1923 1996 2273 2054; x_wconf 86' lang='lat' dir='ltr'><strong>armorum,</strong></span> <span class='ocrx_word' id='word_1_122' title='bbox 2302 1996 2437 2040; x_wconf 90' lang='lat' dir='ltr'><strong>non</strong></span> <span class='ocrx_word' id='word_1_123' title='bbox 2466 1978 2714 2059; x_wconf 88' lang='lat' dir='ltr'><strong>gemitu</strong></span> 
     </span>
     <span class='ocr_line' id='line_1_17' title="bbox 525 2077 2714 2164; baseline -0 -16"><span class='ocrx_word' id='word_1_124' title='bbox 525 2082 950 2148; x_wconf 90' lang='lat' dir='ltr'><strong>morientium</strong></span> <span class='ocrx_word' id='word_1_125' title='bbox 982 2081 1313 2145; x_wconf 87' lang='lat' dir='ltr'><strong>territam:</strong></span> <span class='ocrx_word' id='word_1_126' title='bbox 1361 2079 1623 2164; x_wconf 79' lang='lat' dir='ltr'><strong>diuque·</strong></span> <span class='ocrx_word' id='word_1_127' title='bbox 1645 2081 1829 2146; x_wconf 85' lang='lat' dir='ltr'><strong>circa</strong></span> <span class='ocrx_word' id='word_1_128' title='bbox 1856 2099 2099 2163; x_wconf 91' lang='lat' dir='ltr'><strong>equum</strong></span> <span class='ocrx_word' id='word_1_129' title='bbox 2150 2077 2527 2144; x_wconf 81' lang='lat' dir='ltr'><strong>Alexandri</strong></span> <span class='ocrx_word' id='word_1_130' title='bbox 2560 2100 2714 2162; x_wconf 81' lang='lat' dir='ltr'><strong>pen-</strong></span> 
     </span>
     <span class='ocr_line' id='line_1_18' title="bbox 530 2182 2710 2267; baseline -0.002 -15"><span class='ocrx_word' id='word_1_131' title='bbox 530 2187 714 2252; x_wconf 86' lang='lat' dir='ltr'><strong>denti·</strong></span> <span class='ocrx_word' id='word_1_132' title='bbox 763 2186 1002 2266; x_wconf 77' lang='lat' dir='ltr'><strong>magiS,</strong></span> <span class='ocrx_word' id='word_1_133' title='bbox 1049 2204 1250 2267; x_wconf 92' lang='lat' dir='ltr'><strong>quam</strong></span> <span class='ocrx_word' id='word_1_134' title='bbox 1308 2184 1588 2261; x_wconf 88' lang='lat' dir='ltr'><strong>volanti,</strong></span> <span class='ocrx_word' id='word_1_135' title='bbox 1634 2184 1876 2248; x_wconf 87' lang='lat' dir='ltr'><strong>similis</strong></span> <span class='ocrx_word' id='word_1_136' title='bbox 1939 2183 2269 2267; x_wconf 89' lang='lat' dir='ltr'><strong>apparuit.</strong></span> <span class='ocrx_word' id='word_1_137' title='bbox 2357 2182 2467 2246; x_wconf 81' lang='lat'><strong>27.</strong></span> <span class='ocrx_word' id='word_1_138' title='bbox 2515 2182 2710 2247; x_wconf 80' lang='lat' dir='ltr'><strong>Certe</strong></span> 
     </span>
     <span class='ocr_line' id='line_1_19' title="bbox 527 2284 2712 2368; baseline -0.001 -16"><span class='ocrx_word' id='word_1_139' title='bbox 527 2295 716 2352; x_wconf 82' lang='lat' dir='ltr'><strong>&#39;vates</strong></span> <span class='ocrx_word' id='word_1_140' title='bbox 744 2286 1152 2360; x_wconf 87' lang='lat' dir='ltr'><strong>Aristander,</strong></span> <span class='ocrx_word' id='word_1_141' title='bbox 1197 2287 1357 2351; x_wconf 92' lang='lat' dir='ltr'><strong>alba</strong></span> <span class='ocrx_word' id='word_1_142' title='bbox 1396 2295 1589 2350; x_wconf 86' lang='lat' dir='ltr'><strong>veste</strong></span> <span class='ocrx_word' id='word_1_143' title='bbox 1632 2285 1906 2349; x_wconf 88' lang='lat' dir='ltr'><strong>indutus</strong></span> <span class='ocrx_word' id='word_1_144' title='bbox 1954 2290 2020 2348; x_wconf 89' lang='lat' dir='ltr'><strong>et</strong></span> <span class='ocrx_word' id='word_1_145' title='bbox 2070 2284 2306 2349; x_wconf 88' lang='lat' dir='ltr'><strong>dextra</strong></span> <span class='ocrx_word' id='word_1_146' title='bbox 2354 2286 2712 2368; x_wconf 81' lang='lat' dir='ltr'><strong>praeferens</strong></span> 
     </span>
     <span class='ocr_line' id='line_1_20' title="bbox 525 2387 2710 2473; baseline -0.002 -18"><span class='ocrx_word' id='word_1_147' title='bbox 525 2392 833 2469; x_wconf 87' lang='lat' dir='ltr'><strong>lauream,</strong></span> <span class='ocrx_word' id='word_1_148' title='bbox 886 2389 1211 2454; x_wconf 88' lang='lat' dir='ltr'><strong>militibus</strong></span> <span class='ocrx_word' id='word_1_149' title='bbox 1259 2391 1328 2452; x_wconf 89' lang='lat' dir='ltr'><strong>in</strong></span> <span class='ocrx_word' id='word_1_150' title='bbox 1367 2408 1662 2473; x_wconf 88' lang='lat' dir='ltr'><strong>pugnam</strong></span> <span class='ocrx_word' id='word_1_151' title='bbox 1715 2387 1987 2451; x_wconf 87' lang='lat' dir='ltr'><strong>intentis</strong></span> <span class='ocrx_word' id='word_1_152' title='bbox 2039 2406 2228 2450; x_wconf 88' lang='lat' dir='ltr'><strong>avem</strong></span> <span class='ocrx_word' id='word_1_153' title='bbox 2290 2390 2710 2464; x_wconf 89' lang='lat' dir='ltr'><strong>monstravit,</strong></span> 
     </span>
     <span class='ocr_line' id='line_1_21' title="bbox 527 2487 2711 2576; baseline -0.002 -17"><span class='ocrx_word' id='word_1_154' title='bbox 527 2493 747 2559; x_wconf 85' lang='lat' dir='ltr'><strong>‘haud</strong></span> <span class='ocrx_word' id='word_1_155' title='bbox 809 2493 1089 2557; x_wconf 89' lang='lat' dir='ltr'><strong>dubium</strong></span> <span class='ocrx_word' id='word_1_156' title='bbox 1147 2492 1451 2558; x_wconf 81' lang='lat' dir='ltr'><strong>victoriae</strong></span> <span class='ocrx_word' id='word_1_157' title='bbox 1513 2487 1983 2576; x_wconf 81' lang='lat' dir='ltr'><strong>auspicium.’.¹¹</strong></span> <span class='ocrx_word' id='word_1_158' title='bbox 2071 2491 2178 2555; x_wconf 77' lang='grc'><strong>28.</strong></span> <span class='ocrx_word' id='word_1_159' title='bbox 2253 2489 2500 2572; x_wconf 84' lang='lat' dir='ltr'><strong>Ingens</strong></span> <span class='ocrx_word' id='word_1_160' title='bbox 2562 2512 2711 2574; x_wconf 88' lang='lat' dir='ltr'><strong>ergo</strong></span> 
     </span>
    </p>
   </div>
   <div class='ocr_carea' id='block_1_4' title="bbox 585 2684 1959 2748">
    <p class='ocr_par' dir='ltr' id='par_1_4' title="bbox 585 2684 1959 2748">
     <span class='ocr_line' id='line_1_22' title="bbox 585 2684 1959 2748; baseline -0.001 -13"><span class='ocrx_word' id='word_1_161' title='bbox 585 2694 612 2727; x_wconf 67' lang='grc' dir='ltr'><strong>δ’</strong></span> <span class='ocrx_word' id='word_1_162' title='bbox 646 2684 760 2736; x_wconf 79' lang='lat' dir='ltr'><strong>Sive</strong></span> <span class='ocrx_word' id='word_1_163' title='bbox 782 2687 1017 2736; x_wconf 78' lang='lat' dir='ltr'><strong>oculorum</strong></span> <span class='ocrx_word' id='word_1_164' title='bbox 1038 2685 1193 2735; x_wconf 73' lang='lat' dir='ltr'><strong>illusio</strong></span> <span class='ocrx_word' id='word_1_165' title='bbox 1204 2685 1327 2748; x_wconf 77' lang='lat' dir='ltr'><strong>fuit,</strong></span> <span class='ocrx_word' id='word_1_166' title='bbox 1351 2685 1448 2734; x_wconf 74' lang='lat' dir='ltr'><strong>sive</strong></span> <span class='ocrx_word' id='word_1_167' title='bbox 1467 2699 1580 2735; x_wconf 73' lang='lat' dir='ltr'><strong>vera</strong></span> <span class='ocrx_word' id='word_1_168' title='bbox 1601 2684 1772 2748; x_wconf 67' lang='lat' dir='ltr'><strong>aquila</strong></span> <span class='ocrx_word' id='word_1_169' title='bbox 1786 2686 1959 2746; x_wconf 78' lang='lat' dir='ltr'><strong>forma.</strong></span> 
     </span>
    </p>
   </div>
   <div class='ocr_carea' id='block_1_5' title="bbox 1440 2848 1797 2869">
    <p class='ocr_par' dir='ltr' id='par_1_5' title="bbox 1440 2848 1797 2869">
     <span class='ocr_line' id='line_1_23' title="bbox 1440 2848 1797 2869; baseline -0.003 0"><span class='ocrx_word' id='word_1_170' title='bbox 1440 2848 1797 2869; x_wconf 60' lang='lat' dir='ltr'><strong>OWWO</strong></span> 
     </span>
    </p>
   </div>
   <div class='ocr_carea' id='block_1_6' title="bbox 513 2930 2746 3937">
    <p class='ocr_par' dir='ltr' id='par_1_6' title="bbox 513 2930 2746 3937">
     <span class='ocr_line' id='line_1_24' title="bbox 522 2930 2711 3027; baseline 0 -17"><span class='ocrx_word' id='word_1_171' title='bbox 522 2964 675 3011; x_wconf 81' lang='lat' dir='ltr'><strong>Voss.</strong></span> <span class='ocrx_word' id='word_1_172' title='bbox 697 2930 743 3011; x_wconf 84' lang='grc'><strong>1.</strong></span> <span class='ocrx_word' id='word_1_173' title='bbox 779 2965 1127 3027; x_wconf 78' lang='lat' dir='ltr'><strong>simularupta.</strong></span> <span class='ocrx_word' id='word_1_174' title='bbox 1197 2942 1347 3015; x_wconf 72' lang='lat' dir='ltr'><strong>Voss.</strong></span> <span class='ocrx_word' id='word_1_175' title='bbox 1372 2969 1423 3014; x_wconf 83' lang='lat'><strong>2.</strong></span> <span class='ocrx_word' id='word_1_176' title='bbox 1457 2964 1578 3014; x_wconf 85' lang='lat' dir='ltr'><strong>Ald.</strong></span> <span class='ocrx_word' id='word_1_177' title='bbox 1602 2966 1768 3015; x_wconf 87' lang='lat' dir='ltr'><strong>Colin.</strong></span> <span class='ocrx_word' id='word_1_178' title='bbox 1793 2965 1872 3014; x_wconf 84' lang='lat' dir='ltr'><strong>Gr</strong></span> <span class='ocrx_word' id='word_1_179' title='bbox 1874 2964 1998 3026; x_wconf 85' lang='lat' dir='ltr'><strong>y·.ph</strong></span> <span class='ocrx_word' id='word_1_180' title='bbox 2023 2963 2177 3013; x_wconf 90' lang='lat' dir='ltr'><strong>Frob.</strong></span> <span class='ocrx_word' id='word_1_181' title='bbox 2202 2964 2339 3012; x_wconf 89' lang='lat' dir='ltr'><strong>Mer.</strong></span> <span class='ocrx_word' id='word_1_182' title='bbox 2368 2963 2496 3012; x_wconf 71' lang='lat' dir='ltr'><strong>Bae.</strong></span> <span class='ocrx_word' id='word_1_183' title='bbox 2523 2964 2658 3012; x_wconf 77' lang='lat' dir='ltr'><strong>etC</strong></span> <span class='ocrx_word' id='word_1_184' title='bbox 2663 2964 2711 3012; x_wconf 89' lang='grc'><strong>1.</strong></span> 
     </span>
     <span class='ocr_line' id='line_1_25' title="bbox 521 3026 2712 3092; baseline 0.001 -17"><span class='ocrx_word' id='word_1_185' title='bbox 521 3042 622 3075; x_wconf 77' lang='lat' dir='ltr'><strong>sors</strong></span> <span class='ocrx_word' id='word_1_186' title='bbox 645 3028 909 3076; x_wconf 73' lang='lat' dir='ltr'><strong>miscuerat.</strong></span> <span class='ocrx_word' id='word_1_187' title='bbox 976 3029 1097 3078; x_wconf 82' lang='lat' dir='ltr'><strong>Ald.</strong></span> <span class='ocrx_word' id='word_1_188' title='bbox 1123 3030 1289 3079; x_wconf 85' lang='lat' dir='ltr'><strong>Colin.</strong></span> <span class='ocrx_word' id='word_1_189' title='bbox 1312 3031 1462 3092; x_wconf 83' lang='lat' dir='ltr'><strong>Gryp</strong></span> <span class='ocrx_word' id='word_1_190' title='bbox 1466 3031 1516 3078; x_wconf 89' lang='grc'><strong>11.</strong></span> <span class='ocrx_word' id='word_1_191' title='bbox 1540 3031 1676 3080; x_wconf 86' lang='lat' dir='ltr'><strong>Mer.</strong></span> <span class='ocrx_word' id='word_1_192' title='bbox 1702 3031 1819 3078; x_wconf 88' lang='lat' dir='ltr'><strong>Bas.</strong></span> <span class='ocrx_word' id='word_1_193' title='bbox 1842 3030 1953 3078; x_wconf 85' lang='lat' dir='ltr'><strong>Col.</strong></span> <span class='ocrx_word' id='word_1_194' title='bbox 1983 3028 2147 3089; x_wconf 71' lang='lat' dir='ltr'><strong>Lngd.</strong></span> <span class='ocrx_word' id='word_1_195' title='bbox 2171 3035 2227 3077; x_wconf 86' lang='lat' dir='ltr'><strong>et</strong></span> <span class='ocrx_word' id='word_1_196' title='bbox 2248 3026 2417 3078; x_wconf 84' lang='lat' dir='ltr'><strong>Amst.</strong></span> <span class='ocrx_word' id='word_1_197' title='bbox 2439 3029 2712 3078; x_wconf 69' lang='lat' dir='ltr'><strong>dimicabat.</strong></span> 
     </span>
     <span class='ocr_line' id='line_1_26' title="bbox 519 3093 2712 3158; baseline 0 -18"><span class='ocrx_word' id='word_1_198' title='bbox 519 3095 648 3140; x_wconf 78' lang='grc'><strong>-23</strong></span> <span class='ocrx_word' id='word_1_199' title='bbox 685 3093 855 3150; x_wconf 70' lang='lat' dir='ltr'><strong>Bono.</strong></span> <span class='ocrx_word' id='word_1_200' title='bbox 874 3094 1024 3143; x_wconf 80' lang='lat' dir='ltr'><strong>Voss.</strong></span> <span class='ocrx_word' id='word_1_201' title='bbox 1042 3099 1091 3143; x_wconf 88' lang='grc'><strong>2.</strong></span> <span class='ocrx_word' id='word_1_202' title='bbox 1127 3095 1272 3143; x_wconf 87' lang='lat' dir='ltr'><strong>Leid.</strong></span> <span class='ocrx_word' id='word_1_203' title='bbox 1295 3095 1524 3144; x_wconf 87' lang='lat' dir='ltr'><strong>Florent.</strong></span> <span class='ocrx_word' id='word_1_204' title='bbox 1551 3096 1687 3145; x_wconf 85' lang='lat' dir='ltr'><strong>Mer.</strong></span> <span class='ocrx_word' id='word_1_205' title='bbox 1710 3104 1762 3143; x_wconf 87' lang='lat' dir='ltr'><strong>et</strong></span> <span class='ocrx_word' id='word_1_206' title='bbox 1786 3095 1898 3144; x_wconf 86' lang='lat' dir='ltr'><strong>Col.</strong></span> <span class='ocrx_word' id='word_1_207' title='bbox 1925 3094 2145 3158; x_wconf 77' lang='lat' dir='ltr'><strong>proelium</strong></span> <span class='ocrx_word' id='word_1_208' title='bbox 2165 3096 2492 3143; x_wconf 64' lang='lat' dir='ltr'><strong>ueremur-ant</strong></span> <span class='ocrx_word' id='word_1_209' title='bbox 2562 3094 2712 3141; x_wconf 75' lang='lat' dir='ltr'><strong>Frob-</strong></span> 
     </span>
     <span class='ocr_line' id='line_1_27' title="bbox 519 3131 2711 3221; baseline 0.001 -17"><span class='ocrx_word' id='word_1_210' title='bbox 519 3156 689 3204; x_wconf 85' lang='lat' dir='ltr'><strong>Amst.</strong></span> <span class='ocrx_word' id='word_1_211' title='bbox 712 3165 770 3206; x_wconf 88' lang='lat' dir='ltr'><strong>et</strong></span> <span class='ocrx_word' id='word_1_212' title='bbox 791 3131 956 3220; x_wconf 79' lang='lat' dir='ltr'><strong>Lugd.</strong></span> <span class='ocrx_word' id='word_1_213' title='bbox 986 3174 1077 3221; x_wconf 81' lang='lat' dir='ltr'><strong>par</strong></span> <span class='ocrx_word' id='word_1_214' title='bbox 1094 3159 1225 3218; x_wconf 81' lang='lat' dir='ltr'><strong>sere.</strong></span> <span class='ocrx_word' id='word_1_215' title='bbox 1227 3163 1355 3208; x_wconf 87' lang='grc'><strong>-24</strong></span> <span class='ocrx_word' id='word_1_216' title='bbox 1389 3161 1618 3210; x_wconf 88' lang='lat' dir='ltr'><strong>Florent.</strong></span> <span class='ocrx_word' id='word_1_217' title='bbox 1665 3159 2099 3210; x_wconf 79' lang='lat' dir='ltr'><strong>Leid.voss.1</strong></span> <span class='ocrx_word' id='word_1_218' title='bbox 2144 3158 2308 3221; x_wconf 85' lang='lat' dir='ltr'><strong>Bong.</strong></span> <span class='ocrx_word' id='word_1_219' title='bbox 2343 3162 2392 3207; x_wconf 93' lang='grc'><strong>2.</strong></span> <span class='ocrx_word' id='word_1_220' title='bbox 2426 3167 2483 3206; x_wconf 82' lang='lat' dir='ltr'><strong>et</strong></span> <span class='ocrx_word' id='word_1_221' title='bbox 2519 3158 2711 3207; x_wconf 81' lang='lat' dir='ltr'><strong>Fanch.</strong></span> 
     </span>
     <span class='ocr_line' id='line_1_28' title="bbox 518 3221 2716 3288; baseline 0.001 -19"><span class='ocrx_word' id='word_1_222' title='bbox 518 3221 787 3284; x_wconf 66' lang='lat' dir='ltr'><strong>utrimque:</strong></span> <span class='ocrx_word' id='word_1_223' title='bbox 825 3222 945 3272; x_wconf 86' lang='lat' dir='ltr'><strong>Ald.</strong></span> <span class='ocrx_word' id='word_1_224' title='bbox 990 3231 1046 3272; x_wconf 85' lang='lat' dir='ltr'><strong>et</strong></span> <span class='ocrx_word' id='word_1_225' title='bbox 1091 3224 1244 3273; x_wconf 84' lang='lat' dir='ltr'><strong>Frob.</strong></span> <span class='ocrx_word' id='word_1_226' title='bbox 1280 3230 1530 3288; x_wconf 76' lang='lat' dir='ltr'><strong>utrumque</strong></span> <span class='ocrx_word' id='word_1_227' title='bbox 1562 3239 1750 3287; x_wconf 79' lang='lat' dir='ltr'><strong>regem,</strong></span> <span class='ocrx_word' id='word_1_228' title='bbox 1790 3224 1927 3272; x_wconf 86' lang='lat' dir='ltr'><strong>Mer.</strong></span> <span class='ocrx_word' id='word_1_229' title='bbox 1955 3232 2010 3273; x_wconf 90' lang='lat' dir='ltr'><strong>et</strong></span> <span class='ocrx_word' id='word_1_230' title='bbox 2046 3223 2214 3273; x_wconf 83' lang='lat' dir='ltr'><strong>Amst.</strong></span> <span class='ocrx_word' id='word_1_231' title='bbox 2253 3229 2504 3284; x_wconf 79' lang='lat' dir='ltr'><strong>utrumque</strong></span> <span class='ocrx_word' id='word_1_232' title='bbox 2538 3223 2716 3272; x_wconf 76' lang='lat' dir='ltr'><strong>dilecti.</strong></span> 
     </span>
     <span class='ocr_line' id='line_1_29' title="bbox 519 3287 2711 3340; baseline 0 -6"><span class='ocrx_word' id='word_1_233' title='bbox 519 3287 635 3335; x_wconf 86' lang='lat' dir='ltr'><strong>Pal.</strong></span> <span class='ocrx_word' id='word_1_234' title='bbox 661 3291 707 3335; x_wconf 92' lang='lat'><strong>1.</strong></span> <span class='ocrx_word' id='word_1_235' title='bbox 719 3288 953 3338; x_wconf 86' lang='lat' dir='ltr'><strong>omittit:</strong></span> <span class='ocrx_word' id='word_1_236' title='bbox 986 3289 1064 3337; x_wconf 78' lang='lat' dir='ltr'><strong>sui</strong></span> <span class='ocrx_word' id='word_1_237' title='bbox 1100 3290 1403 3340; x_wconf 78' lang='lat' dir='ltr'><strong>immemores.</strong></span> <span class='ocrx_word' id='word_1_238' title='bbox 1469 3291 1627 3340; x_wconf 83' lang='lat' dir='ltr'><strong>Voss.</strong></span> <span class='ocrx_word' id='word_1_239' title='bbox 1649 3294 1696 3339; x_wconf 89' lang='grc'><strong>2.</strong></span> <span class='ocrx_word' id='word_1_240' title='bbox 1738 3297 1793 3339; x_wconf 85' lang='lat' dir='ltr'><strong>et</strong></span> <span class='ocrx_word' id='word_1_241' title='bbox 1832 3289 2086 3338; x_wconf 62' lang='lat' dir='ltr'><strong>nonnullae</strong></span> <span class='ocrx_word' id='word_1_242' title='bbox 2126 3288 2246 3338; x_wconf 84' lang='lat' dir='ltr'><strong>edd.</strong></span> <span class='ocrx_word' id='word_1_243' title='bbox 2280 3303 2390 3335; x_wconf 81' lang='lat' dir='ltr'><strong>nam</strong></span> <span class='ocrx_word' id='word_1_244' title='bbox 2400 3294 2524 3340; x_wconf 81' lang='lat' dir='ltr'><strong>ante</strong></span> <span class='ocrx_word' id='word_1_245' title='bbox 2542 3290 2711 3338; x_wconf 71' lang='lat' dir='ltr'><strong>oculos.</strong></span> 
     </span>
     <span class='ocr_line' id='line_1_30' title="bbox 518 3352 2710 3418; baseline 0 -19"><span class='ocrx_word' id='word_1_246' title='bbox 518 3352 747 3400; x_wconf 84' lang='lat' dir='ltr'><strong>Florent.</strong></span> <span class='ocrx_word' id='word_1_247' title='bbox 773 3353 921 3402; x_wconf 89' lang='lat' dir='ltr'><strong>Leid.</strong></span> <span class='ocrx_word' id='word_1_248' title='bbox 946 3354 1098 3403; x_wconf 83' lang='lat' dir='ltr'><strong>Voss.</strong></span> <span class='ocrx_word' id='word_1_249' title='bbox 1124 3358 1170 3402; x_wconf 90' lang='lat'><strong>1.</strong></span> <span class='ocrx_word' id='word_1_250' title='bbox 1194 3359 1245 3405; x_wconf 90' lang='grc'><strong>2.</strong></span> <span class='ocrx_word' id='word_1_251' title='bbox 1280 3356 1435 3405; x_wconf 64' lang='lat' dir='ltr'><strong>Proh.</strong></span> <span class='ocrx_word' id='word_1_252' title='bbox 1459 3355 1594 3404; x_wconf 88' lang='lat' dir='ltr'><strong>Mer.</strong></span> <span class='ocrx_word' id='word_1_253' title='bbox 1636 3354 1752 3404; x_wconf 80' lang='lat' dir='ltr'><strong>Ald.</strong></span> <span class='ocrx_word' id='word_1_254' title='bbox 1790 3355 1955 3404; x_wconf 86' lang='lat' dir='ltr'><strong>Colin.</strong></span> <span class='ocrx_word' id='word_1_255' title='bbox 1977 3353 2178 3418; x_wconf 82' lang='lat' dir='ltr'><strong>Gryph.</strong></span> <span class='ocrx_word' id='word_1_256' title='bbox 2211 3353 2424 3402; x_wconf 72' lang='lat' dir='ltr'><strong>ducebat.</strong></span> <span class='ocrx_word' id='word_1_257' title='bbox 2427 3357 2557 3401; x_wconf 86' lang='grc'><strong>-25</strong></span> <span class='ocrx_word' id='word_1_258' title='bbox 2591 3352 2710 3401; x_wconf 85' lang='lat' dir='ltr'><strong>Flo-</strong></span> 
     </span>
     <span class='ocr_line' id='line_1_31' title="bbox 516 3417 2711 3481; baseline -0 -17"><span class='ocrx_word' id='word_1_259' title='bbox 516 3426 652 3465; x_wconf 82' lang='lat' dir='ltr'><strong>1·.ent</strong></span> <span class='ocrx_word' id='word_1_260' title='bbox 678 3418 824 3466; x_wconf 87' lang='lat' dir='ltr'><strong>Leid.</strong></span> <span class='ocrx_word' id='word_1_261' title='bbox 849 3419 995 3467; x_wconf 86' lang='lat' dir='ltr'><strong>Voss.</strong></span> <span class='ocrx_word' id='word_1_262' title='bbox 1022 3423 1069 3467; x_wconf 91' lang='lat'><strong>1.</strong></span> <span class='ocrx_word' id='word_1_263' title='bbox 1096 3420 1232 3468; x_wconf 80' lang='lat' dir='ltr'><strong>Dan.</strong></span> <span class='ocrx_word' id='word_1_264' title='bbox 1257 3420 1377 3469; x_wconf 85' lang='lat' dir='ltr'><strong>Pal.</strong></span> <span class='ocrx_word' id='word_1_265' title='bbox 1404 3425 1447 3468; x_wconf 95' lang='lat'><strong>1.</strong></span> <span class='ocrx_word' id='word_1_266' title='bbox 1473 3427 1530 3468; x_wconf 86' lang='lat' dir='ltr'><strong>et</strong></span> <span class='ocrx_word' id='word_1_267' title='bbox 1555 3420 1723 3480; x_wconf 81' lang='lat' dir='ltr'><strong>Bong.</strong></span> <span class='ocrx_word' id='word_1_268' title='bbox 1757 3419 2041 3474; x_wconf 73' lang='lat' dir='ltr'><strong>adhibebant</strong></span> <span class='ocrx_word' id='word_1_269' title='bbox 2069 3432 2212 3481; x_wconf 62' lang='lat' dir='ltr'><strong>quesn</strong></span> <span class='ocrx_word' id='word_1_270' title='bbox 2250 3418 2396 3466; x_wconf 82' lang='lat' dir='ltr'><strong>Voss.</strong></span> <span class='ocrx_word' id='word_1_271' title='bbox 2431 3421 2480 3465; x_wconf 85' lang='grc'><strong>2.</strong></span> <span class='ocrx_word' id='word_1_272' title='bbox 2519 3417 2711 3466; x_wconf 72' lang='lat' dir='ltr'><strong>adhibe-</strong></span> 
     </span>
     <span class='ocr_line' id='line_1_32' title="bbox 517 3481 2746 3549; baseline 0 -21"><span class='ocrx_word' id='word_1_273' title='bbox 517 3481 631 3530; x_wconf 80' lang='lat' dir='ltr'><strong>bant</strong></span> <span class='ocrx_word' id='word_1_274' title='bbox 655 3483 874 3544; x_wconf 82' lang='lat' dir='ltr'><strong>quidem‚·</strong></span> <span class='ocrx_word' id='word_1_275' title='bbox 909 3482 1031 3531; x_wconf 81' lang='lat' dir='ltr'><strong>Ald.</strong></span> <span class='ocrx_word' id='word_1_276' title='bbox 1070 3485 1234 3533; x_wconf 84' lang='lat' dir='ltr'><strong>Colin.</strong></span> <span class='ocrx_word' id='word_1_277' title='bbox 1277 3485 1426 3549; x_wconf 84' lang='lat' dir='ltr'><strong>Gryp</strong></span> <span class='ocrx_word' id='word_1_278' title='bbox 1431 3485 1479 3532; x_wconf 90' lang='grc'><strong>11.</strong></span> <span class='ocrx_word' id='word_1_279' title='bbox 1512 3484 1634 3532; x_wconf 76' lang='lat' dir='ltr'><strong>Bas.</strong></span> <span class='ocrx_word' id='word_1_280' title='bbox 1676 3484 1832 3533; x_wconf 86' lang='lat' dir='ltr'><strong>Frob.</strong></span> <span class='ocrx_word' id='word_1_281' title='bbox 1871 3485 2010 3535; x_wconf 87' lang='lat' dir='ltr'><strong>Mer.</strong></span> <span class='ocrx_word' id='word_1_282' title='bbox 2028 3490 2083 3532; x_wconf 88' lang='lat' dir='ltr'><strong>et</strong></span> <span class='ocrx_word' id='word_1_283' title='bbox 2106 3483 2216 3533; x_wconf 86' lang='lat' dir='ltr'><strong>Col.</strong></span> <span class='ocrx_word' id='word_1_284' title='bbox 2240 3483 2401 3531; x_wconf 79' lang='lat' dir='ltr'><strong>adibat</strong></span> <span class='ocrx_word' id='word_1_285' title='bbox 2421 3483 2522 3544; x_wconf 82' lang='lat' dir='ltr'><strong>qui.</strong></span> <span class='ocrx_word' id='word_1_286' title='bbox 2589 3481 2746 3541; x_wconf 55' lang='lat' dir='ltr'><strong>Am„</strong></span> 
     </span>
     <span class='ocr_line' id='line_1_33' title="bbox 516 3545 2710 3611; baseline 0.001 -18"><span class='ocrx_word' id='word_1_287' title='bbox 516 3546 682 3594; x_wconf 87' lang='lat' dir='ltr'><strong>Coliu.</strong></span> <span class='ocrx_word' id='word_1_288' title='bbox 710 3546 859 3611; x_wconf 83' lang='lat' dir='ltr'><strong>Gryp</strong></span> <span class='ocrx_word' id='word_1_289' title='bbox 864 3549 913 3596; x_wconf 93' lang='grc'><strong>11.</strong></span> <span class='ocrx_word' id='word_1_290' title='bbox 937 3548 1091 3597; x_wconf 86' lang='lat' dir='ltr'><strong>Frob.</strong></span> <span class='ocrx_word' id='word_1_291' title='bbox 1107 3550 1249 3598; x_wconf 85' lang='lat' dir='ltr'><strong>Mer.</strong></span> <span class='ocrx_word' id='word_1_292' title='bbox 1274 3550 1396 3598; x_wconf 80' lang='lat' dir='ltr'><strong>Bas·</strong></span> <span class='ocrx_word' id='word_1_293' title='bbox 1421 3557 1476 3598; x_wconf 91' lang='lat' dir='ltr'><strong>et</strong></span> <span class='ocrx_word' id='word_1_294' title='bbox 1495 3550 1608 3599; x_wconf 79' lang='lat' dir='ltr'><strong>Col.</strong></span> <span class='ocrx_word' id='word_1_295' title='bbox 1633 3549 1870 3599; x_wconf 74' lang='lat' dir='ltr'><strong>tuebatur.</strong></span> <span class='ocrx_word' id='word_1_296' title='bbox 1938 3548 2054 3598; x_wconf 81' lang='lat' dir='ltr'><strong>Pal.</strong></span> <span class='ocrx_word' id='word_1_297' title='bbox 2077 3553 2123 3601; x_wconf 85' lang='lat'><strong>1.</strong></span> <span class='ocrx_word' id='word_1_298' title='bbox 2148 3557 2201 3597; x_wconf 81' lang='lat' dir='ltr'><strong>et</strong></span> <span class='ocrx_word' id='word_1_299' title='bbox 2220 3548 2367 3604; x_wconf 86' lang='lat' dir='ltr'><strong>Voss.</strong></span> <span class='ocrx_word' id='word_1_300' title='bbox 2391 3545 2710 3608; x_wconf 72' lang='lat' dir='ltr'><strong>exspectabat.</strong></span> 
     </span>
     <span class='ocr_line' id='line_1_34' title="bbox 513 3564 2705 3678; baseline -0 -18"><span class='ocrx_word' id='word_1_301' title='bbox 513 3616 644 3660; x_wconf 82' lang='grc'><strong>-26</strong></span> <span class='ocrx_word' id='word_1_302' title='bbox 678 3564 992 3660; x_wconf 68' lang='grc' dir='ltr'><strong>Ὲ101).ρ.Μει·</strong></span> <span class='ocrx_word' id='word_1_303' title='bbox 1015 3612 1137 3662; x_wconf 80' lang='lat' dir='ltr'><strong>Ald.</strong></span> <span class='ocrx_word' id='word_1_304' title='bbox 1162 3615 1327 3663; x_wconf 89' lang='lat' dir='ltr'><strong>Colin.</strong></span> <span class='ocrx_word' id='word_1_305' title='bbox 1354 3613 1559 3678; x_wconf 84' lang='lat' dir='ltr'><strong>Grypb.</strong></span> <span class='ocrx_word' id='word_1_306' title='bbox 1586 3615 1705 3663; x_wconf 80' lang='lat' dir='ltr'><strong>Bas.</strong></span> <span class='ocrx_word' id='word_1_307' title='bbox 1746 3623 1801 3663; x_wconf 87' lang='lat' dir='ltr'><strong>et</strong></span> <span class='ocrx_word' id='word_1_308' title='bbox 1834 3614 1947 3663; x_wconf 82' lang='lat' dir='ltr'><strong>Col.</strong></span> <span class='ocrx_word' id='word_1_309' title='bbox 1978 3615 2060 3675; x_wconf 77' lang='lat' dir='ltr'><strong>qui</strong></span> <span class='ocrx_word' id='word_1_310' title='bbox 2094 3628 2137 3662; x_wconf 85' lang='lat' dir='ltr'><strong>c.</strong></span> <span class='ocrx_word' id='word_1_311' title='bbox 2173 3627 2349 3673; x_wconf 80' lang='lat' dir='ltr'><strong>regem</strong></span> <span class='ocrx_word' id='word_1_312' title='bbox 2358 3611 2705 3660; x_wconf 70' lang='lat' dir='ltr'><strong>Alexandrum.</strong></span> 
     </span>
     <span class='ocr_line' id='line_1_35' title="bbox 515 3675 2708 3742; baseline 0 -19"><span class='ocrx_word' id='word_1_313' title='bbox 515 3675 685 3738; x_wconf 83' lang='lat' dir='ltr'><strong>Bong.</strong></span> <span class='ocrx_word' id='word_1_314' title='bbox 715 3681 759 3725; x_wconf 93' lang='grc'><strong>1.</strong></span> <span class='ocrx_word' id='word_1_315' title='bbox 792 3679 985 3738; x_wconf 78' lang='lat' dir='ltr'><strong>paulum</strong></span> <span class='ocrx_word' id='word_1_316' title='bbox 1018 3694 1059 3726; x_wconf 76' lang='lat' dir='ltr'><strong>e.</strong></span> <span class='ocrx_word' id='word_1_317' title='bbox 1095 3687 1252 3741; x_wconf 81' lang='lat' dir='ltr'><strong>caput.</strong></span> <span class='ocrx_word' id='word_1_318' title='bbox 1304 3680 1486 3742; x_wconf 89' lang='lat' dir='ltr'><strong>Bong.</strong></span> <span class='ocrx_word' id='word_1_319' title='bbox 1524 3679 1757 3729; x_wconf 78' lang='lat' dir='ltr'><strong>Floreat.</strong></span> <span class='ocrx_word' id='word_1_320' title='bbox 1793 3679 1940 3731; x_wconf 87' lang='lat' dir='ltr'><strong>Leid.</strong></span> <span class='ocrx_word' id='word_1_321' title='bbox 1962 3686 2018 3727; x_wconf 88' lang='lat' dir='ltr'><strong>et</strong></span> <span class='ocrx_word' id='word_1_322' title='bbox 2041 3679 2191 3731; x_wconf 76' lang='lat' dir='ltr'><strong>Voss.</strong></span> <span class='ocrx_word' id='word_1_323' title='bbox 2216 3682 2262 3725; x_wconf 93' lang='lat'><strong>1.</strong></span> <span class='ocrx_word' id='word_1_324' title='bbox 2297 3692 2389 3725; x_wconf 73' lang='lat' dir='ltr'><strong>non</strong></span> <span class='ocrx_word' id='word_1_325' title='bbox 2426 3691 2535 3724; x_wconf 74' lang='lat' dir='ltr'><strong>sono</strong></span> <span class='ocrx_word' id='word_1_326' title='bbox 2553 3691 2708 3724; x_wconf 79' lang='lat' dir='ltr'><strong>armo·</strong></span> 
     </span>
     <span class='ocr_line' id='line_1_36' title="bbox 513 3741 2709 3806; baseline 0.001 -21"><span class='ocrx_word' id='word_1_327' title='bbox 513 3754 654 3797; x_wconf 72' lang='lat' dir='ltr'><strong>rum3</strong></span> <span class='ocrx_word' id='word_1_328' title='bbox 686 3742 837 3789; x_wconf 82' lang='lat' dir='ltr'><strong>Voss.</strong></span> <span class='ocrx_word' id='word_1_329' title='bbox 854 3746 903 3791; x_wconf 93' lang='grc'><strong>2.</strong></span> <span class='ocrx_word' id='word_1_330' title='bbox 928 3742 1049 3793; x_wconf 87' lang='lat' dir='ltr'><strong>Ald.</strong></span> <span class='ocrx_word' id='word_1_331' title='bbox 1065 3743 1231 3794; x_wconf 78' lang='lat' dir='ltr'><strong>Colin.</strong></span> <span class='ocrx_word' id='word_1_332' title='bbox 1253 3742 1364 3806; x_wconf 85' lang='lat' dir='ltr'><strong>Gry</strong></span> <span class='ocrx_word' id='word_1_333' title='bbox 1371 3745 1455 3806; x_wconf 83' lang='lat' dir='ltr'><strong>pb.</strong></span> <span class='ocrx_word' id='word_1_334' title='bbox 1477 3743 1635 3793; x_wconf 86' lang='lat' dir='ltr'><strong>Frob.</strong></span> <span class='ocrx_word' id='word_1_335' title='bbox 1656 3745 1796 3794; x_wconf 84' lang='lat' dir='ltr'><strong>Mer.</strong></span> <span class='ocrx_word' id='word_1_336' title='bbox 1821 3745 1941 3792; x_wconf 81' lang='lat' dir='ltr'><strong>Bas.</strong></span> <span class='ocrx_word' id='word_1_337' title='bbox 1965 3751 2018 3791; x_wconf 81' lang='lat' dir='ltr'><strong>et</strong></span> <span class='ocrx_word' id='word_1_338' title='bbox 2039 3743 2152 3792; x_wconf 85' lang='lat' dir='ltr'><strong>Col.</strong></span> <span class='ocrx_word' id='word_1_339' title='bbox 2172 3757 2257 3791; x_wconf 78' lang='lat' dir='ltr'><strong>nec</strong></span> <span class='ocrx_word' id='word_1_340' title='bbox 2276 3741 2434 3790; x_wconf 76' lang='lat' dir='ltr'><strong>sonitu</strong></span> <span class='ocrx_word' id='word_1_341' title='bbox 2454 3755 2709 3802; x_wconf 75' lang='lat' dir='ltr'><strong>annorum,</strong></span> 
     </span>
     <span class='ocr_line' id='line_1_37' title="bbox 515 3806 2707 3869; baseline 0.001 -18"><span class='ocrx_word' id='word_1_342' title='bbox 515 3819 599 3851; x_wconf 81' lang='lat' dir='ltr'><strong>nec</strong></span> <span class='ocrx_word' id='word_1_343' title='bbox 616 3806 945 3865; x_wconf 51' lang='lat' dir='ltr'><strong>gemitu—2⁷</strong></span> <span class='ocrx_word' id='word_1_344' title='bbox 980 3808 1120 3856; x_wconf 90' lang='lat' dir='ltr'><strong>Pith.</strong></span> <span class='ocrx_word' id='word_1_345' title='bbox 1157 3813 1205 3857; x_wconf 81' lang='lat' dir='ltr'><strong>et</strong></span> <span class='ocrx_word' id='word_1_346' title='bbox 1235 3810 1472 3858; x_wconf 60' lang='lat' dir='ltr'><strong>(sexuum.</strong></span> <span class='ocrx_word' id='word_1_347' title='bbox 1542 3808 1690 3858; x_wconf 88' lang='lat' dir='ltr'><strong>Idem</strong></span> <span class='ocrx_word' id='word_1_348' title='bbox 1713 3824 1830 3860; x_wconf 86' lang='lat' dir='ltr'><strong>curn</strong></span> <span class='ocrx_word' id='word_1_349' title='bbox 1855 3809 2046 3857; x_wconf 85' lang='lat' dir='ltr'><strong>Fauch.</strong></span> <span class='ocrx_word' id='word_1_350' title='bbox 2071 3807 2267 3856; x_wconf 89' lang='lat' dir='ltr'><strong>omittit</strong></span> <span class='ocrx_word' id='word_1_351' title='bbox 2285 3821 2451 3863; x_wconf 61' lang='lat' dir='ltr'><strong>avenn</strong></span> <span class='ocrx_word' id='word_1_352' title='bbox 2488 3819 2578 3869; x_wconf 87' lang='lat' dir='ltr'><strong>pro</strong></span> <span class='ocrx_word' id='word_1_353' title='bbox 2601 3819 2707 3868; x_wconf 86' lang='lat' dir='ltr'><strong>quo</strong></span> 
     </span>
     <span class='ocr_line' id='line_1_38' title="bbox 518 3867 2705 3937; baseline 0.001 -21"><span class='ocrx_word' id='word_1_354' title='bbox 518 3867 655 3919; x_wconf 82' lang='lat' dir='ltr'><strong>Dan.</strong></span> <span class='ocrx_word' id='word_1_355' title='bbox 680 3870 1035 3923; x_wconf 71' lang='lat' dir='ltr'><strong>hebetantem.</strong></span> <span class='ocrx_word' id='word_1_356' title='bbox 1103 3872 1501 3924; x_wconf 88' lang='lat' dir='ltr'><strong>Florent.Leid</strong></span> <span class='ocrx_word' id='word_1_357' title='bbox 1525 3874 1675 3924; x_wconf 80' lang='lat' dir='ltr'><strong>Vo.ss</strong></span> <span class='ocrx_word' id='word_1_358' title='bbox 1695 3879 1741 3923; x_wconf 89' lang='lat'><strong>1.</strong></span> <span class='ocrx_word' id='word_1_359' title='bbox 1760 3878 1808 3925; x_wconf 88' lang='grc'><strong>2.</strong></span> <span class='ocrx_word' id='word_1_360' title='bbox 1834 3874 2003 3937; x_wconf 84' lang='lat' dir='ltr'><strong>Bong.</strong></span> <span class='ocrx_word' id='word_1_361' title='bbox 2018 3871 2181 3936; x_wconf 83' lang='lat' dir='ltr'><strong>Lugd.</strong></span> <span class='ocrx_word' id='word_1_362' title='bbox 2206 3879 2262 3921; x_wconf 86' lang='lat' dir='ltr'><strong>et</strong></span> <span class='ocrx_word' id='word_1_363' title='bbox 2283 3872 2451 3921; x_wconf 86' lang='lat' dir='ltr'><strong>Amst.</strong></span> <span class='ocrx_word' id='word_1_364' title='bbox 2475 3876 2705 3920; x_wconf 76' lang='lat' dir='ltr'><strong>monstra-</strong></span> 
     </span>
    </p>
   </div>
   <div class='ocr_carea' id='block_1_7' title="bbox 1494 4021 1751 4073">
    <p class='ocr_par' dir='ltr' id='par_1_7' title="bbox 1494 4021 1751 4073">
     <span class='ocr_line' id='line_1_39' title="bbox 1494 4021 1751 4073; baseline 0.012 -3"><span class='ocrx_word' id='word_1_365' title='bbox 1494 4021 1710 4073; x_wconf 80' lang='lat' dir='ltr'>NOTAE</span> <span class='ocrx_word' id='word_1_366' title='bbox 1750 4070 1751 4073; x_wconf 75' lang='grc'>,</span> 
     </span>
    </p>
   </div>
   <div class='ocr_carea' id='block_1_8' title="bbox 512 4114 2702 4350">
    <p class='ocr_par' dir='ltr' id='par_1_8' title="bbox 512 4114 2702 4350">
     <span class='ocr_line' id='line_1_40' title="bbox 515 4114 2702 4192; baseline 0.003 -20"><span class='ocrx_word' id='word_1_367' title='bbox 515 4114 520 4123; x_wconf 72' lang='grc'><strong>’</strong></span> <span class='ocrx_word' id='word_1_368' title='bbox 573 4124 600 4157; x_wconf 81' lang='lat'><strong>¹²</strong></span> <span class='ocrx_word' id='word_1_369' title='bbox 631 4123 931 4191; x_wconf 76' lang='lat' dir='ltr'><strong>Auspicium]</strong></span> <span class='ocrx_word' id='word_1_370' title='bbox 969 4127 1155 4192; x_wconf 77' lang='lat' dir='ltr'><strong>Aquila</strong></span> <span class='ocrx_word' id='word_1_371' title='bbox 1174 4131 1418 4182; x_wconf 83' lang='lat' dir='ltr'><strong>bellatrix</strong></span> <span class='ocrx_word' id='word_1_372' title='bbox 1439 4134 1567 4191; x_wconf 81' lang='lat' dir='ltr'><strong>ales,</strong></span> <span class='ocrx_word' id='word_1_373' title='bbox 1650 4150 1756 4185; x_wconf 65' lang='lat' dir='ltr'><strong>nos..</strong></span> <span class='ocrx_word' id='word_1_374' title='bbox 1823 4135 2066 4185; x_wconf 79' lang='lat' dir='ltr'><strong>Ceterum</strong></span> <span class='ocrx_word' id='word_1_375' title='bbox 2100 4134 2412 4184; x_wconf 81' lang='lat' dir='ltr'><strong>Plutarchus</strong></span> <span class='ocrx_word' id='word_1_376' title='bbox 2432 4133 2557 4183; x_wconf 85' lang='lat' dir='ltr'><strong>hanc</strong></span> <span class='ocrx_word' id='word_1_377' title='bbox 2578 4135 2702 4182; x_wconf 84' lang='lat' dir='ltr'><strong>ante</strong></span> 
     </span>
     <span class='ocr_line' id='line_1_41' title="bbox 512 4195 2443 4289; baseline 0.005 -39"><span class='ocrx_word' id='word_1_378' title='bbox 512 4195 569 4250; x_wconf 76' lang='lat' dir='ltr'><strong>et</strong></span> <span class='ocrx_word' id='word_1_379' title='bbox 592 4202 856 4251; x_wconf 86' lang='lat' dir='ltr'><strong>volucrum</strong></span> <span class='ocrx_word' id='word_1_380' title='bbox 871 4206 1069 4268; x_wconf 84' lang='lat' dir='ltr'><strong>regina,</strong></span> <span class='ocrx_word' id='word_1_381' title='bbox 1087 4209 1315 4258; x_wconf 85' lang='lat' dir='ltr'><strong>victoriae</strong></span> <span class='ocrx_word' id='word_1_382' title='bbox 1337 4224 1397 4258; x_wconf 80' lang='lat' dir='ltr'><strong>ac</strong></span> <span class='ocrx_word' id='word_1_383' title='bbox 1420 4211 1568 4275; x_wconf 82' lang='lat' dir='ltr'><strong>regni</strong></span> <span class='ocrx_word' id='word_1_384' title='bbox 1651 4197 1888 4289; x_wconf 75' lang='lat' dir='ltr'><strong>praelium</strong></span> <span class='ocrx_word' id='word_1_385' title='bbox 1913 4213 2211 4277; x_wconf 84' lang='lat' dir='ltr'><strong>apparuisse</strong></span> <span class='ocrx_word' id='word_1_386' title='bbox 2233 4211 2443 4262; x_wconf 84' lang='lat' dir='ltr'><strong>scribit.</strong></span> 
     </span>
     <span class='ocr_line' id='line_1_42' title="bbox 512 4276 1760 4350; baseline 0.01 -24"><span class='ocrx_word' id='word_1_387' title='bbox 512 4292 664 4329; x_wconf 86' lang='lat' dir='ltr'><strong>omen</strong></span> <span class='ocrx_word' id='word_1_388' title='bbox 685 4276 877 4327; x_wconf 85' lang='lat' dir='ltr'><strong>habere</strong></span> <span class='ocrx_word' id='word_1_389' title='bbox 901 4280 1102 4332; x_wconf 81' lang='lat' dir='ltr'><strong>credita</strong></span> <span class='ocrx_word' id='word_1_390' title='bbox 1123 4289 1205 4334; x_wconf 78' lang='lat' dir='ltr'><strong>est</strong></span> <span class='ocrx_word' id='word_1_391' title='bbox 1228 4285 1364 4348; x_wconf 78' lang='lat' dir='ltr'><strong>apud</strong></span> <span class='ocrx_word' id='word_1_392' title='bbox 1396 4285 1568 4350; x_wconf 84' lang='lat' dir='ltr'><strong>profa-</strong></span> <span class='ocrx_word' id='word_1_393' title='bbox 1755 4297 1760 4300; x_wconf 84' lang='grc'><em>“</em></span> 
     </span>
    </p>
   </div>
  </div>
 </body>
</html>
