<?xml version="1.0" encoding="UTF-8"?>
<!DOCTYPE html PUBLIC "-//W3C//DTD XHTML 1.0 Transitional//EN"
    "http://www.w3.org/TR/xhtml1/DTD/xhtml1-transitional.dtd">
<html xmlns="http://www.w3.org/1999/xhtml" xml:lang="en" lang="en">
 <head>
  <title>
</title>
<meta http-equiv="Content-Type" content="text/html;charset=utf-8" />
  <meta name='ocr-system' content='tesseract 3.04.00' />
  <meta name='ocr-capabilities' content='ocr_page ocr_carea ocr_par ocr_line ocrx_word'/>
</head>
<body>
  <div class='ocr_page' id='page_1' title='image "./quinticurtiiruf03rufugoog_0448.png"; bbox 0 0 2978 4933; ppageno 0'>
   <div class='ocr_carea' id='block_1_1' title="bbox 535 363 2251 440">
    <p class='ocr_par' dir='ltr' id='par_1_1' title="bbox 535 363 2251 440">
     <span class='ocr_line' id='line_1_1' title="bbox 535 363 2251 440; baseline 0.002 -12"><span class='ocrx_word' id='word_1_1' title='bbox 535 363 667 431; x_wconf 88' lang='grc'><strong>402</strong></span> <span class='ocrx_word' id='word_1_2' title='bbox 1027 380 1095 440; x_wconf 83' lang='lat' dir='ltr'><strong>Q·</strong></span> <span class='ocrx_word' id='word_1_3' title='bbox 1140 376 1403 427; x_wconf 75' lang='lat' dir='ltr'><strong>cunm</strong></span> <span class='ocrx_word' id='word_1_4' title='bbox 1453 376 1635 427; x_wconf 74' lang='lat' dir='ltr'><strong>nuri</strong></span> <span class='ocrx_word' id='word_1_5' title='bbox 1690 378 1834 428; x_wconf 76' lang='lat' dir='ltr'><strong>Lm.</strong></span> <span class='ocrx_word' id='word_1_6' title='bbox 1882 372 1957 427; x_wconf 70' lang='lat' dir='ltr'><strong>v.</strong></span> <span class='ocrx_word' id='word_1_7' title='bbox 1998 380 2160 430; x_wconf 76' lang='lat' dir='ltr'><strong>cAP.</strong></span> <span class='ocrx_word' id='word_1_8' title='bbox 2184 366 2251 432; x_wconf 84' lang='lat'><strong>9.</strong></span> 
     </span>
    </p>
   </div>
   <div class='ocr_carea' id='block_1_2' title="bbox 521 520 2729 2151">
    <p class='ocr_par' dir='ltr' id='par_1_2' title="bbox 521 520 2729 2151">
     <span class='ocr_line' id='line_1_2' title="bbox 533 520 2724 607; baseline -0 -18"><span class='ocrx_word' id='word_1_9' title='bbox 533 523 676 607; x_wconf 85' lang='lat' dir='ltr'><strong>regi</strong></span> <span class='ocrx_word' id='word_1_10' title='bbox 706 522 828 588; x_wconf 88' lang='lat' dir='ltr'><strong>tibi</strong></span> <span class='ocrx_word' id='word_1_11' title='bbox 858 520 1281 587; x_wconf 81' lang='lat' dir='ltr'><strong>fiduciariam</strong></span> <span class='ocrx_word' id='word_1_12' title='bbox 1316 522 1621 587; x_wconf 81' lang='lat' dir='ltr'><strong>restituet</strong></span> <span class='ocrx_word' id='word_1_13' title='bbox 1648 521 2043 607; x_wconf 69' lang='lat' dir='ltr'><strong>imperium!</strong></span> <span class='ocrx_word' id='word_1_14' title='bbox 2127 523 2191 589; x_wconf 87' lang='lat'><strong>9.</strong></span> <span class='ocrx_word' id='word_1_15' title='bbox 2237 521 2450 587; x_wconf 90' lang='lat' dir='ltr'><strong>Haud</strong></span> <span class='ocrx_word' id='word_1_16' title='bbox 2493 520 2724 588; x_wconf 79' lang='lat' dir='ltr'><strong>mirum</strong></span> 
     </span>
     <span class='ocr_line' id='line_1_3' title="bbox 535 623 2728 710; baseline -0 -18"><span class='ocrx_word' id='word_1_17' title='bbox 535 635 662 705; x_wconf 90' lang='lat' dir='ltr'><strong>est,</strong></span> <span class='ocrx_word' id='word_1_18' title='bbox 695 626 983 691; x_wconf 87' lang='lat' dir='ltr'><strong>Darium</strong></span> <span class='ocrx_word' id='word_1_19' title='bbox 1006 645 1141 690; x_wconf 90' lang='lat' dir='ltr'><strong>non</strong></span> <span class='ocrx_word' id='word_1_20' title='bbox 1171 623 1584 710; x_wconf 77' lang='lat' dir='ltr'><strong>temperasse</strong></span> <span class='ocrx_word' id='word_1_21' title='bbox 1608 626 1858 704; x_wconf 90' lang='lat' dir='ltr'><strong>animo,</strong></span> <span class='ocrx_word' id='word_1_22' title='bbox 1885 645 2303 710; x_wconf 81' lang='lat' dir='ltr'><strong>quanquam,</strong></span> <span class='ocrx_word' id='word_1_23' title='bbox 2334 632 2477 690; x_wconf 87' lang='lat' dir='ltr'><strong>tam</strong></span> <span class='ocrx_word' id='word_1_24' title='bbox 2508 626 2728 709; x_wconf 81' lang='lat' dir='ltr'><strong>impiae</strong></span> 
     </span>
     <span class='ocr_line' id='line_1_4' title="bbox 531 725 2728 813; baseline -0.002 -18"><span class='ocrx_word' id='word_1_25' title='bbox 531 730 688 795; x_wconf 83' lang='lat' dir='ltr'><strong>voci</strong></span> <span class='ocrx_word' id='word_1_26' title='bbox 716 733 1034 813; x_wconf 87' lang='lat' dir='ltr'><strong>quantum</strong></span> <span class='ocrx_word' id='word_1_27' title='bbox 1065 727 1255 792; x_wconf 85' lang='lat' dir='ltr'><strong>nefas</strong></span> <span class='ocrx_word' id='word_1_28' title='bbox 1287 728 1619 805; x_wconf 86' lang='lat' dir='ltr'><strong>subesset,</strong></span> <span class='ocrx_word' id='word_1_29' title='bbox 1652 729 1946 793; x_wconf 85' lang='lat' dir='ltr'><strong>latebat:</strong></span> <span class='ocrx_word' id='word_1_30' title='bbox 1992 729 2249 812; x_wconf 90' lang='lat' dir='ltr'><strong>itaque,</strong></span> <span class='ocrx_word' id='word_1_31' title='bbox 2278 731 2301 762; x_wconf 88' lang='lat'>‘</span> <span class='ocrx_word' id='word_1_32' title='bbox 2320 725 2728 812; x_wconf 87' lang='lat' dir='ltr'><strong>pessimum,&#39;</strong></span> 
     </span>
     <span class='ocr_line' id='line_1_5' title="bbox 531 829 2729 916; baseline -0 -20"><span class='ocrx_word' id='word_1_33' title='bbox 531 832 769 916; x_wconf 88' lang='lat' dir='ltr'><strong>inquit,</strong></span> <span class='ocrx_word' id='word_1_34' title='bbox 823 835 842 864; x_wconf 92' lang='lat'>‘</span> <span class='ocrx_word' id='word_1_35' title='bbox 864 829 1294 914; x_wconf 86' lang='lat' dir='ltr'><strong>mancipium,</strong></span> <span class='ocrx_word' id='word_1_36' title='bbox 1325 831 1628 913; x_wconf 88' lang='lat' dir='ltr'><strong>reperisti</strong></span> <span class='ocrx_word' id='word_1_37' title='bbox 1659 835 2057 914; x_wconf 87' lang='lat' dir='ltr'><strong>exoptatum</strong></span> <span class='ocrx_word' id='word_1_38' title='bbox 2085 831 2214 896; x_wconf 86' lang='lat' dir='ltr'><strong>tibi</strong></span> <span class='ocrx_word' id='word_1_39' title='bbox 2259 837 2552 915; x_wconf 77' lang='lat' dir='ltr'><strong>tempuS,</strong></span> <span class='ocrx_word' id='word_1_40' title='bbox 2574 878 2577 881; x_wconf 16' lang='grc' dir='ltr'><em>Α</em></span> <span class='ocrx_word' id='word_1_41' title='bbox 2599 836 2729 914; x_wconf 78' lang='lat' dir='ltr'><strong>quo</strong></span> 
     </span>
     <span class='ocr_line' id='line_1_6' title="bbox 533 933 2728 1021; baseline -0.002 -20"><span class='ocrx_word' id='word_1_42' title='bbox 533 933 965 1021; x_wconf 87' lang='lat' dir='ltr'><strong>parricidium</strong></span> <span class='ocrx_word' id='word_1_43' title='bbox 996 934 1324 1016; x_wconf 87' lang='lat' dir='ltr'><strong>aperires!</strong></span> <span class='ocrx_word' id='word_1_44' title='bbox 1346 933 1364 960; x_wconf 92' lang='lat'>&#39;</span> <span class='ocrx_word' id='word_1_45' title='bbox 1408 934 1518 1000; x_wconf 87' lang='grc'><strong>10.</strong></span> <span class='ocrx_word' id='word_1_46' title='bbox 1564 935 1935 1018; x_wconf 86' lang='lat' dir='ltr'><strong>strictoque</strong></span> <span class='ocrx_word' id='word_1_47' title='bbox 1964 935 2241 1000; x_wconf 84' lang='lat' dir='ltr'><strong>acinace</strong></span> <span class='ocrx_word' id='word_1_48' title='bbox 2271 933 2728 999; x_wconf 82' lang='lat' dir='ltr'><strong>interfecturus</strong></span> 
     </span>
     <span class='ocr_line' id='line_1_7' title="bbox 530 1033 2729 1127; baseline -0.002 -23"><span class='ocrx_word' id='word_1_49' title='bbox 530 1038 907 1115; x_wconf 80' lang='lat' dir='ltr'><strong>videbatur,</strong></span> <span class='ocrx_word' id='word_1_50' title='bbox 938 1037 1007 1101; x_wconf 90' lang='lat' dir='ltr'><strong>ni</strong></span> <span class='ocrx_word' id='word_1_51' title='bbox 1035 1033 1358 1121; x_wconf 69' lang='lat' dir='ltr'><strong>propered</strong></span> <span class='ocrx_word' id='word_1_52' title='bbox 1391 1039 1652 1103; x_wconf 84' lang='lat' dir='ltr'><strong>Bessus</strong></span> <span class='ocrx_word' id='word_1_53' title='bbox 1669 1039 2144 1127; x_wconf 68' lang='lat' dir='ltr'><strong>Bactrianique</strong></span> <span class='ocrx_word' id='word_1_54' title='bbox 2164 1038 2454 1103; x_wconf 88' lang='lat' dir='ltr'><strong>tristium</strong></span> <span class='ocrx_word' id='word_1_55' title='bbox 2482 1037 2729 1120; x_wconf 87' lang='lat' dir='ltr'><strong>specie,</strong></span> 
     </span>
     <span class='ocr_line' id='line_1_8' title="bbox 529 1138 2729 1223; baseline -0.003 -17"><span class='ocrx_word' id='word_1_56' title='bbox 529 1146 841 1217; x_wconf 89' lang='lat' dir='ltr'><strong>ceterum,</strong></span> <span class='ocrx_word' id='word_1_57' title='bbox 903 1140 961 1204; x_wconf 90' lang='lat' dir='ltr'><strong>si</strong></span> <span class='ocrx_word' id='word_1_58' title='bbox 1016 1148 1492 1223; x_wconf 87' lang='lat' dir='ltr'><strong>perseveraret,</strong></span> <span class='ocrx_word' id='word_1_59' title='bbox 1549 1140 1859 1218; x_wconf 82' lang='lat' dir='ltr'><strong>vincturi,</strong></span> <span class='ocrx_word' id='word_1_60' title='bbox 1920 1139 2540 1207; x_wconf 87' lang='lat' dir='ltr'><strong>circumstetissent.</strong></span> <span class='ocrx_word' id='word_1_61' title='bbox 2630 1138 2729 1201; x_wconf 87' lang='lat'><strong>11.</strong></span> 
     </span>
     <span class='ocr_line' id='line_1_9' title="bbox 528 1242 2728 1326; baseline -0.002 -18"><span class='ocrx_word' id='word_1_62' title='bbox 528 1243 966 1308; x_wconf 81' lang='lat' dir='ltr'><strong>Nabarzanes</strong></span> <span class='ocrx_word' id='word_1_63' title='bbox 995 1244 1255 1308; x_wconf 85' lang='lat' dir='ltr'><strong>interim</strong></span> <span class='ocrx_word' id='word_1_64' title='bbox 1300 1244 1597 1326; x_wconf 67' lang='lat' dir='ltr'><strong>elapsus»,</strong></span> <span class='ocrx_word' id='word_1_65' title='bbox 1639 1262 1803 1307; x_wconf 83' lang='lat' dir='ltr'><strong>mox</strong></span> <span class='ocrx_word' id='word_1_66' title='bbox 1838 1251 1916 1307; x_wconf 87' lang='lat' dir='ltr'><strong>et</strong></span> <span class='ocrx_word' id='word_1_67' title='bbox 1966 1242 2223 1306; x_wconf 87' lang='lat' dir='ltr'><strong>Bessus</strong></span> <span class='ocrx_word' id='word_1_68' title='bbox 2272 1247 2585 1318; x_wconf 73' lang='lat' dir='ltr'><strong>secutae,</strong></span> <span class='ocrx_word' id='word_1_69' title='bbox 2617 1259 2728 1304; x_wconf 92' lang='lat' dir='ltr'><strong>co-</strong></span> 
     </span>
     <span class='ocr_line' id='line_1_10' title="bbox 524 1334 2727 1431; baseline -0.002 -19"><span class='ocrx_word' id='word_1_70' title='bbox 524 1347 703 1431; x_wconf 89' lang='lat' dir='ltr'><strong>pias,</strong></span> <span class='ocrx_word' id='word_1_71' title='bbox 748 1347 996 1430; x_wconf 87' lang='lat' dir='ltr'><strong>quibus</strong></span> <span class='ocrx_word' id='word_1_72' title='bbox 1040 1355 1396 1430; x_wconf 77' lang='lat' dir='ltr'><strong>praeerant,</strong></span> <span class='ocrx_word' id='word_1_73' title='bbox 1450 1352 1471 1381; x_wconf 94' lang='lat'>‘</span> <span class='ocrx_word' id='word_1_74' title='bbox 1495 1365 1538 1411; x_wconf 87' lang='lat' dir='ltr'><strong>a</strong></span> <span class='ocrx_word' id='word_1_75' title='bbox 1593 1334 1815 1411; x_wconf 87' lang='lat' dir='ltr'><strong>cetero</strong></span> <span class='ocrx_word' id='word_1_76' title='bbox 1865 1347 2167 1411; x_wconf 82' lang='lat' dir='ltr'><strong>exercitu</strong></span> <span class='ocrx_word' id='word_1_77' title='bbox 2227 1345 2543 1410; x_wconf 89' lang='lat' dir='ltr'><strong>secedere</strong></span> <span class='ocrx_word' id='word_1_78' title='bbox 2567 1342 2585 1366; x_wconf 89' lang='grc'><strong><em>’</em></strong></span> <span class='ocrx_word' id='word_1_79' title='bbox 2619 1344 2727 1428; x_wconf 86' lang='lat' dir='ltr'><strong>ju-</strong></span> 
     </span>
     <span class='ocr_line' id='line_1_11' title="bbox 525 1447 2729 1526; baseline 0 -13"><span class='ocrx_word' id='word_1_80' title='bbox 525 1450 713 1525; x_wconf 85' lang='lat' dir='ltr'><strong>bent,</strong></span> <span class='ocrx_word' id='word_1_81' title='bbox 775 1454 1103 1513; x_wconf 89' lang='lat' dir='ltr'><strong>secretum</strong></span> <span class='ocrx_word' id='word_1_82' title='bbox 1151 1447 1373 1513; x_wconf 89' lang='lat' dir='ltr'><strong>inituri</strong></span> <span class='ocrx_word' id='word_1_83' title='bbox 1423 1448 1802 1514; x_wconf 89' lang='lat' dir='ltr'><strong>consilium.</strong></span> <span class='ocrx_word' id='word_1_84' title='bbox 1892 1449 2000 1515; x_wconf 75' lang='lat'><strong>12.</strong></span> <span class='ocrx_word' id='word_1_85' title='bbox 2044 1449 2457 1526; x_wconf 80' lang='lat' dir='ltr'><strong>ArtabazuS‚</strong></span> <span class='ocrx_word' id='word_1_86' title='bbox 2488 1462 2729 1513; x_wconf 79' lang='lat' dir='ltr'><strong>conve-</strong></span> 
     </span>
     <span class='ocr_line' id='line_1_12' title="bbox 523 1549 2725 1635; baseline 0 -19"><span class='ocrx_word' id='word_1_87' title='bbox 523 1552 812 1618; x_wconf 87' lang='lat' dir='ltr'><strong>nientem</strong></span> <span class='ocrx_word' id='word_1_88' title='bbox 859 1551 1172 1635; x_wconf 84' lang='lat' dir='ltr'><strong>praesenti</strong></span> <span class='ocrx_word' id='word_1_89' title='bbox 1222 1549 1506 1617; x_wconf 78' lang='lat' dir='ltr'><strong>fortunae</strong></span> <span class='ocrx_word' id='word_1_90' title='bbox 1556 1552 1950 1617; x_wconf 86' lang='lat' dir='ltr'><strong>sententiam</strong></span> <span class='ocrx_word' id='word_1_91' title='bbox 1999 1569 2217 1630; x_wconf 90' lang='lat' dir='ltr'><strong>orsus,</strong></span> <span class='ocrx_word' id='word_1_92' title='bbox 2244 1552 2551 1635; x_wconf 85' lang='lat' dir='ltr'><strong>mitigare</strong></span> <span class='ocrx_word' id='word_1_93' title='bbox 2589 1551 2725 1616; x_wconf 56' lang='lat' dir='ltr'><strong>Dar·</strong></span> 
     </span>
     <span class='ocr_line' id='line_1_13' title="bbox 521 1652 2723 1738; baseline -0 -18"><span class='ocrx_word' id='word_1_94' title='bbox 521 1655 721 1732; x_wconf 89' lang='lat' dir='ltr'><strong>rium,</strong></span> <span class='ocrx_word' id='word_1_95' title='bbox 780 1659 1155 1737; x_wconf 90' lang='lat' dir='ltr'><strong>temporum</strong></span> <span class='ocrx_word' id='word_1_96' title='bbox 1213 1652 1574 1719; x_wconf 88' lang='lat' dir='ltr'><strong>identidem</strong></span> <span class='ocrx_word' id='word_1_97' title='bbox 1645 1654 2034 1732; x_wconf 89' lang='lat' dir='ltr'><strong>admonens,</strong></span> <span class='ocrx_word' id='word_1_98' title='bbox 2097 1654 2352 1738; x_wconf 83' lang='lat' dir='ltr'><strong>coepit:</strong></span> <span class='ocrx_word' id='word_1_99' title='bbox 2440 1658 2461 1690; x_wconf 87' lang='lat'>‘</span> <span class='ocrx_word' id='word_1_100' title='bbox 2496 1652 2723 1719; x_wconf 88' lang='lat' dir='ltr'><strong>Ferret</strong></span> 
     </span>
     <span class='ocr_line' id='line_1_14' title="bbox 526 1756 2721 1843; baseline -0.001 -19"><span class='ocrx_word' id='word_1_101' title='bbox 526 1777 724 1843; x_wconf 82' lang='lat' dir='ltr'><strong>aequo</strong></span> <span class='ocrx_word' id='word_1_102' title='bbox 773 1758 996 1822; x_wconf 91' lang='lat' dir='ltr'><strong>animo</strong></span> <span class='ocrx_word' id='word_1_103' title='bbox 1038 1757 1685 1841; x_wconf 67' lang='lat' dir='ltr'><strong>qualiumcumque‚²</strong></span> <span class='ocrx_word' id='word_1_104' title='bbox 1730 1776 2009 1821; x_wconf 86' lang='lat' dir='ltr'><strong>suorum</strong></span> <span class='ocrx_word' id='word_1_105' title='bbox 2066 1767 2311 1834; x_wconf 86' lang='lat' dir='ltr'><strong>tamen,</strong></span> <span class='ocrx_word' id='word_1_106' title='bbox 2339 1757 2449 1822; x_wconf 84' lang='lat' dir='ltr'><strong>vel</strong></span> <span class='ocrx_word' id='word_1_107' title='bbox 2507 1756 2721 1822; x_wconf 78' lang='lat' dir='ltr'><strong>stulti-</strong></span> 
     </span>
     <span class='ocr_line' id='line_1_15' title="bbox 523 1856 2719 1942; baseline -0.002 -16"><span class='ocrx_word' id='word_1_108' title='bbox 523 1862 686 1926; x_wconf 87' lang='lat' dir='ltr'><strong>tiam</strong></span> <span class='ocrx_word' id='word_1_109' title='bbox 718 1860 828 1925; x_wconf 89' lang='lat' dir='ltr'><strong>vel</strong></span> <span class='ocrx_word' id='word_1_110' title='bbox 879 1877 1198 1924; x_wconf 89' lang='lat' dir='ltr'><strong>errorem.</strong></span> <span class='ocrx_word' id='word_1_111' title='bbox 1290 1858 1561 1923; x_wconf 84' lang='lat' dir='ltr'><strong>Instare</strong></span> <span class='ocrx_word' id='word_1_112' title='bbox 1593 1856 2058 1924; x_wconf 85' lang='lat' dir='ltr'><strong>Alexandrum</strong></span> <span class='ocrx_word' id='word_1_113' title='bbox 2091 1879 2381 1942; x_wconf 87' lang='lat' dir='ltr'><strong>gravem,</strong></span> <span class='ocrx_word' id='word_1_114' title='bbox 2429 1859 2638 1925; x_wconf 86' lang='lat' dir='ltr'><strong>etiam</strong></span> <span class='ocrx_word' id='word_1_115' title='bbox 2665 1859 2719 1923; x_wconf 88' lang='lat' dir='ltr'><strong>si</strong></span> 
     </span>
     <span class='ocr_line' id='line_1_16' title="bbox 525 1959 2719 2046; baseline -0.002 -18"><span class='ocrx_word' id='word_1_116' title='bbox 525 1982 757 2028; x_wconf 90' lang='lat' dir='ltr'><strong>omnes</strong></span> <span class='ocrx_word' id='word_1_117' title='bbox 788 1967 1039 2046; x_wconf 86' lang='lat' dir='ltr'><strong>praesto</strong></span> <span class='ocrx_word' id='word_1_118' title='bbox 1086 1966 1381 2026; x_wconf 72' lang='lat' dir='ltr'><strong>essentz·</strong></span> <span class='ocrx_word' id='word_1_119' title='bbox 1440 1959 1607 2044; x_wconf 90' lang='lat' dir='ltr'><strong>quid</strong></span> <span class='ocrx_word' id='word_1_120' title='bbox 1666 1959 1987 2040; x_wconf 84' lang='lat' dir='ltr'><strong>futurum,</strong></span> <span class='ocrx_word' id='word_1_121' title='bbox 2015 1961 2075 2024; x_wconf 89' lang='lat' dir='ltr'><strong>si</strong></span> <span class='ocrx_word' id='word_1_122' title='bbox 2125 1960 2461 2044; x_wconf 83' lang='lat' dir='ltr'><strong>persecuti</strong></span> <span class='ocrx_word' id='word_1_123' title='bbox 2499 1960 2719 2043; x_wconf 85' lang='lat' dir='ltr'><strong>fugam</strong></span> 
     </span>
     <span class='ocr_line' id='line_1_17' title="bbox 524 2060 2719 2151; baseline 0 -20"><span class='ocrx_word' id='word_1_124' title='bbox 524 2067 747 2151; x_wconf 90' lang='lat' dir='ltr'><strong>ipsius</strong></span> <span class='ocrx_word' id='word_1_125' title='bbox 782 2065 1153 2129; x_wconf 85' lang='lat' dir='ltr'><strong>alienentur</strong></span> <span class='ocrx_word' id='word_1_126' title='bbox 1181 2066 1256 2148; x_wconf 88' lang='lat' dir='ltr'><strong>[a</strong></span> <span class='ocrx_word' id='word_1_127' title='bbox 1283 2064 1469 2146; x_wconf 87' lang='lat' dir='ltr'><strong>rege]</strong></span> <span class='ocrx_word' id='word_1_128' title='bbox 1491 2065 1520 2128; x_wconf 68' lang='lat' dir='ltr'><strong>i</strong></span> <span class='ocrx_word' id='word_1_129' title='bbox 1544 2062 1561 2089; x_wconf 88' lang='lat'><em>’</em></span> <span class='ocrx_word' id='word_1_130' title='bbox 1590 2060 1613 2100; x_wconf 72' lang='lat' dir='ltr'>f</span> <span class='ocrx_word' id='word_1_131' title='bbox 1692 2063 1800 2128; x_wconf 79' lang='lat'><strong>13.</strong></span> <span class='ocrx_word' id='word_1_132' title='bbox 1852 2063 1954 2127; x_wconf 90' lang='lat' dir='ltr'><strong>Ea</strong></span> <span class='ocrx_word' id='word_1_133' title='bbox 1991 2081 2062 2126; x_wconf 89' lang='lat' dir='ltr'><strong>re</strong></span> <span class='ocrx_word' id='word_1_134' title='bbox 2089 2062 2315 2147; x_wconf 86' lang='lat' dir='ltr'><strong>paruit</strong></span> <span class='ocrx_word' id='word_1_135' title='bbox 2343 2060 2719 2132; x_wconf 78' lang='lat' dir='ltr'><strong>Artabazoi</strong></span> 
     </span>
    </p>
   </div>
   <div class='ocr_carea' id='block_1_3' title="bbox 587 2263 2272 2445">
    <p class='ocr_par' dir='ltr' id='par_1_3' title="bbox 587 2263 2272 2445">
     <span class='ocr_line' id='line_1_18' title="bbox 587 2263 2272 2322; baseline -0.002 -7"><span class='ocrx_word' id='word_1_136' title='bbox 587 2274 607 2299; x_wconf 61' lang='grc' dir='ltr'><strong><em>θ</em></strong></span> <span class='ocrx_word' id='word_1_137' title='bbox 643 2267 742 2322; x_wconf 75' lang='lat' dir='ltr'><strong>Qui</strong></span> <span class='ocrx_word' id='word_1_138' title='bbox 763 2268 1036 2317; x_wconf 73' lang='lat' dir='ltr'><strong>metuendus</strong></span> <span class='ocrx_word' id='word_1_139' title='bbox 1057 2271 1178 2321; x_wconf 73' lang='lat' dir='ltr'><strong>erat,</strong></span> <span class='ocrx_word' id='word_1_140' title='bbox 1202 2264 1390 2315; x_wconf 74' lang='lat' dir='ltr'><strong>etiamsi</strong></span> <span class='ocrx_word' id='word_1_141' title='bbox 1409 2265 1620 2315; x_wconf 71' lang='lat' dir='ltr'><strong>Darium</strong></span> <span class='ocrx_word' id='word_1_142' title='bbox 1640 2264 1717 2314; x_wconf 75' lang='lat' dir='ltr'><strong>sui</strong></span> <span class='ocrx_word' id='word_1_143' title='bbox 1738 2280 1895 2314; x_wconf 82' lang='lat' dir='ltr'><strong>omnes</strong></span> <span class='ocrx_word' id='word_1_144' title='bbox 1916 2263 2272 2314; x_wconf 68' lang='lat' dir='ltr'><strong>comitarentur.</strong></span> 
     </span>
     <span class='ocr_line' id='line_1_19' title="bbox 1432 2423 1794 2445; baseline -0.003 0"><span class='ocrx_word' id='word_1_145' title='bbox 1432 2423 1794 2445; x_wconf 44' lang='lat'><strong>0000000000</strong></span> 
     </span>
    </p>
   </div>
   <div class='ocr_carea' id='block_1_4' title="bbox 499 2522 2719 3763">
    <p class='ocr_par' dir='ltr' id='par_1_4' title="bbox 499 2522 2719 3763">
     <span class='ocr_line' id='line_1_20' title="bbox 520 2522 2717 2590; baseline -0.002 -14"><span class='ocrx_word' id='word_1_146' title='bbox 520 2525 771 2577; x_wconf 80' lang='lat' dir='ltr'><strong>omittunt</strong></span> <span class='ocrx_word' id='word_1_147' title='bbox 790 2530 1071 2588; x_wconf 73' lang='lat' dir='ltr'><strong>statuamus,</strong></span> <span class='ocrx_word' id='word_1_148' title='bbox 1091 2525 1227 2590; x_wconf 87' lang='lat' dir='ltr'><strong>quod</strong></span> <span class='ocrx_word' id='word_1_149' title='bbox 1251 2522 1386 2576; x_wconf 81' lang='lat' dir='ltr'><strong>Dan.</strong></span> <span class='ocrx_word' id='word_1_150' title='bbox 1414 2526 1684 2590; x_wconf 87' lang='lat' dir='ltr'><strong>appictum</strong></span> <span class='ocrx_word' id='word_1_151' title='bbox 1706 2526 1865 2576; x_wconf 79' lang='lat' dir='ltr'><strong>habet</strong></span> <span class='ocrx_word' id='word_1_152' title='bbox 1895 2526 2033 2576; x_wconf 83' lang='lat' dir='ltr'><strong>inter</strong></span> <span class='ocrx_word' id='word_1_153' title='bbox 2064 2526 2249 2577; x_wconf 80' lang='lat' dir='ltr'><strong>lineas.</strong></span> <span class='ocrx_word' id='word_1_154' title='bbox 2314 2526 2548 2575; x_wconf 80' lang='lat' dir='ltr'><strong>Floreat.</strong></span> <span class='ocrx_word' id='word_1_155' title='bbox 2581 2522 2717 2574; x_wconf 82' lang='lat' dir='ltr'><strong>Leid.</strong></span> 
     </span>
     <span class='ocr_line' id='line_1_21' title="bbox 521 2588 2719 2655; baseline -0.002 -14"><span class='ocrx_word' id='word_1_156' title='bbox 521 2599 580 2641; x_wconf 84' lang='lat' dir='ltr'><strong>et</strong></span> <span class='ocrx_word' id='word_1_157' title='bbox 598 2592 752 2641; x_wconf 82' lang='lat' dir='ltr'><strong>Voss.</strong></span> <span class='ocrx_word' id='word_1_158' title='bbox 785 2594 832 2642; x_wconf 85' lang='lat'><strong>1.</strong></span> <span class='ocrx_word' id='word_1_159' title='bbox 855 2592 1101 2641; x_wconf 77' lang='lat' dir='ltr'><strong>omittunt</strong></span> <span class='ocrx_word' id='word_1_160' title='bbox 1124 2591 1276 2647; x_wconf 72' lang='lat' dir='ltr'><strong>rebus,</strong></span> <span class='ocrx_word' id='word_1_161' title='bbox 1299 2592 1434 2655; x_wconf 90' lang='lat' dir='ltr'><strong>quod</strong></span> <span class='ocrx_word' id='word_1_162' title='bbox 1471 2592 1523 2642; x_wconf 87' lang='lat' dir='ltr'><strong>in</strong></span> <span class='ocrx_word' id='word_1_163' title='bbox 1563 2592 1698 2641; x_wconf 84' lang='lat' dir='ltr'><strong>Dan.</strong></span> <span class='ocrx_word' id='word_1_164' title='bbox 1733 2591 1964 2641; x_wconf 84' lang='lat' dir='ltr'><strong>additum</strong></span> <span class='ocrx_word' id='word_1_165' title='bbox 1999 2597 2080 2641; x_wconf 84' lang='lat' dir='ltr'><strong>est</strong></span> <span class='ocrx_word' id='word_1_166' title='bbox 2115 2592 2166 2641; x_wconf 86' lang='lat' dir='ltr'><strong>in</strong></span> <span class='ocrx_word' id='word_1_167' title='bbox 2190 2590 2426 2654; x_wconf 79' lang='lat' dir='ltr'><strong>margine</strong></span> <span class='ocrx_word' id='word_1_168' title='bbox 2452 2589 2519 2639; x_wconf 83' lang='lat' dir='ltr'><strong>ab</strong></span> <span class='ocrx_word' id='word_1_169' title='bbox 2543 2588 2719 2638; x_wconf 84' lang='lat' dir='ltr'><strong>eadem</strong></span> 
     </span>
     <span class='ocr_line' id='line_1_22' title="bbox 518 2654 2714 2719; baseline -0.001 -14"><span class='ocrx_word' id='word_1_170' title='bbox 518 2671 690 2706; x_wconf 82' lang='lat' dir='ltr'><strong>manu.</strong></span> <span class='ocrx_word' id='word_1_171' title='bbox 755 2657 989 2708; x_wconf 81' lang='lat' dir='ltr'><strong>Florem.</strong></span> <span class='ocrx_word' id='word_1_172' title='bbox 1029 2656 1176 2705; x_wconf 77' lang='lat' dir='ltr'><strong>Leid.</strong></span> <span class='ocrx_word' id='word_1_173' title='bbox 1217 2658 1372 2707; x_wconf 83' lang='lat' dir='ltr'><strong>Voss.</strong></span> <span class='ocrx_word' id='word_1_174' title='bbox 1415 2661 1460 2706; x_wconf 91' lang='lat'><strong>1.</strong></span> <span class='ocrx_word' id='word_1_175' title='bbox 1491 2661 1541 2705; x_wconf 97' lang='grc'><strong>2.</strong></span> <span class='ocrx_word' id='word_1_176' title='bbox 1584 2656 1702 2706; x_wconf 79' lang='lat' dir='ltr'><strong>Pal.</strong></span> <span class='ocrx_word' id='word_1_177' title='bbox 1750 2660 1799 2705; x_wconf 93' lang='lat'><strong>1.</strong></span> <span class='ocrx_word' id='word_1_178' title='bbox 1843 2657 1984 2706; x_wconf 84' lang='lat' dir='ltr'><strong>Dan.</strong></span> <span class='ocrx_word' id='word_1_179' title='bbox 2017 2657 2115 2708; x_wconf 90' lang='lat' dir='ltr'><strong>Ed.</strong></span> <span class='ocrx_word' id='word_1_180' title='bbox 2153 2671 2232 2719; x_wconf 82' lang='lat' dir='ltr'><strong>pr.</strong></span> <span class='ocrx_word' id='word_1_181' title='bbox 2268 2657 2487 2705; x_wconf 84' lang='lat' dir='ltr'><strong>Venett.</strong></span> <span class='ocrx_word' id='word_1_182' title='bbox 2533 2654 2714 2703; x_wconf 77' lang='lat' dir='ltr'><strong>Veron.</strong></span> 
     </span>
     <span class='ocr_line' id='line_1_23' title="bbox 499 2719 2717 2786; baseline -0.002 -16"><span class='ocrx_word' id='word_1_183' title='bbox 499 2722 736 2786; x_wconf 43' lang='lat' dir='ltr'><strong>„Medioh</strong></span> <span class='ocrx_word' id='word_1_184' title='bbox 793 2722 941 2774; x_wconf 83' lang='lat' dir='ltr'><strong>Junt.</strong></span> <span class='ocrx_word' id='word_1_185' title='bbox 998 2721 1118 2771; x_wconf 84' lang='lat' dir='ltr'><strong>Ald.</strong></span> <span class='ocrx_word' id='word_1_186' title='bbox 1174 2721 1342 2771; x_wconf 88' lang='lat' dir='ltr'><strong>Colin.</strong></span> <span class='ocrx_word' id='word_1_187' title='bbox 1398 2721 1623 2785; x_wconf 65' lang='lat' dir='ltr'><strong>Grypii.</strong></span> <span class='ocrx_word' id='word_1_188' title='bbox 1648 2721 1761 2773; x_wconf 87' lang='lat' dir='ltr'><strong>Col.</strong></span> <span class='ocrx_word' id='word_1_189' title='bbox 1814 2730 1870 2771; x_wconf 84' lang='lat' dir='ltr'><strong>et</strong></span> <span class='ocrx_word' id='word_1_190' title='bbox 1924 2722 2059 2771; x_wconf 83' lang='lat' dir='ltr'><strong>Mer.</strong></span> <span class='ocrx_word' id='word_1_191' title='bbox 2104 2721 2292 2786; x_wconf 77' lang='lat' dir='ltr'><strong>fiducia</strong></span> <span class='ocrx_word' id='word_1_192' title='bbox 2310 2736 2330 2779; x_wconf 78' lang='lat'><strong>,-</strong></span> <span class='ocrx_word' id='word_1_193' title='bbox 2392 2720 2562 2769; x_wconf 84' lang='lat' dir='ltr'><strong>ceteri</strong></span> <span class='ocrx_word' id='word_1_194' title='bbox 2590 2719 2717 2784; x_wconf 71' lang='lat' dir='ltr'><strong>fids-</strong></span> 
     </span>
     <span class='ocr_line' id='line_1_24' title="bbox 514 2784 2715 2850; baseline -0.002 -15"><span class='ocrx_word' id='word_1_195' title='bbox 514 2787 810 2836; x_wconf 79' lang='lat' dir='ltr'><strong>ciarum.—9</strong></span> <span class='ocrx_word' id='word_1_196' title='bbox 849 2785 966 2836; x_wconf 70' lang='lat' dir='ltr'><strong>And.</strong></span> <span class='ocrx_word' id='word_1_197' title='bbox 1016 2785 1173 2836; x_wconf 84' lang='lat' dir='ltr'><strong>Frob.</strong></span> <span class='ocrx_word' id='word_1_198' title='bbox 1216 2787 1351 2836; x_wconf 86' lang='lat' dir='ltr'><strong>Mer.</strong></span> <span class='ocrx_word' id='word_1_199' title='bbox 1399 2787 1521 2836; x_wconf 82' lang='lat' dir='ltr'><strong>Bas.</strong></span> <span class='ocrx_word' id='word_1_200' title='bbox 1565 2792 1620 2836; x_wconf 83' lang='lat' dir='ltr'><strong>et</strong></span> <span class='ocrx_word' id='word_1_201' title='bbox 1665 2787 1775 2837; x_wconf 90' lang='lat' dir='ltr'><strong>Col.</strong></span> <span class='ocrx_word' id='word_1_202' title='bbox 1815 2801 1910 2835; x_wconf 72' lang='lat' dir='ltr'><strong>non</strong></span> <span class='ocrx_word' id='word_1_203' title='bbox 1947 2802 2072 2837; x_wconf 78' lang='lat' dir='ltr'><strong>nunc</strong></span> <span class='ocrx_word' id='word_1_204' title='bbox 2126 2792 2424 2850; x_wconf 66' lang='lat' dir='ltr'><strong>imperasse.</strong></span> <span class='ocrx_word' id='word_1_205' title='bbox 2491 2784 2715 2833; x_wconf 79' lang='lat' dir='ltr'><strong>Florent-</strong></span> 
     </span>
     <span class='ocr_line' id='line_1_25' title="bbox 516 2849 2716 2916; baseline -0.001 -16"><span class='ocrx_word' id='word_1_206' title='bbox 516 2851 667 2901; x_wconf 87' lang='lat' dir='ltr'><strong>Leid.</strong></span> <span class='ocrx_word' id='word_1_207' title='bbox 694 2851 845 2901; x_wconf 84' lang='lat' dir='ltr'><strong>Voss.</strong></span> <span class='ocrx_word' id='word_1_208' title='bbox 870 2856 920 2899; x_wconf 82' lang='lat'><strong>1.</strong></span> <span class='ocrx_word' id='word_1_209' title='bbox 946 2851 1080 2902; x_wconf 85' lang='lat' dir='ltr'><strong>Dan.</strong></span> <span class='ocrx_word' id='word_1_210' title='bbox 1105 2859 1160 2900; x_wconf 84' lang='lat' dir='ltr'><strong>et</strong></span> <span class='ocrx_word' id='word_1_211' title='bbox 1184 2852 1351 2916; x_wconf 63' lang='grc' dir='ltr'><strong>Βοῦς.</strong></span> <span class='ocrx_word' id='word_1_212' title='bbox 1390 2849 1528 2912; x_wconf 76' lang='lat' dir='ltr'><strong>nefas</strong></span> <span class='ocrx_word' id='word_1_213' title='bbox 1570 2857 1691 2901; x_wconf 79' lang='lat' dir='ltr'><strong>esset</strong></span> <span class='ocrx_word' id='word_1_214' title='bbox 1703 2868 1723 2910; x_wconf 84' lang='lat'><strong>‚-</strong></span> <span class='ocrx_word' id='word_1_215' title='bbox 1758 2851 1907 2903; x_wconf 79' lang='lat' dir='ltr'><strong>Voss.</strong></span> <span class='ocrx_word' id='word_1_216' title='bbox 1928 2856 1978 2901; x_wconf 82' lang='lat'><strong>2.</strong></span> <span class='ocrx_word' id='word_1_217' title='bbox 2019 2856 2073 2901; x_wconf 83' lang='lat' dir='ltr'><strong>et</strong></span> <span class='ocrx_word' id='word_1_218' title='bbox 2119 2852 2234 2904; x_wconf 78' lang='lat' dir='ltr'><strong>Pal.</strong></span> <span class='ocrx_word' id='word_1_219' title='bbox 2273 2856 2319 2901; x_wconf 95' lang='lat'><strong>1.</strong></span> <span class='ocrx_word' id='word_1_220' title='bbox 2352 2849 2489 2910; x_wconf 75' lang='lat' dir='ltr'><strong>nefas</strong></span> <span class='ocrx_word' id='word_1_221' title='bbox 2532 2850 2716 2900; x_wconf 75' lang='lat' dir='ltr'><strong>ineme.</strong></span> 
     </span>
     <span class='ocr_line' id='line_1_26' title="bbox 513 2914 2713 2982; baseline 0 -20"><span class='ocrx_word' id='word_1_222' title='bbox 513 2914 670 2965; x_wconf 81' lang='lat' dir='ltr'><strong>Voss.</strong></span> <span class='ocrx_word' id='word_1_223' title='bbox 696 2919 743 2964; x_wconf 93' lang='lat'><strong>1.</strong></span> <span class='ocrx_word' id='word_1_224' title='bbox 766 2921 817 2965; x_wconf 93' lang='grc'><strong>2.</strong></span> <span class='ocrx_word' id='word_1_225' title='bbox 853 2916 1085 2967; x_wconf 86' lang='lat' dir='ltr'><strong>Florent.</strong></span> <span class='ocrx_word' id='word_1_226' title='bbox 1110 2916 1257 2965; x_wconf 82' lang='lat' dir='ltr'><strong>Leid.</strong></span> <span class='ocrx_word' id='word_1_227' title='bbox 1304 2916 1559 2981; x_wconf 70' lang='lat' dir='ltr'><strong>repperisti</strong></span> <span class='ocrx_word' id='word_1_228' title='bbox 1596 2922 1886 2982; x_wconf 71' lang='lat' dir='ltr'><strong>exoptatum.</strong></span> <span class='ocrx_word' id='word_1_229' title='bbox 1952 2918 2124 2980; x_wconf 87' lang='lat' dir='ltr'><strong>Bong.</strong></span> <span class='ocrx_word' id='word_1_230' title='bbox 2162 2932 2252 2980; x_wconf 82' lang='lat' dir='ltr'><strong>quo</strong></span> <span class='ocrx_word' id='word_1_231' title='bbox 2286 2915 2713 2981; x_wconf 68' lang='lat' dir='ltr'><strong>paricidium.-10</strong></span> 
     </span>
     <span class='ocr_line' id='line_1_27' title="bbox 512 2979 2713 3043; baseline 0.001 -17"><span class='ocrx_word' id='word_1_232' title='bbox 512 2980 668 3029; x_wconf 84' lang='lat' dir='ltr'><strong>Voss.</strong></span> <span class='ocrx_word' id='word_1_233' title='bbox 728 2984 777 3030; x_wconf 83' lang='grc'><strong>2.</strong></span> <span class='ocrx_word' id='word_1_234' title='bbox 828 2981 1086 3043; x_wconf 67' lang='lat' dir='ltr'><strong>strictoque</strong></span> <span class='ocrx_word' id='word_1_235' title='bbox 1134 2980 1335 3031; x_wconf 74' lang='lat' dir='ltr'><strong>acinate.</strong></span> <span class='ocrx_word' id='word_1_236' title='bbox 1423 2980 1655 3031; x_wconf 83' lang='lat' dir='ltr'><strong>Florent.</strong></span> <span class='ocrx_word' id='word_1_237' title='bbox 1700 2981 1848 3032; x_wconf 84' lang='lat' dir='ltr'><strong>Leid.</strong></span> <span class='ocrx_word' id='word_1_238' title='bbox 1908 2988 1963 3032; x_wconf 84' lang='lat' dir='ltr'><strong>et</strong></span> <span class='ocrx_word' id='word_1_239' title='bbox 2009 2982 2159 3032; x_wconf 80' lang='lat' dir='ltr'><strong>Voss.</strong></span> <span class='ocrx_word' id='word_1_240' title='bbox 2211 2988 2255 3032; x_wconf 86' lang='lat' dir='ltr'><strong>l.</strong></span> <span class='ocrx_word' id='word_1_241' title='bbox 2306 2997 2411 3031; x_wconf 75' lang='lat' dir='ltr'><strong>eum</strong></span> <span class='ocrx_word' id='word_1_242' title='bbox 2456 2979 2713 3031; x_wconf 67' lang='lat' dir='ltr'><strong>videbatur.</strong></span> 
     </span>
     <span class='ocr_line' id='line_1_28' title="bbox 513 3043 2710 3110; baseline -0 -17"><span class='ocrx_word' id='word_1_243' title='bbox 513 3043 682 3094; x_wconf 86' lang='lat' dir='ltr'><strong>Iidem</strong></span> <span class='ocrx_word' id='word_1_244' title='bbox 705 3044 858 3095; x_wconf 85' lang='lat' dir='ltr'><strong>codd.</strong></span> <span class='ocrx_word' id='word_1_245' title='bbox 880 3058 995 3093; x_wconf 88' lang='lat' dir='ltr'><strong>cum</strong></span> <span class='ocrx_word' id='word_1_246' title='bbox 1019 3047 1154 3095; x_wconf 86' lang='lat' dir='ltr'><strong>Dan.</strong></span> <span class='ocrx_word' id='word_1_247' title='bbox 1176 3046 1275 3095; x_wconf 91' lang='lat' dir='ltr'><strong>Ed.</strong></span> <span class='ocrx_word' id='word_1_248' title='bbox 1298 3061 1377 3110; x_wconf 85' lang='lat' dir='ltr'><strong>pr.</strong></span> <span class='ocrx_word' id='word_1_249' title='bbox 1410 3047 1626 3097; x_wconf 80' lang='lat' dir='ltr'><strong>Venett.</strong></span> <span class='ocrx_word' id='word_1_250' title='bbox 1649 3047 1863 3096; x_wconf 81' lang='lat' dir='ltr'><strong>Medici.</strong></span> <span class='ocrx_word' id='word_1_251' title='bbox 1888 3048 2037 3097; x_wconf 85' lang='lat' dir='ltr'><strong>Rom.</strong></span> <span class='ocrx_word' id='word_1_252' title='bbox 2055 3047 2248 3097; x_wconf 80' lang='lat' dir='ltr'><strong>Veron.</strong></span> <span class='ocrx_word' id='word_1_253' title='bbox 2273 3047 2423 3099; x_wconf 85' lang='lat' dir='ltr'><strong>Jnnt.</strong></span> <span class='ocrx_word' id='word_1_254' title='bbox 2447 3045 2586 3094; x_wconf 82' lang='lat' dir='ltr'><strong>Mer.</strong></span> <span class='ocrx_word' id='word_1_255' title='bbox 2609 3046 2710 3095; x_wconf 82' lang='lat' dir='ltr'><strong>Col.</strong></span> 
     </span>
     <span class='ocr_line' id='line_1_29' title="bbox 516 3109 2711 3175; baseline 0 -18"><span class='ocrx_word' id='word_1_256' title='bbox 516 3117 571 3158; x_wconf 76' lang='lat' dir='ltr'><strong>et</strong></span> <span class='ocrx_word' id='word_1_257' title='bbox 596 3110 716 3160; x_wconf 78' lang='lat' dir='ltr'><strong>Bas.</strong></span> <span class='ocrx_word' id='word_1_258' title='bbox 752 3109 1096 3174; x_wconf 75' lang='lat' dir='ltr'><strong>Bactrianique</strong></span> <span class='ocrx_word' id='word_1_259' title='bbox 1117 3113 1478 3174; x_wconf 70' lang='lat' dir='ltr'><strong>deprecarentur</strong></span> <span class='ocrx_word' id='word_1_260' title='bbox 1510 3112 1759 3171; x_wconf 63' lang='lat' dir='ltr'><strong>tristium</strong></span> <span class='ocrx_word' id='word_1_261' title='bbox 1808 3112 2025 3162; x_wconf 83' lang='lat' dir='ltr'><strong>Theocr.</strong></span> <span class='ocrx_word' id='word_1_262' title='bbox 2051 3112 2396 3175; x_wconf 66' lang='lat' dir='ltr'><strong>Bactrianique</strong></span> <span class='ocrx_word' id='word_1_263' title='bbox 2422 3126 2529 3160; x_wconf 75' lang='lat' dir='ltr'><strong>cum</strong></span> <span class='ocrx_word' id='word_1_264' title='bbox 2557 3112 2711 3173; x_wconf 78' lang='lat' dir='ltr'><strong>depre—</strong></span> 
     </span>
     <span class='ocr_line' id='line_1_30' title="bbox 512 3174 2711 3241; baseline 0 -18"><span class='ocrx_word' id='word_1_265' title='bbox 512 3179 736 3225; x_wconf 74' lang='lat' dir='ltr'><strong>carentur</strong></span> <span class='ocrx_word' id='word_1_266' title='bbox 756 3175 1004 3235; x_wconf 72' lang='lat' dir='ltr'><strong>tristium,</strong></span> <span class='ocrx_word' id='word_1_267' title='bbox 1039 3174 1176 3224; x_wconf 88' lang='lat' dir='ltr'><strong>unde</strong></span> <span class='ocrx_word' id='word_1_268' title='bbox 1200 3177 1424 3239; x_wconf 86' lang='lat' dir='ltr'><strong>conjecit</strong></span> <span class='ocrx_word' id='word_1_269' title='bbox 1457 3177 1915 3240; x_wconf 73' lang='lat' dir='ltr'><strong>snakenburgiust</strong></span> <span class='ocrx_word' id='word_1_270' title='bbox 1949 3180 2004 3225; x_wconf 81' lang='lat' dir='ltr'><strong>ni</strong></span> <span class='ocrx_word' id='word_1_271' title='bbox 2017 3189 2215 3241; x_wconf 74' lang='lat' dir='ltr'><strong>propere</strong></span> <span class='ocrx_word' id='word_1_272' title='bbox 2238 3177 2418 3227; x_wconf 71' lang='lat' dir='ltr'><strong>Bessus</strong></span> <span class='ocrx_word' id='word_1_273' title='bbox 2442 3175 2711 3226; x_wconf 67' lang='lat' dir='ltr'><strong>Bactriani-</strong></span> 
     </span>
     <span class='ocr_line' id='line_1_31' title="bbox 511 3240 2708 3307; baseline -0.001 -16"><span class='ocrx_word' id='word_1_274' title='bbox 511 3255 599 3303; x_wconf 79' lang='lat' dir='ltr'><strong>que</strong></span> <span class='ocrx_word' id='word_1_275' title='bbox 636 3240 987 3305; x_wconf 63' lang='lat' dir='ltr'><strong>demea-antium</strong></span> <span class='ocrx_word' id='word_1_276' title='bbox 1021 3240 1233 3303; x_wconf 76' lang='lat' dir='ltr'><strong>pristina</strong></span> <span class='ocrx_word' id='word_1_277' title='bbox 1267 3242 1435 3305; x_wconf 79' lang='lat' dir='ltr'><strong>specie.</strong></span> <span class='ocrx_word' id='word_1_278' title='bbox 1471 3246 1554 3306; x_wconf 59' lang='lat' dir='ltr'><strong>&amp;a</strong></span> <span class='ocrx_word' id='word_1_279' title='bbox 1609 3242 1723 3292; x_wconf 73' lang='lat' dir='ltr'><strong>Pan.</strong></span> <span class='ocrx_word' id='word_1_280' title='bbox 1762 3248 1812 3292; x_wconf 85' lang='lat'><strong>1.</strong></span> <span class='ocrx_word' id='word_1_281' title='bbox 1851 3242 1919 3295; x_wconf 84' lang='grc' dir='ltr'><strong>Β.</strong></span> <span class='ocrx_word' id='word_1_282' title='bbox 1952 3244 2317 3307; x_wconf 75' lang='lat' dir='ltr'><strong>deprecarentur</strong></span> <span class='ocrx_word' id='word_1_283' title='bbox 2353 3242 2545 3291; x_wconf 71' lang='lat' dir='ltr'><strong>tristem</strong></span> <span class='ocrx_word' id='word_1_284' title='bbox 2575 3255 2708 3304; x_wconf 72' lang='lat' dir='ltr'><strong>apem.</strong></span> 
     </span>
     <span class='ocr_line' id='line_1_32' title="bbox 511 3305 2708 3370; baseline -0.001 -16"><span class='ocrx_word' id='word_1_285' title='bbox 511 3305 664 3355; x_wconf 87' lang='lat' dir='ltr'><strong>Leid.</strong></span> <span class='ocrx_word' id='word_1_286' title='bbox 687 3305 806 3356; x_wconf 77' lang='lat' dir='ltr'><strong>victi</strong></span> <span class='ocrx_word' id='word_1_287' title='bbox 829 3320 923 3370; x_wconf 87' lang='lat' dir='ltr'><strong>pro</strong></span> <span class='ocrx_word' id='word_1_288' title='bbox 945 3306 1187 3364; x_wconf 72' lang='lat' dir='ltr'><strong>vincturi5</strong></span> <span class='ocrx_word' id='word_1_289' title='bbox 1222 3306 1379 3357; x_wconf 86' lang='lat' dir='ltr'><strong>Voss.</strong></span> <span class='ocrx_word' id='word_1_290' title='bbox 1415 3312 1465 3357; x_wconf 84' lang='grc'><strong>2.</strong></span> <span class='ocrx_word' id='word_1_291' title='bbox 1499 3306 1794 3357; x_wconf 52' lang='grc' dir='ltr'><strong>οἱκατὰ-11</strong></span> <span class='ocrx_word' id='word_1_292' title='bbox 1848 3307 2078 3357; x_wconf 85' lang='lat' dir='ltr'><strong>Florent.</strong></span> <span class='ocrx_word' id='word_1_293' title='bbox 2119 3308 2265 3357; x_wconf 86' lang='lat' dir='ltr'><strong>Leid.</strong></span> <span class='ocrx_word' id='word_1_294' title='bbox 2299 3307 2452 3356; x_wconf 85' lang='lat' dir='ltr'><strong>Voss.</strong></span> <span class='ocrx_word' id='word_1_295' title='bbox 2495 3312 2542 3357; x_wconf 91' lang='lat'><strong>1.</strong></span> <span class='ocrx_word' id='word_1_296' title='bbox 2574 3311 2622 3356; x_wconf 83' lang='grc'><strong>2.</strong></span> <span class='ocrx_word' id='word_1_297' title='bbox 2659 3311 2708 3353; x_wconf 83' lang='lat' dir='ltr'><strong>et</strong></span> 
     </span>
     <span class='ocr_line' id='line_1_33' title="bbox 507 3370 2703 3437; baseline -0.001 -18"><span class='ocrx_word' id='word_1_298' title='bbox 507 3370 746 3434; x_wconf 84' lang='lat' dir='ltr'><strong>piurimae</strong></span> <span class='ocrx_word' id='word_1_299' title='bbox 771 3371 891 3420; x_wconf 84' lang='lat' dir='ltr'><strong>edd.</strong></span> <span class='ocrx_word' id='word_1_300' title='bbox 913 3375 960 3420; x_wconf 79' lang='lat' dir='ltr'><strong>et</strong></span> <span class='ocrx_word' id='word_1_301' title='bbox 983 3371 1162 3421; x_wconf 75' lang='lat' dir='ltr'><strong>Bessus</strong></span> <span class='ocrx_word' id='word_1_302' title='bbox 1183 3379 1472 3422; x_wconf 65' lang='lat' dir='ltr'><strong>consecutus.</strong></span> <span class='ocrx_word' id='word_1_303' title='bbox 1541 3373 1711 3437; x_wconf 83' lang='lat' dir='ltr'><strong>Bong.</strong></span> <span class='ocrx_word' id='word_1_304' title='bbox 1734 3377 1784 3423; x_wconf 83' lang='grc'><strong>2.</strong></span> <span class='ocrx_word' id='word_1_305' title='bbox 1812 3379 1869 3422; x_wconf 89' lang='lat' dir='ltr'><strong>et</strong></span> <span class='ocrx_word' id='word_1_306' title='bbox 1900 3374 2052 3422; x_wconf 82' lang='lat' dir='ltr'><strong>Voss.</strong></span> <span class='ocrx_word' id='word_1_307' title='bbox 2092 3377 2141 3421; x_wconf 82' lang='lat'><strong>1.</strong></span> <span class='ocrx_word' id='word_1_308' title='bbox 2162 3373 2457 3433; x_wconf 56' lang='lat' dir='ltr'><strong>juben—12</strong></span> <span class='ocrx_word' id='word_1_309' title='bbox 2491 3372 2642 3420; x_wconf 85' lang='lat' dir='ltr'><strong>Voss.</strong></span> <span class='ocrx_word' id='word_1_310' title='bbox 2661 3374 2703 3418; x_wconf 76' lang='lat'><strong>2.</strong></span> 
     </span>
     <span class='ocr_line' id='line_1_34' title="bbox 510 3436 2704 3501; baseline -0.001 -18"><span class='ocrx_word' id='word_1_311' title='bbox 510 3436 662 3485; x_wconf 82' lang='lat' dir='ltr'><strong>Ferre</strong></span> <span class='ocrx_word' id='word_1_312' title='bbox 694 3452 826 3500; x_wconf 67' lang='grc' dir='ltr'><strong>σφω</strong></span> <span class='ocrx_word' id='word_1_313' title='bbox 848 3436 1022 3486; x_wconf 81' lang='lat' dir='ltr'><strong>animo.</strong></span> <span class='ocrx_word' id='word_1_314' title='bbox 1088 3437 1255 3499; x_wconf 87' lang='lat' dir='ltr'><strong>Bong.</strong></span> <span class='ocrx_word' id='word_1_315' title='bbox 1291 3441 1337 3485; x_wconf 87' lang='lat'><strong>1.</strong></span> <span class='ocrx_word' id='word_1_316' title='bbox 1360 3437 1489 3500; x_wconf 76' lang='lat' dir='ltr'><strong>quali</strong></span> <span class='ocrx_word' id='word_1_317' title='bbox 1518 3452 1708 3501; x_wconf 74' lang='lat' dir='ltr'><strong>quoque.</strong></span> <span class='ocrx_word' id='word_1_318' title='bbox 1775 3436 1899 3486; x_wconf 73' lang='grc' dir='ltr'><strong>ΑΜ.</strong></span> <span class='ocrx_word' id='word_1_319' title='bbox 1937 3438 2328 3501; x_wconf 79' lang='lat' dir='ltr'><strong>Colin.Gryph.</strong></span> <span class='ocrx_word' id='word_1_320' title='bbox 2348 3438 2476 3486; x_wconf 85' lang='lat' dir='ltr'><strong>Bas.</strong></span> <span class='ocrx_word' id='word_1_321' title='bbox 2500 3438 2636 3485; x_wconf 78' lang='lat' dir='ltr'><strong>Mer.</strong></span> <span class='ocrx_word' id='word_1_322' title='bbox 2658 3440 2704 3482; x_wconf 83' lang='lat' dir='ltr'><strong>et</strong></span> 
     </span>
     <span class='ocr_line' id='line_1_35' title="bbox 509 3499 2702 3552; baseline -0 -4"><span class='ocrx_word' id='word_1_323' title='bbox 509 3500 626 3551; x_wconf 83' lang='lat' dir='ltr'><strong>Col.</strong></span> <span class='ocrx_word' id='word_1_324' title='bbox 648 3503 895 3552; x_wconf 82' lang='lat' dir='ltr'><strong>omittunt</strong></span> <span class='ocrx_word' id='word_1_325' title='bbox 917 3505 1090 3550; x_wconf 76' lang='lat' dir='ltr'><strong>tamen.</strong></span> <span class='ocrx_word' id='word_1_326' title='bbox 1154 3503 1285 3551; x_wconf 81' lang='lat' dir='ltr'><strong>Mox</strong></span> <span class='ocrx_word' id='word_1_327' title='bbox 1308 3502 1507 3551; x_wconf 63' lang='lat' dir='ltr'><strong>eaedem</strong></span> <span class='ocrx_word' id='word_1_328' title='bbox 1542 3503 1662 3552; x_wconf 86' lang='lat' dir='ltr'><strong>edd.</strong></span> <span class='ocrx_word' id='word_1_329' title='bbox 1699 3516 1812 3552; x_wconf 89' lang='lat' dir='ltr'><strong>cum</strong></span> <span class='ocrx_word' id='word_1_330' title='bbox 1842 3503 2075 3552; x_wconf 79' lang='lat' dir='ltr'><strong>Florem.</strong></span> <span class='ocrx_word' id='word_1_331' title='bbox 2107 3503 2256 3552; x_wconf 82' lang='lat' dir='ltr'><strong>Leid.</strong></span> <span class='ocrx_word' id='word_1_332' title='bbox 2290 3508 2344 3550; x_wconf 84' lang='lat' dir='ltr'><strong>et</strong></span> <span class='ocrx_word' id='word_1_333' title='bbox 2364 3503 2516 3551; x_wconf 86' lang='lat' dir='ltr'><strong>Voss.</strong></span> <span class='ocrx_word' id='word_1_334' title='bbox 2543 3506 2589 3550; x_wconf 88' lang='lat'><strong>1.</strong></span> <span class='ocrx_word' id='word_1_335' title='bbox 2631 3499 2702 3548; x_wconf 70' lang='lat' dir='ltr'><strong>In-</strong></span> 
     </span>
     <span class='ocr_line' id='line_1_36' title="bbox 506 3565 2699 3632; baseline -0 -19"><span class='ocrx_word' id='word_1_336' title='bbox 506 3570 635 3616; x_wconf 69' lang='lat' dir='ltr'><strong>stare</strong></span> <span class='ocrx_word' id='word_1_337' title='bbox 655 3572 813 3617; x_wconf 79' lang='lat' dir='ltr'><strong>tamen</strong></span> <span class='ocrx_word' id='word_1_338' title='bbox 825 3583 846 3625; x_wconf 92' lang='lat'><strong>,·</strong></span> <span class='ocrx_word' id='word_1_339' title='bbox 878 3567 1031 3617; x_wconf 86' lang='lat' dir='ltr'><strong>Voss.</strong></span> <span class='ocrx_word' id='word_1_340' title='bbox 1053 3569 1105 3617; x_wconf 87' lang='grc'><strong>2.</strong></span> <span class='ocrx_word' id='word_1_341' title='bbox 1129 3566 1321 3615; x_wconf 72' lang='lat' dir='ltr'><strong>Instare</strong></span> <span class='ocrx_word' id='word_1_342' title='bbox 1339 3572 1456 3616; x_wconf 72' lang='lat' dir='ltr'><strong>tum.</strong></span> <span class='ocrx_word' id='word_1_343' title='bbox 1503 3569 1519 3596; x_wconf 92' lang='lat'>‘</span> <span class='ocrx_word' id='word_1_344' title='bbox 1541 3567 1633 3616; x_wconf 86' lang='lat' dir='ltr'><strong>Me</strong></span> <span class='ocrx_word' id='word_1_345' title='bbox 1654 3565 1924 3617; x_wconf 82' lang='lat' dir='ltr'><strong>offendunt</strong></span> <span class='ocrx_word' id='word_1_346' title='bbox 1947 3567 2066 3617; x_wconf 68' lang='lat' dir='ltr'><strong>ins:</strong></span> <span class='ocrx_word' id='word_1_347' title='bbox 2101 3584 2133 3617; x_wconf 82' lang='lat' dir='ltr'><strong>a</strong></span> <span class='ocrx_word' id='word_1_348' title='bbox 2148 3583 2278 3630; x_wconf 79' lang='lat' dir='ltr'><strong>rege,</strong></span> <span class='ocrx_word' id='word_1_349' title='bbox 2299 3581 2415 3631; x_wconf 84' lang='lat' dir='ltr'><strong>quae</strong></span> <span class='ocrx_word' id='word_1_350' title='bbox 2437 3566 2563 3632; x_wconf 87' lang='lat' dir='ltr'><strong>quid</strong></span> <span class='ocrx_word' id='word_1_351' title='bbox 2583 3578 2699 3629; x_wconf 76' lang='lat' dir='ltr'><strong>opus</strong></span> 
     </span>
     <span class='ocr_line' id='line_1_37' title="bbox 507 3631 2698 3697; baseline 0 -20"><span class='ocrx_word' id='word_1_352' title='bbox 507 3638 623 3680; x_wconf 78' lang='lat' dir='ltr'><strong>erat</strong></span> <span class='ocrx_word' id='word_1_353' title='bbox 644 3631 784 3694; x_wconf 81' lang='lat' dir='ltr'><strong>addi,</strong></span> <span class='ocrx_word' id='word_1_354' title='bbox 808 3645 925 3680; x_wconf 87' lang='lat' dir='ltr'><strong>cum</strong></span> <span class='ocrx_word' id='word_1_355' title='bbox 949 3632 1015 3680; x_wconf 82' lang='lat' dir='ltr'><strong>ad</strong></span> <span class='ocrx_word' id='word_1_356' title='bbox 1040 3632 1406 3695; x_wconf 76' lang='lat' dir='ltr'><strong>regemipsum</strong></span> <span class='ocrx_word' id='word_1_357' title='bbox 1431 3631 1724 3682; x_wconf 78' lang='lat' dir='ltr'><strong>Artabazus</strong></span> <span class='ocrx_word' id='word_1_358' title='bbox 1749 3634 2084 3697; x_wconf 69' lang='lat' dir='ltr'><strong>loqueretur?</strong></span> <span class='ocrx_word' id='word_1_359' title='bbox 2151 3634 2233 3682; x_wconf 85' lang='lat' dir='ltr'><strong>Ex</strong></span> <span class='ocrx_word' id='word_1_360' title='bbox 2264 3633 2437 3696; x_wconf 81' lang='lat' dir='ltr'><strong>glossa</strong></span> <span class='ocrx_word' id='word_1_361' title='bbox 2468 3638 2608 3693; x_wconf 82' lang='lat' dir='ltr'><strong>sunt,</strong></span> <span class='ocrx_word' id='word_1_362' title='bbox 2630 3634 2698 3677; x_wconf 76' lang='lat' dir='ltr'><strong>at-</strong></span> 
     </span>
     <span class='ocr_line' id='line_1_38' title="bbox 509 3695 2697 3763; baseline 0 -20"><span class='ocrx_word' id='word_1_363' title='bbox 509 3708 608 3758; x_wconf 85' lang='lat' dir='ltr'><strong>que</strong></span> <span class='ocrx_word' id='word_1_364' title='bbox 631 3710 747 3759; x_wconf 83' lang='lat' dir='ltr'><strong>pro,</strong></span> <span class='ocrx_word' id='word_1_365' title='bbox 777 3711 832 3746; x_wconf 80' lang='lat' dir='ltr'><strong>eu</strong></span> <span class='ocrx_word' id='word_1_366' title='bbox 853 3712 907 3746; x_wconf 78' lang='lat' dir='ltr'><strong>re</strong></span> <span class='ocrx_word' id='word_1_367' title='bbox 926 3697 1110 3761; x_wconf 72' lang='lat' dir='ltr'><strong>paruit,</strong></span> <span class='ocrx_word' id='word_1_368' title='bbox 1144 3711 1262 3746; x_wconf 89' lang='lat' dir='ltr'><strong>cum</strong></span> <span class='ocrx_word' id='word_1_369' title='bbox 1283 3696 1525 3747; x_wconf 84' lang='lat' dir='ltr'><strong>Acidalio</strong></span> <span class='ocrx_word' id='word_1_370' title='bbox 1546 3698 1684 3763; x_wconf 83' lang='lat' dir='ltr'><strong>lego,</strong></span> <span class='ocrx_word' id='word_1_371' title='bbox 1714 3713 1844 3760; x_wconf 83' lang='lat' dir='ltr'><strong>oegre</strong></span> <span class='ocrx_word' id='word_1_372' title='bbox 1877 3697 2076 3761; x_wconf 64' lang='lat' dir='ltr'><strong>paruit:</strong></span> <span class='ocrx_word' id='word_1_373' title='bbox 2110 3697 2562 3749; x_wconf 61' lang='lat' dir='ltr'><strong>&amp;husteden—14</strong></span> <span class='ocrx_word' id='word_1_374' title='bbox 2596 3695 2697 3745; x_wconf 81' lang='lat' dir='ltr'><strong>Flo·</strong></span> 
     </span>
    </p>
   </div>
   <div class='ocr_carea' id='block_1_5' title="bbox 499 3833 2687 4101">
    <p class='ocr_par' dir='ltr' id='par_1_5' title="bbox 499 3833 2687 4101">
     <span class='ocr_line' id='line_1_39' title="bbox 1492 3833 1708 3895; baseline -0.014 0"><span class='ocrx_word' id='word_1_375' title='bbox 1492 3833 1708 3895; x_wconf 75' lang='lat' dir='ltr'><strong>No&#39;rAE</strong></span> 
     </span>
     <span class='ocr_line' id='line_1_40' title="bbox 560 3951 2286 4022; baseline 0.003 -22"><span class='ocrx_word' id='word_1_376' title='bbox 560 3951 590 3986; x_wconf 60' lang='grc' dir='ltr'><strong>’ἃ</strong></span> <span class='ocrx_word' id='word_1_377' title='bbox 625 3953 699 4002; x_wconf 89' lang='lat' dir='ltr'><strong>Ni</strong></span> <span class='ocrx_word' id='word_1_378' title='bbox 729 3954 948 4017; x_wconf 82' lang='lat' dir='ltr'><strong>propere]</strong></span> <span class='ocrx_word' id='word_1_379' title='bbox 996 3956 1111 4005; x_wconf 89' lang='lat' dir='ltr'><strong>Nisi</strong></span> <span class='ocrx_word' id='word_1_380' title='bbox 1134 3958 1328 4007; x_wconf 78' lang='lat' dir='ltr'><strong>Bessus</strong></span> <span class='ocrx_word' id='word_1_381' title='bbox 1350 3965 1404 4008; x_wconf 87' lang='lat' dir='ltr'><strong>et</strong></span> <span class='ocrx_word' id='word_1_382' title='bbox 1426 3959 1562 4008; x_wconf 86' lang='lat' dir='ltr'><strong>Bac·</strong></span> <span class='ocrx_word' id='word_1_383' title='bbox 1644 3958 1699 4008; x_wconf 89' lang='lat' dir='ltr'><strong>in</strong></span> <span class='ocrx_word' id='word_1_384' title='bbox 1724 3958 1931 4008; x_wconf 80' lang='lat' dir='ltr'><strong>vincula</strong></span> <span class='ocrx_word' id='word_1_385' title='bbox 1952 3958 2286 4022; x_wconf 81' lang='lat' dir='ltr'><strong>conjicerent.</strong></span> 
     </span>
     <span class='ocr_line' id='line_1_41' title="bbox 499 4027 2687 4101; baseline 0.003 -24"><span class='ocrx_word' id='word_1_386' title='bbox 499 4027 654 4077; x_wconf 81' lang='lat' dir='ltr'><strong>triani</strong></span> <span class='ocrx_word' id='word_1_387' title='bbox 679 4028 893 4078; x_wconf 83' lang='lat' dir='ltr'><strong>Darium</strong></span> <span class='ocrx_word' id='word_1_388' title='bbox 918 4031 1411 4082; x_wconf 81' lang='lat' dir='ltr'><strong>circumstetissent:</strong></span> <span class='ocrx_word' id='word_1_389' title='bbox 1452 4034 1561 4083; x_wconf 81' lang='lat' dir='ltr'><strong>vul-</strong></span> <span class='ocrx_word' id='word_1_390' title='bbox 1710 4043 1733 4069; x_wconf 59' lang='grc' dir='ltr'>θ</span> <span class='ocrx_word' id='word_1_391' title='bbox 1757 4035 2196 4099; x_wconf 74' lang='lat' dir='ltr'><strong>Qualiumcumque]</strong></span> <span class='ocrx_word' id='word_1_392' title='bbox 2219 4035 2461 4101; x_wconf 83' lang='lat' dir='ltr'><strong>Suorum,</strong></span> <span class='ocrx_word' id='word_1_393' title='bbox 2477 4034 2560 4099; x_wconf 85' lang='lat' dir='ltr'><strong>qui</strong></span> <span class='ocrx_word' id='word_1_394' title='bbox 2579 4044 2687 4096; x_wconf 80' lang='lat' dir='ltr'><strong>qua·</strong></span> 
     </span>
    </p>
   </div>
   <div class='ocr_carea' id='block_1_6' title="bbox 499 4105 2685 4330">
    <p class='ocr_par' dir='ltr' id='par_1_6' title="bbox 499 4105 2685 4330">
     <span class='ocr_line' id='line_1_42' title="bbox 502 4105 2685 4177; baseline 0 -24"><span class='ocrx_word' id='word_1_395' title='bbox 502 4105 782 4170; x_wconf 16' lang='lat' dir='ltr'><strong>tir-*quidem</strong></span> <span class='ocrx_word' id='word_1_396' title='bbox 807 4106 1067 4156; x_wconf 79' lang='lat' dir='ltr'><strong>tristitiam</strong></span> <span class='ocrx_word' id='word_1_397' title='bbox 1098 4109 1432 4172; x_wconf 76' lang='lat' dir='ltr'><strong>simulantes3</strong></span> <span class='ocrx_word' id='word_1_398' title='bbox 1468 4110 1561 4161; x_wconf 82' lang='lat' dir='ltr'><strong>sed</strong></span> <span class='ocrx_word' id='word_1_399' title='bbox 1644 4113 1941 4177; x_wconf 85' lang='lat' dir='ltr'><strong>lescumque</strong></span> <span class='ocrx_word' id='word_1_400' title='bbox 1961 4111 2155 4174; x_wconf 89' lang='lat' dir='ltr'><strong>forent,</strong></span> <span class='ocrx_word' id='word_1_401' title='bbox 2173 4111 2337 4176; x_wconf 85' lang='lat' dir='ltr'><strong>ipsius</strong></span> <span class='ocrx_word' id='word_1_402' title='bbox 2350 4116 2498 4160; x_wconf 72' lang='lat' dir='ltr'><strong>eraut</strong></span> <span class='ocrx_word' id='word_1_403' title='bbox 2516 4116 2685 4159; x_wconf 79' lang='lat' dir='ltr'><strong>tamen·</strong></span> 
     </span>
     <span class='ocr_line' id='line_1_43' title="bbox 500 4181 2418 4254; baseline 0.006 -25"><span class='ocrx_word' id='word_1_404' title='bbox 500 4194 563 4229; x_wconf 76' lang='lat' dir='ltr'><strong>eo</strong></span> <span class='ocrx_word' id='word_1_405' title='bbox 588 4181 774 4247; x_wconf 82' lang='lat' dir='ltr'><strong>animo,</strong></span> <span class='ocrx_word' id='word_1_406' title='bbox 793 4187 852 4231; x_wconf 85' lang='lat' dir='ltr'><strong>ut</strong></span> <span class='ocrx_word' id='word_1_407' title='bbox 873 4182 916 4230; x_wconf 77' lang='lat' dir='ltr'><strong>si</strong></span> <span class='ocrx_word' id='word_1_408' title='bbox 940 4182 1093 4233; x_wconf 82' lang='lat' dir='ltr'><strong>irasci</strong></span> <span class='ocrx_word' id='word_1_409' title='bbox 1116 4184 1405 4236; x_wconf 80' lang='lat' dir='ltr'><strong>Nabarzani</strong></span> <span class='ocrx_word' id='word_1_410' title='bbox 1444 4202 1562 4250; x_wconf 80' lang='lat' dir='ltr'><strong>per·</strong></span> <span class='ocrx_word' id='word_1_411' title='bbox 1706 4188 1731 4221; x_wconf 70' lang='lat' dir='ltr'><strong>f</strong></span> <span class='ocrx_word' id='word_1_412' title='bbox 1757 4190 1809 4241; x_wconf 23' lang='lat' dir='ltr'><strong>A.</strong></span> <span class='ocrx_word' id='word_1_413' title='bbox 1828 4189 1966 4253; x_wconf 81' lang='lat' dir='ltr'><strong>rege]</strong></span> <span class='ocrx_word' id='word_1_414' title='bbox 2002 4189 2083 4240; x_wconf 84' lang='lat' dir='ltr'><strong>Ab</strong></span> <span class='ocrx_word' id='word_1_415' title='bbox 2107 4189 2221 4254; x_wconf 81' lang='lat' dir='ltr'><strong>ipso</strong></span> <span class='ocrx_word' id='word_1_416' title='bbox 2240 4189 2418 4240; x_wconf 81' lang='lat' dir='ltr'><strong>Dario.</strong></span> 
     </span>
     <span class='ocr_line' id='line_1_44' title="bbox 499 4257 1562 4330; baseline 0.008 -23"><span class='ocrx_word' id='word_1_417' title='bbox 499 4258 727 4323; x_wconf 70' lang='lat' dir='ltr'><strong>sisteret,</strong></span> <span class='ocrx_word' id='word_1_418' title='bbox 745 4260 949 4326; x_wconf 79' lang='lat' dir='ltr'><strong>vimque</strong></span> <span class='ocrx_word' id='word_1_419' title='bbox 961 4257 1191 4321; x_wconf 74' lang='lat' dir='ltr'><strong>afferret,</strong></span> <span class='ocrx_word' id='word_1_420' title='bbox 1204 4262 1370 4326; x_wconf 88' lang='lat' dir='ltr'><strong>ipsum</strong></span> <span class='ocrx_word' id='word_1_421' title='bbox 1385 4277 1562 4330; x_wconf 79' lang='lat' dir='ltr'><strong>regem</strong></span> 
     </span>
    </p>
   </div>
  </div>
 </body>
</html>
