2978 4933
809 383 929 433 οι..
975 382 1165 433 oxu.
1208 366 1274 431 3.
1350 384 1419 431 A.
1468 381 1591 431 cn.
1642 380 1714 432 N.
1758 364 1911 432 380.
2340 371 2474 436 445

247 529 427 595 'coeli
458 531 639 593 statu
670 526 914 613 recipit
938 527 1005 592 in
1039 546 1115 594 se
1136 528 1400 607 fretum,
1427 524 1803 617 eodemque
1831 531 2110 613 impetu,
2135 544 2274 614 quo
2305 528 2473 595 effu-

253 650 416 699 sum
449 640 568 710 est,
616 632 919 697 relabens
965 637 1199 696 terram
1245 641 1507 698 naturae
1558 650 1700 698 suae
1749 633 1967 697 reddit
1989 635 2045 693 εἰ
2092 638 2159 696 et
2200 633 2473 718 quidam

255 735 633 813 credidere,
663 752 801 798 non
832 733 1200 818 Caspiumr
1231 734 1421 799 Mare
1451 752 1625 813 esse,
1653 734 1770 798 sed
1803 752 1893 798 ex
1925 730 2159 799 India*3
2194 736 2259 800 in
2291 730 2473 820 Hyr-

255 839 522 903 caniam
554 837 823 913 cadere,
854 837 1047 922 cujus
1074 837 1446 921 fastigium,
1495 844 1570 902 ut
1621 852 1828 922 supra
1875 838 2127 903 dictum
2171 846 2295 917 est,
2325 854 2473 922 per-

252 948 469 1027 petua
507 941 682 1007 valle
728 940 1209 1005 summittitur!
1293 941 1403 1006 20.
1454 941 1641 1006 Hinc
1684 958 1808 1005 rex
1855 950 1996 1005 xx.
2028 941 2283 1006 stadia‘
2319 962 2473 1026 pro-

253 1045 471 1108 cessit
500 1044 741 1107 semita
766 1042 1253 1128 propemodum
1281 1043 1487 1121 invia,
1519 1044 1632 1108 cui
1661 1044 1851 1128 sylva
1895 1044 2304 1121 imminebat,
2339 1050 2472 1108 tor·

254 1152 621 1229 rentesque
672 1152 739 1210 et
784 1143 1049 1209 eluvies
1103 1144 1227 1210 iter
1256 1146 1727 1211 morabantur:
1773 1147 1958 1211 nullo
2009 1148 2227 1211 tamen
2274 1146 2472 1210 hoste

250 1246 489 1325 obvi0,
520 1246 931 1329 penetravit3
976 1246 1385 1330 tandemque
1437 1248 1526 1311 ad
1569 1248 1879 1313 ulteriora
1927 1257 2318 1332 perventum
2348 1254 2471 1313 est.

251 1347 368 1413 21.
429 1338 698 1413 'Praeter
757 1349 930 1413 alios
980 1356 1420 1429 commeatus,
1492 1371 1771 1434 quorum
1832 1359 1977 1415 tum
2038 1351 2237 1434 eopia
2293 1351 2472 1432 regio

251 1450 669 1529 abundabat,
701 1462 1054 1535 pomorum
1079 1459 1108 1486 ¹²
1156 1468 1427 1537 quoque
1477 1453 1710 1535 ingens
1765 1453 2004 1518 modus
2052 1453 2371 1530 nascitur,
2401 1460 2471 1517 et

251 1688 254 1691 ‚
315 1633 342 1671 ι’
379 1630 583 1679 Terram
603 1634 835 1690 retegens,
854 1629 1062 1693 pristino
1083 1630 1135 1679 t'n
1156 1634 1284 1680 statu
1304 1624 1437 1680 illam
1456 1631 1699 1695 relinquit.

323 1688 349 1725 ¹⁸
389 1696 514 1751 Quae
535 1710 564 1743 a
585 1697 820 1744 montibus
839 1694 889 1744 ia
909 1695 1176 1744 continuam
1191 1693 1442 1759 planitiem
1464 1698 1757 1749 extenditur.

1180 1839 1543 1861 oenoeueoee

255 1940 362 2001 agit
382 1937 600 2001 fructus,
623 1945 672 1990 et
693 1937 849 2001 magis
867 1943 1163 1997 exaestuarim
1193 1946 1246 1989 et
1270 1953 1419 1990 mox:
1456 1945 1633 1989 terram
1654 1953 1705 1991 n.
1728 1954 1771 1987 s.
1790 1937 2018 1989 reddidit.
2053 1939 2203 1988 Voss.
2226 1940 2274 1986 1.
2297 1942 2343 1987 et
2366 1938 2470 1999 qui-

256 2008 367 2054 dem
404 2004 662 2053 credidere.
728 2002 851 2053 Ald.
893 2004 1090 2053 omittit
1133 2019 1229 2053 non
1272 2012 1395 2053 aute
1433 2006 1677 2068 Caspium.
1743 2006 1893 2054 Voss.
1930 2009 1981 2054 2.
2024 2003 2159 2064 cnjus
2194 2002 2470 2063 vestigium.

259 2069 411 2119 Leid.
451 2076 507 2115 et
543 2070 697 2118 Voss.
724 2074 772 2118 1.
805 2070 927 2117 valle
961 2068 1314 2127 summittitur-5
1346 2069 1459 2117 Pal.
1508 2074 1554 2119 1.
1587 2070 1707 2118 valle
1743 2069 2096 2118 cantitare-20
2132 2067 2266 2117 Dan.
2301 2066 2353 2115 in
2389 2067 2469 2114 via

297 2148 354 2182 ro
392 2134 546 2182 invia.
621 2135 775 2182 Voss.
806 2139 856 2182 2.
892 2136 1124 2182 terrentes
1146 2138 1194 2182 et
1226 2146 1267 2182 e.
1300 2133 1338 2183 i.
1376 2137 1651 2182 ”rorantur-.-
1685 2132 1839 2183 mellus
1876 2136 2054 2195 tamen,
2089 2135 2171 2196 asc.
2239 2131 2470 2180 Florent.

306 2197 412 2247 eid.
440 2199 594 2247 Voss.
620 2201 665 2247 1.
687 2201 736 2248 2.
776 2202 834 2246 et
869 2198 1036 2260 Bong.
1064 2202 1304 2260 penetmt.
1371 2198 1494 2247 ΑΜ.
1530 2199 1699 2248 Colin.
1732 2198 1932 2263 Gryph.
1957 2199 2175 2261 aliaeque
2210 2190 2331 2246 edd.
2363 2201 2470 2244 tan·

257 2265 459 2325 demque
488 2264 543 2310 in
571 2265 672 2312 loca
708 2268 814 2313 tuta
845 2268 1120 2326 perventum
1153 2266 1257 2321 θείς
1289 2264 1514 2314 Flet-ent.
1556 2263 1701 2313 Leid.
1730 2265 1882 2313 Voss.
1913 2269 1961 2313 1.
1987 2267 2037 2312 2.
2072 2270 2127 2312 et
2168 2258 2280 2312 Pal.
2318 2268 2377 2308 ut
2413 2259 2469 2308 in

260 2332 563 2381 textu-*21
601 2324 716 2378 Pal.
737 2333 783 2378 1.
817 2340 1011 2392 quoram
1032 2338 1137 2376 cum
1157 2328 1288 2393 copia
1300 2343 1322 2387 ‚·
1354 2328 1498 2379 Pith.
1520 2329 1715 2379 'omittit
1737 2324 1886 2393 copta.
1951 2329 2073 2378 Bas.
2100 2327 2296 2377 omittit
2315 2325 2467 2387 reg-io.

1254 2471 1469 2530 Nom:

258 2604 404 2654 vum,
420 2591 532 2641 sine
551 2591 821 2655 portubus.
840 2593 1079 2657 procellis
1095 2593 1322 2657 undique
1408 2595 1602 2645 Contra
1626 2591 1925 2643 reflantibus
1942 2589 2194 2654 Zephyris
2210 2585 2467 2638 Euxinum

258 2669 555 2731 expositum
577 2667 611 2718 ξ’
658 2670 750 2719 sed
791 2674 1064 2718 consuetas
1101 2684 1160 2718 ac
1196 2670 1324 2718 reci·
1405 2667 1736 2731 decrescere,
1751 2668 1918 2717 attolli
1939 2665 2184 2728 Caspium
2208 2662 2362 2712 iidem
2389 2678 2467 2710 as.-

258 2759 442 2807 procas
466 2753 680 2795 aestuum
703 2746 842 2794 vices
866 2744 1058 2794 habere
1080 2744 1166 2794 alii
1191 2741 1324 2793 affir-
1401 2751 1600 2794 serunt.
1670 2744 1704 2795 J
1711 2758 1788 2791 am
1826 2757 1950 2791 vero
1979 2741 2042 2789 ad
2068 2738 2357 2790 Armusiam
2384 2753 2468 2787 ur-

259 2828 420 2884 mant‚
442 2830 639 2885 negant
658 2822 760 2872 alii.
1404 2821 1524 2872 bem
1548 2823 1602 2871 in
1637 2819 1781 2870 aditu
1816 2820 1957 2869 sinus
1994 2817 2192 2868 Persici
2224 2815 2467 2865 observa-

321 2907 342 2932 ¹’
375 2900 492 2949 Non
513 2898 760 2964 Caspium]
793 2900 1093 2965 Hyrcanum
1117 2898 1322 2964 quidam
1404 2904 1513 2947 tum
1536 2912 1647 2946 esse
1668 2896 1923 2960 gurgitem
1943 2892 2218 2958 quendam,
2234 2891 2322 2955 qui
2343 2904 2469 2954 quo-

262 2982 514 3038 putarunt
545 2990 645 3025 nou
682 2976 819 3025 idem
853 2990 964 3025 esse
1003 2984 1163 3040 atque
1197 2977 1322 3026 Cas-
1405 2974 1508 3024 ties
1548 2974 1853 3038 Hyrcanum
1887 2968 2219 3030 detumescit,
2254 2975 2314 3016 ut
2336 2966 2470 3015 dixi-

259 3050 420 3115 pium,
441 3051 599 3116 rebus
622 3057 839 3115 propter
859 3050 1161 3101 distantiam
1183 3051 1321 3102 loco·
1404 3064 1538 3112 mus,
1572 3050 1724 3098 maris
1750 3061 1906 3113 aquas
1937 3044 2248 3104 absorbeat3
2283 3042 2464 3092 eodem

258 3139 368 3177 rum
408 3127 637 3177 nondum
667 3129 791 3178 satis
823 3128 1134 3191 explorati83
1169 3143 1321 3193 quam
1405 3126 1684 3191 tranquillo
1699 3138 1801 3174 nou
1820 3129 2092 3187 appareat.
2126 3122 2206 3169 Ex
2224 3134 2326 3184 quo
2345 3134 2468 3169 con-

221 3202 308 3251 -in
353 3206 668 3254 sententiam
708 3204 824 3268 ipse
866 3219 1071 3269 quoque
1113 3204 1321 3255 Curtius
1394 3203 1603 3267 jectam
1627 3203 1846 3251 alterum
1887 3197 2040 3248 alteri
2078 3211 2173 3260 per
2208 3194 2467 3245 subterra-

259 3280 517 3330 nonnullis
541 3281 747 3330 videtur
781 3282 1071 3331 concedere
1103 3281 1192 3331 lib.
1217 3295 1321 3331 vn.
1401 3295 1530 3330 neos
1572 3279 1775 3328 canales
1818 3274 2097 3339 conjungi:
2141 3272 2299 3336 idque
2331 3272 2467 3321 simi·

260 3371 373 3421 cap.
420 3363 470 3408 3.
549 3358 652 3408 Sed
693 3358 901 3407 unicum
946 3373 1061 3408 esse
1102 3372 1321 3424 sequens
1402 3356 1526 3405 lium
1570 3351 1825 3416 exemplis
1883 3348 2209 3405 confirmant,
2249 3362 2465 3411 quorum

262 3443 387 3486 aetas
410 3442 735 3501 compertum
757 3435 952 3487 habuit.
1403 3431 1628 3481 omnium
1668 3441 1829 3491 penes
1872 3424 2014 3489 ipsos
2053 3430 2294 3472 auctores
2337 3419 2466 3472 fides

321 3520 339 3543 ⁸
371 3513 467 3562 Sed
504 3529 565 3563 ex
601 3511 768 3576 India]
803 3512 919 3561 Etsi
953 3510 1092 3560 nullo
1137 3517 1321 3575 aperto
1403 3513 1536 3557 esto.
1605 3507 1766 3556 Certe
1798 3516 1903 3551 non
1942 3502 2076 3550 male
2113 3499 2211 3548 ista
2248 3515 2465 3549 cousen-

262 3589 400 3639 exitu
439 3590 658 3640 invicem
696 3603 986 3638 commeare
1016 3589 1198 3652 liquet,
1219 3603 1321 3638 non
1402 3586 1543 3634 tiunt
1576 3597 1693 3632 cum
1733 3580 1809 3629 his
1852 3593 1965 3643 quae
2000 3577 2179 3628 scribit
2212 3577 2310 3627 hoc
2348 3578 2465 3627 loco

261 3664 447 3718 desunt
471 3676 643 3717 tamen
658 3668 746 3732 qui
765 3682 862 3730 per
875 3665 1105 3716 occultos
1123 3670 1323 3714 meatus
1403 3660 1612 3709 Curtius
1642 3658 1709 3706 de
1746 3654 1937 3719 Caspio
1970 3654 2108 3704 Mari
2137 3668 2273 3702 nunc
2308 3668 2469 3702 exuu-

261 3740 498 3793 Indicum
554 3744 762 3807 Caspio,
816 3742 1061 3805 Caspium
1117 3740 1322 3789 Euxino
1402 3738 1578 3801 dante,
1613 3750 1746 3786 nunc
1788 3735 1928 3784 intra
1968 3733 2148 3782 littora
2184 3747 2298 3782 sese
2338 3734 2467 3783 reci-

251 3818 462 3870 misceri
486 3817 759 3869 affirment.
793 3817 1172 3882 Argumentum
1197 3815 1319 3866 affe·
1402 3815 1603 3879 piente‚
1624 3828 1721 3878 pro
1747 3811 1886 3861 vario
1907 3810 2024 3860 coeli
2045 3816 2207 3861 statu.

264 3904 381 3947 runt
421 3896 556 3962 quod
604 3896 756 3946 Euris
786 3894 1031 3944 flantibus
1074 3892 1319 3958 Caspium
1461 3893 1478 3924 t
1514 3892 1571 3941 X
1573 3891 1644 3941 X.
1665 3888 1847 3951 stadia]
1899 3888 2090 3937 Passus
2124 3886 2203 3936 bis
2234 3887 2371 3936 mille
2411 3895 2466 3937 et

265 3971 638 4036 detumescere,
665 3970 834 4020 inflari
868 3970 1125 4020 Euxinum
1160 3967 1320 4019 auim-
1400 3967 1726 4031 quingentos.
1791 3962 2008 4026 Eine-ies]
2044 3963 2243 4013 Cavata
2262 3970 2465 4014 torren-

265 4050 530 4102 adversum
552 4052 648 4102 sit:
685 4057 941 4114 praeterea
975 4049 1027 4098 in
1051 4049 1201 4113 hujus
1234 4048 1319 4097 lit·
1402 4042 1540 4093 tibus
1565 4043 1751 4091 itinera
1772 4040 2165 4104 voraginesque.

266 4132 343 4176 tus
369 4130 544 4192 ignota
562 4127 820 4178 interdum
842 4127 980 4190 ligna
1002 4126 1121 4191 ejici
1152 4122 1319 4175 flucti·
1465 4126 1488 4151 ¹¹
1522 4116 1801 4180 Pomorum]
1851 4117 1983 4166 Haec
2024 4115 2138 4165 fere
2171 4115 2360 4178 omnia,
2405 4123 2465 4164 ut

265 4202 375 4267 bus,
391 4221 506 4270 quae
530 4206 732 4256 nonnisi
753 4219 817 4254 ex
836 4204 1019 4268 Caspio
1043 4201 1320 4265 Mari„cir·
1401 4211 1564 4261 saepe,
1604 4196 1860 4246 translata
1887 4207 1951 4243 ex
1990 4193 2240 4254 Diodoro,
2263 4193 2349 4256 qui
2388 4200 2463 4240 ta-

267 4293 325 4328 ca
346 4282 478 4345 quod
503 4288 806 4343 nascuntur,
826 4279 1011 4330 advehi
1036 4279 1320 4344 potuerint.
1401 4289 1523 4325 men
1545 4274 1611 4324 de
1634 4272 1850 4336 ficubus,
1873 4285 1973 4321 non
1996 4270 2062 4320 de
2098 4270 2261 4333 pomis
2299 4269 2464 4333 loqui-

1336 4365 1351 4397 x
