2978 4933
756 351 1016 400 surm..
1061 351 1140 399 m
1192 352 1259 413 Q.
1307 351 1660 401 cUR‘rmM
1713 353 1858 400 mn.
1909 352 1956 399 ι.
2368 338 2443 402 91

248 493 502 554 andrum
529 492 711 572 petit:
758 494 1176 574 occideratque
1220 495 1424 566 filium,
1455 495 1571 555 nisi
1620 495 2056 557 claudicantem
2100 517 2175 557 ex
2212 497 2452 559 vulnere

243 592 478 672 pridem
519 603 766 671 accepto
795 612 1083 672 gressum,
1114 594 1201 653 ira
1234 593 1556 673 vinumque
1605 595 2118 675 praepedivissent.
2202 600 2261 656 5.
2308 597 2452 657 Pro-

241 689 451 768 lapsus
492 689 696 749 amicis
741 690 937 750 subita
981 710 1044 750 re
1092 691 1379 752 exterritis
1419 692 1675 770 spatium
1718 692 1904 765 dedit,
1942 704 2009 753 ut
2055 695 2349 773 precibuS,
2391 706 2452 757 et

241 788 517 867 utrisque
564 787 795 848 medios
840 788 1293 870 interponendO,
1343 790 1747 850 Alexandrum
1796 790 2108 871 eriperent.
2210 793 2267 852 6.
2322 788 2458 853 Nec⁴

238 883 489 944 minoris
518 905 715 966 operae
757 885 868 945 fuit
903 888 1071 947 illum
1099 906 1364 961 exorare,
1394 899 1459 948 ut
1487 889 1686 949 salvus
1717 909 1850 949 esse
1878 889 2090 949 vellet:
2142 890 2451 969 multiplici

235 983 454 1062 injuria
482 984 730 1044 affectus
758 986 869 1044 sibi
898 986 1239 1055 videbatur;
1282 998 1343 1047 et
1371 1007 1710 1066 quanquam
1743 994 1759 1023 ‘
1782 988 1964 1068 patris
1995 989 2266 1068 regisque
2293 993 2308 1015 '
2339 1010 2448 1049 no-

235 1083 424 1154 mina,
457 1090 475 1116 ‘
497 1092 844 1163 naturaeque
885 1096 948 1144 et
976 1085 1241 1164 gentium
1269 1085 1545 1146 decreta’
1587 1086 1949 1165 ingerentur,
1984 1107 2103 1146 non
2144 1089 2448 1160 abstinuit,

236 1180 384 1258 quin
440 1180 740 1240 insultans
797 1180 1072 1262 Philippo
1117 1181 1355 1261 juberet
1409 1182 1664 1243 ‘intueri
1725 1184 2095 1244 Macedonas
2145 1186 2448 1266 egregium

235 1278 689 1338 transmittendi
709 1279 768 1338 in
793 1280 999 1339 Asiam
1020 1279 1162 1339 belli
1193 1291 1514 1365 auctorem,
1536 1282 1637 1361 qui
1666 1301 1740 1341 ex
1769 1282 1927 1343 lecto
1953 1284 2011 1341 in
2043 1283 2260 1343 lectum
2287 1294 2449 1343 tran-

238 1372 445 1433 siliens
477 1374 902 1454 procidisset.’‘¹
973 1380 1032 1437 7.
1065 1377 1210 1439 Inde
1240 1378 1350 1438 sibi
1377 1381 1667 1458 matrique
1687 1380 1864 1460 juxta
1892 1380 2128 1451 timens,
2157 1381 2214 1439 in
2249 1382 2449 1459 Epiro,

236 1471 332 1529 cui
377 1473 564 1532 frater
604 1474 976 1556 Olympiadis
1023 1486 1296 1554 praeerat,
1340 1495 1470 1537 eam
1514 1478 1782 1557 reliquit3
1827 1477 1953 1560 ipse
1996 1478 2074 1538 ad
2116 1477 2448 1559 Illyriorum

233 1590 436 1651 regem
463 1574 765 1652 profectus
794 1585 909 1637 est.
995 1578 1052 1635 8.
1096 1575 1318 1636 Postea
1345 1596 1582 1656 quoque
1604 1597 1738 1638 cum
1761 1577 2201 1639 reconciliatore
2229 1578 2448 1638 Dema-

232 1681 363 1730 rato
394 1668 705 1732 Corinthio
733 1672 795 1731 in
826 1671 1243 1733 Macedoniam
1292 1674 1512 1734 reversi
1554 1681 1818 1743 essent?
1857 1676 2183 1754 pervicacis
2221 1676 2446 1755 ingenii

232 1766 447 1828 mulier
473 1768 680 1841 filium,
708 1780 921 1851 suopte
950 1770 1189 1851 ingenio
1216 1773 1500 1852 potentiae
1540 1773 1804 1847 anxium,
1839 1773 2082 1834 incitare
2113 1793 2232 1833 non
2261 1772 2448 1833 desti-

231 1863 346 1933 tit,¹
380 1873 400 1899 ‘
419 1875 510 1939 ut,
556 1886 708 1945 quos
747 1853 973 1948 posset,
998 1868 1367 1931 humanitate
1399 1881 1505 1930 aut
1535 1870 1793 1950 pecunia
1821 1871 1882 1930 in
1912 1871 2229 1932 amicitiam
2258 1870 2445 1931 illice-

233 1973 352 2031 ret;
398 1976 461 2024 et
491 1961 776 2024 adversus
805 1965 1169 2026 iracundiam
1197 1968 1406 2046 patriS,
1435 1969 1614 2028 etiam
1643 1953 1932 2029 affinitate
1969 1969 2299 2050 potentium
2334 1968 2446 2028 ho-

231 2059 456 2120 minum
487 2080 552 2122 se
594 2058 888 2122 muniret.'
967 2065 1027 2124 9.
1071 2066 1230 2125 Sane
1257 2065 1401 2125 olim
1430 2077 1739 2127 monuerat
1770 2066 2104 2146 Philippus,
2133 2074 2201 2125 ut
2238 2063 2443 2124 affabi-

232 2156 396 2218 litate
456 2156 570 2218 sibi
624 2159 970 2219 conciliaret
1021 2162 1329 2224 hominum
1372 2163 1606 2233 studia:
1678 2163 2027 2244 largitiones
2074 2171 2272 2223 autem
2320 2182 2443 2221 non

232 2266 665 2334 usquequaque
725 2259 1115 2336 probaverat:
1180 2261 1360 2323 etiam
1406 2282 1514 2342 per
1561 2261 1764 2323 literas
1835 2260 2122 2340 increpito
2171 2259 2442 2320 instituto

234 2351 409 2430 ejus,⁸
453 2359 470 2386 ‘
495 2352 655 2432 quod
682 2355 1153 2417 benevolentiam
1201 2358 1446 2421 auderet
1495 2378 1732 2438 sperare
1779 2359 1853 2420 ab
1884 2356 2240 2430 hominibus,
2289 2375 2441 2435 quos

219 2450 576 2542 'muneribus
604 2453 982 2534 corrupisset.
1066 2456 1217 2518 Falli
1265 2458 1367 2538 qui
1415 2457 1639 2538 regium
1678 2456 1741 2517 id
1785 2465 2052 2537 putaret:
2105 2454 2356 2515 ministri
2383 2464 2446 2515 et

234 2545 556 2609 diribitoris
584 2549 844 2612 officium
870 2551 1048 2614 esse!
1135 2556 1233 2615 10.
1276 2555 1497 2615 Verum
1537 2573 1673 2615 cum
1716 2558 1846 2633 ipse
1886 2560 1902 2589 ‘
1927 2553 2199 2632 pecuniae
2244 2551 2444 2611 omnia

232 2645 656 2723 penetrabilia’
674 2648 951 2728 jactaret,
980 2649 1209 2731 e'aque'*
1236 2651 1398 2711 haud
1434 2652 1632 2711 minus
1679 2670 1841 2731 saepe
1869 2669 2046 2729 quam
2093 2648 2266 2708 armis
2309 2657 2440 2707 ute-

232 2754 411 2816 retur,
459 2763 583 2804 non
628 2754 751 2806 tam
794 2756 960 2809 recta
997 2748 1384 2830 praecipiendi
1428 2748 1630 2809 studio
1671 2748 1758 2808 ita
1787 2746 2095 2826 scripsisse
2134 2745 2297 2805 visus
2325 2753 2443 2816 est,

233 2859 409 2918 quam
456 2852 643 2915 metu,
690 2863 767 2904 ne
809 2846 886 2906 ab
934 2844 1315 2907 adolescente
1344 2846 1468 2906 filio
1524 2844 1647 2905 suis
1703 2844 1928 2904 artibus
1973 2850 2437 2924 oppugnaretur.

238 2938 330 3000 11.
376 2938 549 2999 Idem
591 2940 925 3022 objurgavit
975 2943 1404 3018 Alexandrum,
1456 2943 1621 3025 quod
1663 2941 1960 3002 Pexodori
2002 2938 2223 3013 filiam,¹
2259 2958 2440 3020 quam

233 3038 473 3099 Aridoeo
502 3039 906 3128 destinaverat
930 3051 1121 3122 pater,
1161 3044 1527 3115 ambivisset,
1557 3049 1576 3079 ‘
1599 3042 1976 3121 degenerem,
2003 3049 2065 3100 et
2090 3039 2349 3112 fortuna,
2377 3038 2439 3098 in

232 3136 399 3215 cujus
430 3157 597 3217 spem
624 3138 997 3214 educaretur,
1023 3140 1338 3220 indignum
1355 3141 1371 3166 '
1399 3139 1783 3221 appellando,
1815 3143 1836 3172 ‘
1857 3135 1960 3217 qui
1990 3136 2204 3197 Carem
2224 3135 2436 3196 barba-

232 3251 381 3304 rum,
409 3234 780 3314 barbaroque
807 3235 935 3315 regi
964 3237 1316 3317 subjectum,
1348 3256 1621 3298 socerum
1649 3234 1924 3315 optaret!
2010 3236 2105 3293 12.
2149 3231 2270 3293 Sed
2308 3230 2439 3310 ipse

232 3338 298 3389 ut
321 3331 653 3409 potentiam
681 3351 848 3393 suam
875 3332 1188 3408 firmaret}
1216 3333 1440 3395 nullam
1466 3332 1870 3394 conditionem
1910 3338 2261 3409 aspernatus
2291 3336 2438 3400 erat,

234 3426 373 3503 quin
403 3446 478 3486 ex
505 3428 827 3509 asperrima
852 3431 1121 3492 barbarie
1150 3431 1382 3512 Illyrias
1426 3432 1803 3510 Geticasque
1830 3427 2105 3488 mulieres
2134 3426 2437 3486 matrimo-

236 3521 331 3583 nio
370 3524 687 3605 jungerett
748 3544 1090 3607 quanquam
1143 3549 1217 3590 ex
1273 3529 1405 3589 aliis
1452 3530 1629 3589 etiam
1676 3524 1959 3586 uxoribus
2004 3523 2437 3605 pollicibusque

235 3621 565 3700 complures
592 3622 809 3684 liberos
842 3625 1224 3704 suscepisset.
1316 3628 1412 3686 13.
1457 3623 1638 3695 Quod
1669 3644 1802 3685 curn
1843 3620 2187 3683 Alexandro
2216 3619 2434 3679 moles-

235 3723 360 3777 tum
383 3719 701 3795 accideret,
730 3721 955 3783 urbane
985 3723 1423 3785 adolescentem
1452 3722 1772 3802 corripuitz
1815 3720 2107 3792 hortatus,
2145 3723 2163 3752 ⁶
2188 3726 2256 3777 ut
2280 3716 2433 3776 mul-

297 3937 321 3972 θ
350 3937 493 3989 Plut.
515 3940 553 3990 l.
575 3939 610 3990 1.
626 3937 896 4005 Apophth.
920 3956 966 3993 c.
983 3946 1064 3994 83.
1434 3941 1458 3977 δ
1493 3941 1638 3992 Plut.
1658 3937 1924 4004 Apophth.
1947 3938 1985 3989 l.
2007 3937 2046 3988 l.
2070 3934 2342 3988 Demostb.
2363 3932 2430 3983 de

296 4021 320 4046 ⁸
352 4013 492 4066 Plut.
513 4013 669 4067 Alex.
693 4017 732 4067 1.
753 4018 791 4067 1.
1368 4020 1593 4070 Corona.

297 4087 318 4123 ¹
345 4090 488 4142 Plut.
509 4091 779 4157 Apophth.
801 4108 851 4147 c.
868 4099 956 4146 sl.
1381 4117 1387 4123 ·
1429 4094 1444 4129 ¹
1477 4097 1620 4145 Plut.
1642 4091 1799 4145 Alex.
1816 4107 1872 4155 p.
1891 4094 2008 4141 669.

299 4172 326 4209 8
358 4167 543 4220 Cicero
582 4168 740 4221 Offic.
786 4184 853 4222 ιι.
897 4178 979 4224 15.
1012 4179 1063 4226 6.
1108 4174 1286 4228 Valet.
1430 4169 1759 4221 *Athenaeus
1785 4183 1863 4234 pr.
1893 4168 1933 4217 1.
1966 4178 2092 4216 xm.
2119 4164 2299 4228 Steph'.
2316 4174 2429 4214 voc.

241 4241 380 4296 Max.
401 4257 499 4298 vu.
520 4250 571 4296 2.
590 4246 809 4300 Extern.
830 4253 911 4303 1⁰.
1209 4271 1214 4280 ·
1372 4249 1531 4301 rev-ta.
1565 4248 1749 4298 AElian.
1773 4246 1898 4296 var.
1923 4243 2068 4296 Hist.
2090 4254 2220 4295 xm.
2235 4244 2322 4291 86.

1522 4331 1542 4355 4
