2978 4933
831 356 952 404 οι..
996 354 1193 404 cxu.
1233 338 1300 404 2.
1371 353 1442 401 A.
1492 355 1610 402 cn.
1657 355 1733 403 N.
1775 338 1926 404 330.
2362 340 2492 407 385

288 494 359 564 'et
386 499 623 566 fratres
669 499 992 584 ergastuli
1044 497 1437 564 detrimenta
1457 499 1487 561 ‘t
1580 496 1685 564 14.
1743 497 1833 565 Et
1859 504 2062 583 quota
2091 517 2248 582 pars
2277 501 2491 566 nostri

277 608 394 667 ztot
422 603 604 666 obire
635 609 851 667 terras
904 607 1121 685 potest
1141 603 1171 664 ‘l
1219 601 1450 684 procul
1498 599 1779 685 Europa
1825 603 1895 664 in
1924 601 2161 666 ultima
2190 601 2488 669 Orientis

286 704 584 787 relegati,
625 723 841 780 senes,
871 704 1155 779 debileS,
1184 702 1435 786 majore
1465 705 1911 768 membrorum
1941 711 2125 788 parte
2154 706 2486 797 mulctati,
2544 792 2549 796 ι

285 805 722 871 tolerabimus
752 807 1032 884 scilicet,
1062 824 1214 891 quae
1258 811 1552 872 armatos
1598 813 1665 872 et
1705 807 1991 872 victores
2019 808 2486 890 fatigaverunt.

287 908 394 971 15.
426 907 758 992 Conjuges
789 908 1054 987 deinde,
1084 927 1256 993 quas
1287 909 1510 993 captis
1541 928 1693 973 sors
1723 915 1789 974 et
1814 911 2186 976 necessitas
2209 911 2484 1001 unicum

279 1011 609 1077 *solatium
637 1012 986 1096 applicuit,
1018 1032 1403 1098 parvosque
1441 1013 1695 1079 liberos
1734 1014 2058 1079 trahimus
2108 1015 2479 1094 nobiscum,

286 1125 376 1178 an
402 1113 833 1197 relinquimus
857 1118 887 1179 ‘l
920 1136 1069 1182 cum
1109 1117 1214 1181 his
1245 1118 1597 1181 venientes
1623 1137 1821 1182 nemo
1852 1137 2214 1200 agnoscere
2264 1117 2481 1183 volet:

284 1216 393 1281 16.
438 1217 893 1301 relinquemus
924 1239 1077 1302 ergo
1108 1219 1451 1303 extemplo
1481 1220 1836 1303 praesentia
1864 1220 2162 1303 pignera,
2194 1240 2346 1285 cum
2378 1221 2480 1284 in—

279 1325 541 1385 certum
570 1320 681 1400 sit,
733 1340 822 1385 an
853 1310 1057 1388 visu-ri
1099 1324 1307 1386 simus
1368 1343 1450 1388 ea
1501 1343 1658 1406 quae
1704 1324 2055 1408 petimus?
2146 1323 2325 1389 Inter
2350 1325 2479 1390 hos

271 1421 617 1487 latendum
650 1429 776 1500 est,
804 1424 921 1507 qui
949 1443 1072 1489 nos
1101 1426 1389 1491 miseros
1428 1438 1630 1490 nosse
1663 1423 2055 1509 coeperunt.'
2143 1424 2249 1489 17.
2296 1426 2479 1492 Haec

282 1523 686 1610 Euthymon.
760 1524 1017 1593 Contra
1066 1528 1459 1593 Theaetetus
1504 1527 1942 1594 Atheniensis
1996 1546 2188 1592 orsus
2227 1537 2332 1593 est
2379 1530 2482 1594 di-

283 1646 437 1692 cere
469 1650 488 1688 z¹
531 1631 553 1663 ‘
575 1627 933 1694 Neminem
956 1625 979 1663 f
1003 1629 1188 1714 pium
1211 1630 1447 1695 habitu
1471 1632 1774 1714 corporis
1795 1651 1954 1697 suos
1975 1631 2479 1721 aestimaturum‚

279 1732 520 1815 utique
573 1732 840 1798 saevitia
890 1732 1131 1811 hostiS,
1187 1752 1319 1797 non
1362 1741 1594 1799 natura
1647 1734 2102 1799 calamitosos.
2192 1733 2482 1816 Dignum

280 1852 437 1898 esse
472 1836 652 1899 omni
682 1836 882 1914 malo,
917 1836 1031 1919 qui
1064 1837 1481 1903 erubesceret
1529 1838 1814 1902 fortuita
1844 1858 1860 1902 ι
1907 1837 2164 1901 tristem
2197 1838 2371 1900 enim
2398 1837 2483 1900 de

277 1938 680 2004 mortalitate
722 1938 894 2004 ferre
949 1940 1364 2018 sententiam,
1408 1948 1480 2005 et
1526 1940 1880 2025 desperare
1912 1939 2482 2016 misericordiam,

278 2039 449 2122 quia
505 2041 651 2125 ipse
710 2043 903 2108 alteri
951 2042 1412 2126 denegaturusv
1443 2045 1554 2109 sit.
1666 2044 1775 2108 18.
1823 2044 2042 2121 DeoS,
2070 2062 2075 2065 ·
2101 2040 2284 2124 quod
2342 2043 2481 2124 ipsi

276 2162 625 2227 nunquam
652 2147 804 2211 ausi
849 2153 1083 2229 optare
1129 2146 1360 2224 forent,
1409 2145 1646 2213 offerre
1679 2147 1992 2231 patriam,
2025 2144 2365 2228 conjugeS,
2398 2144 2479 2208 li-

1202 2326 1561 2347 OOO‘OOOOOO‘O

276 2446 414 2492 nett.
439 2442 587 2494 Rom.
609 2442 730 2494 Vet.
758 2458 841 2496 an.
864 2448 1009 2497 1474.
1045 2447 1236 2498 Veron.
1263 2452 1317 2497 et
1340 2447 1476 2498 Mer.
1501 2452 1753 2509 agnoscent
1775 2447 1992 2506 fratr-es,-
2025 2445 2178 2496 Voss.
2204 2448 2249 2495 1.
2287 2442 2483 2494 omittit

274 2514 324 2557 et
337 2507 527 2566 fratres
538 2525 558 2567 ‚·
591 2511 851 2560 nonnullae
876 2517 1005 2563 vett.
1024 2512 1244 2561 habent:
1281 2513 1528 2573 etfratres
1543 2519 1817 2575 agnoscent.
1886 2515 1902 2541 ‘
1918 2510 2184 2562 Acidalius
2205 2510 2478 2573 aptissime

277 2573 544 2636 conjecit:
577 2574 740 2624 Liberi
763 2576 813 2624 iu
824 2576 952 2640 flore
974 2582 1022 2626 et
1041 2578 1201 2627 etatis
1223 2582 1277 2626 et
1294 2592 1337 2626 r.
1358 2584 1519 2640 patres
1545 2576 1837 2639 agnoscent?
1872 2577 2162 2626 Cunz.—l4
2201 2576 2268 2624 Et
2297 2589 2385 2638 quo
2407 2575 2480 2623 ita

276 2639 424 2688 Pith.
448 2653 701 2688 memorum
717 2646 857 2704 purte
877 2642 990 2691 Pal.
1013 2646 1061 2690 l.
1084 2642 1296 2691 mutilati
1311 2643 1465 2705 vulgo
1484 2657 1580 2703 pro
1596 2642 1804 2691 multati.
1837 2643 1978 2691 Dan.
1996 2656 2100 2703 quoe
2116 2641 2306 2689 armati.
2328 2639 2480 2690 Voss.

274 2707 326 2752 2.
350 2702 549 2752 omittit
569 2710 616 2754 et
640 2713 762 2754 ante
782 2705 998 2755 victores.
1035 2707 1261 2756 Florent.
1286 2707 1434 2757 Leid.
1457 2709 1609 2757 Voss.
1633 2711 1682 2755 1.
1707 2708 1820 2755 Bon
1857 2740 1860 2743 -
1886 2722 1903 2762 ῃ
1951 2706 2071 2769 ugd.
2095 2702 2480 2760 et·Amst.sati-

271 2772 602 2829 gaman—15
642 2770 880 2831 Coniuges
900 2773 1083 2820 demum
1106 2773 1258 2821 Voss.
1281 2776 1329 2821 2.
1354 2771 1472 2821 Ald.
1498 2772 1666 2822 Colin.
1694 2721 1901 2835 Gryffssn
1970 2786 2042 2819 as.
2075 2768 2229 2819 Frob.
2251 2769 2388 2818 M-er.
2424 2776 2480 2818 et

275 2834 393 2882 Col.
421 2834 479 2882 C.
500 2834 666 2884 deinde
685 2836 836 2884 Voss.
859 2840 902 2886 l.
920 2836 1148 2887 Florent.
1169 2836 1505 2900 Leid.-Bong.
1530 2838 1634 2886 alii.
1667 2838 1818 2886 vose.
1837 2841 2018 2900 aquas
2032 2841 2212 2898 captas.
2238 2834 2478 2883 Florem.

273 2898 426 2947 Leid.
448 2907 504 2948 et
519 2900 665 2948 Voss.
687 2901 884 2960 l.sore,·
917 2902 1034 2951 Pal.
1053 2906 1098 2950 1.
1117 2916 1237 2953 sors·
1272 2903 1505 2952 Florent.
1525 2917 1587 2951 an
1608 2901 2039 2964 'reliquimus—16
2063 2901 2177 2950 Pal.
2196 2905 2242 2949 1.
2263 2900 2411 2947 Voss.
2430 2903 2478 2948 1.
2575 2929 2584 2954 x

274 2973 334 3014 et
351 2964 497 3014 Leid.
520 2965 823 3028 relinquimus
839 2981 975 3029 ergo.
1007 2968 1171 3029 Bong.
1189 2972 1236 3017 2.
1257 2975 1312 3016 et
1328 2968 1479 3017 Voss·
1504 2972 1552 3017 1.
1568 2969 1735 3030 templo
1753 2984 1774 3026 ;
1796 2968 1946 3016 Voss.
1967 2972 2016 3016 2.
2037 2967 2209 3029 Bong.
2233 2970 2278 3013 1.
2298 2964 2411 3013 Pal.
2435 2970 2480 3015 1.

274 3037 333 3078 et
356 3030 496 3080 Pith.
514 3032 723 3094 exemplo
733 3047 753 3089 ,-
784 3032 1003 3080 Theocr.
1028 3031 1171 3083 Mod.
1196 3032 1364 3082 Amst.
1387 3039 1449 3083 ef
1468 3032 1632 3096 Lugd.
1660 3029 1891 3094 eicemplo
1911 3032 2178 3081 omittunt.
2246 3030 2479 3080 Florent-

277 3095 431 3144 Leid.
456 3096 606 3144 Voss.
631 3100 678 3144 1.
701 3100 749 3145 2.
774 3105 830 3146 et
851 3098 1022 3160 vulgg.
1044 3098 1366 3161 prementium,
1400 3098 1542 3148 Pith.
1565 3113 1672 3147 cum
1690 3097 1860 3146 incerti
1876 3098 2038 3146 simus.
2077 3097 2304 3145 Floreat.
2328 3094 2480 3143 Voss.

279 3165 326 3209 1.
361 3167 417 3209 et
433 3161 612 3224 Bong.
648 3162 734 3210 ma
756 3176 859 3227 quoe
888 3164 1111 3226 petimus.
1178 3164 1294 3213 Pal.
1326 3167 1375 3213 1.
1398 3165 1538 3213 Inter
1558 3164 1675 3224 haec,
1704 3171 1902 3212 etmox
1924 3178 2028 3225 quae
2049 3164 2277 3211 nom—17
2313 3160 2480 3223 Bong.

278 3230 324 3274 1.
350 3229 404 3274 2.
438 3226 630 3275 Fauch.
662 3226 894 3277 Florent-
928 3234 984 3278 et
1005 3229 1227 3278 Vosssl.
1269 3230 1556 3285 Euo-temam
1590 3228 1704 3278 Pal.
1731 3234 1777 3279 1.
1810 3228 2106 3284 Euthemon3
2141 3224 2480 3275 Pittheute-

263 3305 419 3347 ,mom
471 3290 593 3340 Ald.
615 3293 890 3355 Euthymo5
923 3294 1047 3342 Bas.
1082 3295 1195 3344 Col.
1228 3301 1285 3343 et
1314 3295 1452 3343 Mer.
1495 3295 1747 3343 Euctemon.
1781 3292 1900 3341 Pal.
1930 3296 1976 3341 1.
2003 3292 2260 3341 Theutetus
2278 3306 2296 3347 ‚·
2329 3288 2478 3339 Leid.

278 3355 525 3405 Theatetis
540 3372 559 3414 ;
594 3358 747 3408 Voss.
769 3362 819 3406 2.
847 3358 1050 3416 'Metam
1084 3359 1208 3408 ΑΜ.
1244 3355 1547 3408 Bas-Frob.
1569 3359 1704 3409 Mer.
1727 3364 1782 3407 et
1815 3358 1931 3407 Col.
1958 3357 2199 3413 Theonis,-
2233 3356 2402 3417 Bong.
2430 3360 2478 3402 l.

275 3424 325 3469 2.
354 3420 619 3480 Theanus,-
652 3423 844 3472 Fauch.
877 3423 1189 3474 Theatheteus
1206 3440 1224 3481 ,·
1262 3425 1435 3487 Bong.
1456 3428 1505 3473 1.
1524 3422 1733 3473 diversa
1754 3436 1906 3471 manu
1926 3422 2114 3470 AEtlmn.
2180 3421 2293 3469 Pal.
2326 3423 2370 3467 1.
2389 3432 2480 3467 (εε-

276 3486 396 3534 tima
416 3486 605 3535 soevitia
622 3487 798 3551 utique,
816 3490 899 3549 ξε.
966 3490 1122 3538 Frob.
1141 3504 1235 3538 non
1254 3494 1473 3547 naturoe3
1509 3488 1626 3537 Pal.
1651 3495 1700 3538 1.
1721 3503 1815 3537 non
1836 3492 2009 3536 natura
2026 3486 2277 3535 calido-eus.
2343 3483 2479 3531 Dan.

276 3550 422 3600 Pith.
448 3558 504 3600 et
524 3552 718 3602 Fauch.
741 3553 824 3616 qui
844 3554 1110 3603 erubescere
1120 3554 1330 3615 fortuite
1346 3571 1367 3612 ;
1400 3556 1551 3603 Voss.
1574 3558 1622 3603 2.
1645 3554 1760 3604 Pal.
1783 3557 1829 3602 1.
1853 3550 1951 3601 Ed.
1977 3566 2056 3616 pr.
2089 3551 2304 3599 Venett.
2325 3548 2478 3597 Rom.

277 3616 479 3667 Veron.
499 3617 648 3669 Junt.
669 3615 793 3667 Ald.
818 3619 981 3669 Colin.
1016 3619 1220 3684 Gryph.
1241 3620 1380 3670 Mer.
1413 3620 1537 3668 Bas.
1563 3619 1678 3669 Col.
1708 3626 1765 3669 et
1787 3616 1944 3668 Frob.
1967 3616 2050 3680 qui
2069 3617 2356 3665 erubesceret
2366 3612 2482 3674 for·

273 3686 404 3730 tunoe
419 3699 441 3741 ,·
476 3682 703 3735 Florent.
727 3684 876 3734 Leid.
899 3684 1050 3735 Voss.
1074 3688 1123 3735 1.
1161 3690 1210 3734 2.
1248 3689 1301 3733 et
1328 3686 1497 3749 Bong.
1536 3689 1580 3734 1.
1616 3688 1666 3736 2.
1689 3682 2186 3748 ενιώεεσενείονιιάεο.
2252 3679 2399 3729 Mod.
2424 3683 2479 3726 et

274 3747 505 3811 vulgatae
544 3746 654 3797 fere
694 3763 871 3799 omnes
908 3756 1029 3800 ante
1065 3750 1294 3800 Freinsh.
1315 3750 1503 3799 tristem
1521 3764 1643 3799 eum.
1710 3750 1846 3799 Mer.
1867 3749 2114 3813 desperare
2135 3746 2289 3795 debet.
2321 3746 2474 3793 Voss·

276 3818 333 3862 et
353 3812 476 3863 aliae
501 3812 622 3864 edd.
644 3828 814 3879 quam3
849 3815 973 3866 Bas,
998 3821 1047 3866 1.
1070 3816 1303 3879 qui—18
1340 3815 1572 3867 Florent.
1611 3814 1759 3865 Leid.
1792 3816 1941 3864 Voss.
1975 3817 2022 3863 1.
2046 3817 2097 3862 2.
2122 3819 2178 3862 et
2198 3812 2366 3875 Bong.
2400 3825 2481 3873 op-

1284 3929 1500 4023 NOT’AE

245 4146 259 4157 ,
338 4104 360 4140 f
393 4104 664 4169 Neminem]
721 4104 999 4156 Neminem
1022 4105 1339 4171 exipsorum
1424 4111 1619 4168 turum,
1653 4111 1871 4168 propter
1907 4102 2200 4153 deformata
2239 4100 2483 4152 mutilita-

275 4180 541 4244 cognatis,
557 4181 753 4246 liberis,
776 4182 1104 4250 conjugibus,
1130 4182 1220 4248 qui
1237 4197 1343 4233 mo·
1423 4195 1527 4247 que
1549 4183 1782 4247 corporis
1803 4182 2051 4231 membra.

280 4258 349 4307 do
376 4258 491 4323 pius
513 4263 670 4315 esset,
703 4259 842 4322 ipsos
876 4259 1088 4311 minoris
1121 4259 1345 4311 aestima-
1644 4301 1647 4306 ,
1800 4299 1803 4300 ⁷

410 4339 592 4403 Delph.
614 4345 665 4391 et
693 4339 957 4391 Vernaus.
1261 4341 1329 4397 Q.
1352 4340 1491 4389 Gurt.
2250 4339 2282 4383 2
2316 4334 2360 4381 Β
