2978 4933
762 398 1020 449 suem..
1067 398 1147 449 m
1199 400 1269 460 Q.
1315 397 1664 449 cunnum
1715 399 1863 449 mn.
1912 399 1994 448 11.
2336 386 2468 453 135

267 560 375 603 ves
402 560 439 603 e
465 540 794 602 continenti
836 551 1278 622 expugnaturos
1320 560 1496 611 esse:
1540 560 1677 602 nam
1718 561 1993 622 praesaga
2019 541 2278 605 victorine
2310 542 2467 619 ales,

268 658 394 699 non
427 638 487 698 in
516 638 788 711 navibus,
816 638 923 698 sed
951 639 1011 698 in
1042 638 1237 699 littore
1267 638 1568 708 constitit:
1613 659 1724 700 nec
1752 639 1941 720 magis
1969 650 2262 714 eventum,
2289 662 2474 722 quam

267 735 472 796 locum
512 733 775 796 ostendit
809 734 971 796 belli.
1060 737 1153 795 14.
1196 735 1349 795 Nam
1388 736 1456 808 si,
1486 747 1556 795 ut
1604 736 1910 815 ecepimus,
1939 736 2257 797 maritimas
2295 740 2469 799 urbes

266 833 462 893 nostri
502 831 650 913 juris
704 834 1011 903 efficimus,
1063 833 1377 892 Persarum
1423 833 1637 893 classis
1694 835 1850 893 ultro
1906 832 2233 892 dilabetur:
2273 854 2470 914 neque

265 929 430 989 enim
479 930 972 1010 supplementum,
1001 940 1102 990 aut
1151 943 1535 1003 commeatus,
1563 942 1667 989 aut
1710 950 1935 990 securoe
1976 930 2150 990 etiam
2181 931 2470 992 stationes

261 1026 327 1086 in
358 1036 593 1106 promtu
635 1036 844 1094 erunt;
890 1036 952 1087 et
979 1028 1031 1086 si
1073 1027 1204 1087 hoec
1245 1026 1494 1097 adimas,
1521 1047 1639 1107 quo
1668 1027 1801 1106 plus
1845 1027 1906 1085 in
1935 1027 2079 1087 mari
2129 1027 2351 1087 habent
2379 1027 2465 1087 v'i-

266 1122 446 1194 rium,
476 1141 549 1183 eo
574 1122 822 1182 celerius
871 1134 1311 1184 consumentur.
1394 1126 1592 1203 Atque
1621 1124 1707 1184 sic
1750 1124 2122 1204 implebimus
2152 1122 2330 1184 fidem
2369 1142 2472 1183 va-

266 1218 476 1291 ticinii,
502 1218 662 1298 quod
691 1239 864 1282 aereae
905 1221 1122 1281 tabulae
1168 1222 1517 1301 inscriptum
1567 1241 1755 1301 nuper
1801 1240 1876 1280 ex
1901 1219 2162 1301 quodam
2203 1221 2263 1279 in
2292 1221 2473 1301 Lycia

268 1315 440 1375 fonte
482 1315 817 1377 ebullivisse
861 1320 1296 1397 comperimus?
1322 1320 1544 1379 instare
1591 1317 1914 1379 terminum
1961 1317 2182 1379 Persici
2209 1317 2473 1398 imperii.'

278 1414 377 1473 15.
421 1413 513 1473 Ita
560 1412 851 1475 dissoluta
893 1416 1109 1488 classe,
1160 1406 1415 1476 Pontum
1458 1416 1915 1496 adjacentesque
1957 1415 2152 1477 Ponto
2196 1416 2472 1495 regiones

272 1510 625 1587 praetoribus
653 1511 777 1571 suis
807 1511 1211 1591 subjugandas
1261 1512 1528 1592 reliquit;
1572 1514 1700 1594 ipse
1749 1515 2084 1574 institutum
2134 1513 2243 1574 iter
2270 1533 2472 1595 prose-

275 1615 474 1676 cutus,
515 1608 574 1666 in
604 1608 838 1670 Cariam
869 1609 1090 1668 movit:
1117 1601 1136 1635 ¹
1179 1628 1315 1668 nam
1344 1615 1359 1642 ‘
1379 1629 1452 1670 eo
1480 1612 1899 1690 magnam-vim
1929 1610 2185 1671 hostium
2206 1608 2472 1672 confluit-

274 1704 431 1762 isse'
473 1716 854 1784 cognoverat.
947 1708 1040 1767 16.
1085 1706 1317 1787 Quippe
1365 1708 1825 1769 Halicarnassus
1870 1719 2082 1768 natura
2122 1708 2239 1768 loci
2281 1710 2475 1769 muni-

275 1800 527 1874 tissima,
551 1803 888 1897 duplicique
917 1824 1051 1865 arce
1079 1812 1256 1879 tuta‚⁸
1284 1825 1448 1885 spem
1477 1807 1781 1885 praebebat
1808 1805 2221 1880 Macedonem,
2246 1816 2477 1867 torren-

275 1899 352 1958 tis
397 1918 555 1959 more
603 1913 891 1974 ruentem,
929 1921 1004 1961 ea
1043 1903 1186 1962 urbe
1231 1912 1516 1983 tanquam
1560 1904 1861 1983 crepidine
1902 1904 2175 1985 opposita
2218 1903 2477 1964 coerceri

275 2015 475 2074 posse.
559 1996 823 2057 Maxima
863 1998 922 2058 in
954 1997 1275 2060 Memnone
1314 2019 1452 2077 spes
1492 2011 1639 2073 erat,
1668 2000 1770 2079 qui
1812 2001 2009 2061 omnia
2046 2000 2122 2060 ad
2170 1999 2475 2060 serendam
2510 2024 2513 2025 ⁷

278 2093 644 2167 obsidionem
671 2105 1003 2176 opportuna
1027 2117 1253 2156 summa
1273 2117 1416 2157 cura
1443 2087 1862 2178 proeparabat.¹¹
1950 2101 2043 2157 17.
2088 2098 2291 2176 Nuper
2319 2098 2501 2156 enim·

280 2207 316 2247 a
345 2189 528 2250 Dario
556 2192 861 2252 maritimae
890 2212 1009 2252 orae
1036 2193 1334 2272 totiusque
1362 2193 1574 2254 classis
1603 2205 1820 2273 praetor
1846 2195 2078 2255 'creatus
2109 2194 2252 2254 erat.
2318 2194 2473 2252 Nam

279 2284 457 2345 homo
476 2285 725 2346 callidus
745 2289 1485 2370 temporumque'prudens‚
1504 2309 1637 2349 cum
1661 2310 1747 2364 se,
1771 2292 1975 2351 'omnes
1994 2289 2268 2351 Persicos
2291 2289 2476 2350 duces

280 2380 506 2442 bellicis
536 2385 755 2445 artibus
785 2392 1180 2466 superantem,
1212 2390 1389 2447 unam
1433 2389 1509 2447 ob
1536 2407 1781 2448 causam
1806 2389 1959 2448 infra
1987 2387 2256 2448 meritum
2284 2387 2477 2446 hono-

222 2534 235 2545 ,
281 2475 393 2539 rari
420 2480 795 2561 intelligeret,
822 2483 983 2563 quod
1013 2485 1262 2546 Graecus
1306 2505 1544 2566 genere,
1575 2497 1638 2546 et
1672 2486 1809 2547 olim
1852 2485 2264 2548 Macedonicae
2293 2488 2474 2565 regiae

280 2576 497 2656 hospes
527 2576 603 2638 de
629 2571 954 2657 proditione
984 2599 1297 2662 suspectus
1325 2583 1530 2643 haberi
1558 2595 1825 2663 poterat:
1870 2602 2108 2643 uxorem
2134 2603 2299 2642 suam
2327 2583 2475 2641 libe-

281 2692 494 2752 rosque
545 2674 622 2733 ad
672 2675 917 2737 Darium
964 2679 1159 2750 misit,¹
1200 2677 1370 2757 quasi
1416 2678 1493 2738 de
1547 2679 1858 2740 securitate
1907 2679 2139 2739 illorum
2190 2678 2477 2750 solicitus,

282 2789 484 2830 revera
511 2771 696 2832 uthis
724 2774 890 2833 velut
920 2775 1225 2835 obsidibus
1265 2776 1541 2834 fiduciam
1570 2777 1726 2856 regis
1768 2775 2074 2855 obligaret.
2162 2778 2258 2836 18.
2301 2775 2478 2834 Cete-

282 2886 408 2927 rum
465 2869 823 2943 Alexander,
869 2872 1101 2932 Cariam
1158 2873 1579 2953 introgressus,
1633 2873 1831 2934 omnia
1882 2872 2033 2934 i'nter
2090 2871 2361 2931 Miletum
2418 2882 2479 2930 et

283 2964 767 3027 Halicarnassum
820 2969 1042 3050 oppida
1101 2970 1261 3030 brevi
1318 2971 1380 3028 in
1446 2979 1799 3050 potestatem
1854 2967 2104 3049 redegit.
2187 2967 2475 3047 Pleraque

279 3063 436 3124 enim
483 3063 709 3125 Gtaecis
759 3065 967 3126 incolis
1011 3067 1447 3140 habitabantur,
1480 3068 1697 3148 quibus
1740 3066 2166 3126 immunitatem
2218 3065 2475 3144 suasque

276 3158 441 3239 leges
472 3163 774 3221 restituere
803 3173 1209 3238 consueverat,
1239 3171 1254 3197 ‘
1279 3166 1354 3224 ob
1384 3164 1723 3224 liberandos
1753 3183 1855 3224 eos
1885 3164 1944 3222 in
1976 3163 2181 3223 Asiam
2208 3163 2441 3223 venisse
2463 3162 2480 3188 '

279 3251 634 3336 professus}
720 3261 832 3320 19.
881 3259 1088 3340 Neque
1133 3262 1417 3322 minorem
1464 3282 1602 3322 mox
1646 3282 1683 3322 a
1721 3260 1982 3321 barbaris
2031 3260 2161 3320 iniit
2207 3260 2475 3341 gratiam,

280 3355 525 3416 comiter
550 3368 800 3436 excepta
827 3356 995 3430 Ada,¹
1023 3359 1165 3438 regii
1205 3359 1437 3439 generis
1473 3359 1741 3427 muliere.
1772 3378 1907 3438 quae
1948 3357 2055 3419 iter
2104 3376 2208 3436 per
2245 3375 2316 3416 ea
2343 3358 2478 3417 loca

281 3451 590 3512 facientem
618 3462 996 3525 convenerat,
1026 3454 1299 3535 illiusque
1326 3456 1507 3516 fidem
1548 3457 1872 3536 implorans
1902 3461 1918 3488 ‘
1940 3455 1999 3514 in
2029 3473 2276 3533 regnum
2304 3454 2476 3514 resti-

284 3550 400 3608 tui’
444 3560 730 3610 oraverat.
818 3551 971 3610 Nam
1027 3551 1430 3613 Hecatomnus
1482 3553 1678 3613 Cariae
1730 3573 1833 3613 rex
1880 3562 2001 3613 tres
2049 3551 2202 3611 filios
2249 3550 2474 3622 habuit,

287 3646 430 3706 duas
458 3646 644 3707 filias:
687 3666 761 3706 ex
787 3647 999 3727 quibus
1027 3649 1315 3708 maximus
1360 3661 1505 3710 natu
1544 3650 1857 3710 Mausolus
1879 3645 2250 3708 Artemisiam
2289 3645 2476 3704 duxe-

287 3754 404 3803 rat:
448 3744 636 3803 minor
663 3764 737 3804 ex
763 3746 1057 3804 sororibus
1075 3746 1210 3805 Ada
1238 3747 1399 3805 fratri
1430 3747 1677 3807 Hidrieo
1707 3745 1927 3824 nupsit.
2009 3745 2109 3802 20.
2154 3741 2274 3801 Sed
2297 3741 2476 3801 Mau-

289 3840 410 3899 solo
437 3839 677 3920 quidem
704 3859 867 3901 soror
897 3842 1219 3922 eademque
1249 3845 1466 3924 conjux
1498 3844 1808 3914 successit,
1837 3860 1993 3900 more
2025 3840 2240 3919 gentis,
2267 3860 2387 3919 quo
2414 3840 2475 3899 in

351 4049 371 4074 ⁰
404 4044 543 4094 Plut.
570 4042 721 4093 Alex.
744 4058 797 4108 p.
821 4049 936 4095 673.
1488 4047 1512 4080 ¹·
1545 4047 1707 4097 Diod.
1729 4048 1764 4096 Ι.
1789 4048 1823 4095 l.
1846 4045 2051 4096 Arrian.
2077 4059 2116 4095 1.
2134 4049 2218 4094 21.

349 4116 366 4150 ¹
398 4119 604 4169 Arrian.
630 4134 669 4169 1.
694 4125 778 4170 21.
816 4122 972 4171 Diod.
998 4134 1142 4170 xvir.
1162 4136 1213 4185 p.
1228 4126 1341 4172 574.
1486 4123 1499 4154 ¹
1534 4123 1694 4172 Diod.
1718 4124 1755 4175 l.
1777 4125 1813 4173 Ι.

353 4203 376 4236 ⁸
405 4195 577 4247 Strab.
606 4211 731 4247 xiv.
757 4213 808 4263 p.
831 4203 947 4249 657.
985 4197 1187 4248 Vitruv.
1221 4212 1272 4248 n.
1296 4203 1342 4248 8.
1486 4198 1515 4232 ¹⁸
1544 4197 1627 4249 Id.
1653 4200 1685 4250 Ι.
1712 4200 1747 4249 l.
2131 4221 2143 4226 ·

301 4272 446 4322 Diod.
472 4274 503 4323 1.
524 4274 557 4324 1.
1486 4274 1500 4308 ¹
1534 4275 1618 4326 Id.
1641 4277 1673 4325 1.
1699 4276 1730 4324 1.
1758 4274 1930 4326 strab.
1956 4273 2034 4324 1.Ι.
2061 4271 2263 4321 Arrian.
2291 4285 2325 4320 1.
2349 4274 2429 4318 24.
