2978 4933
478 379 606 446 490
927 396 995 455 Q.
1044 392 1305 443 cuam
1354 393 1537 446 auri
1589 395 1730 443 mn.
1782 395 1883 445 νι.
1930 397 2093 445 cAi’.
2144 380 2242 446 11.

477 538 1030 623 ‘discerpendum
1066 557 1218 605 esse
1262 539 1658 623 parricidam
1700 540 2011 608 manibus
2053 543 2331 607 eorum.'
2416 544 2504 609 Id
2541 546 2695 630 qui-

475 643 623 708 dem
655 642 985 721 Philotas,
1032 641 1146 728 qui
1178 643 1488 725 graviora
1530 644 1872 728 supplicia
1910 654 2248 725 metueret,
2292 647 2467 712 haud
2517 668 2695 713 sane

473 745 700 830 iniquo
755 746 979 812 animo
1031 745 1373 811 audiebat.
1456 745 1523 810 9.
1568 744 1728 814 Rex
1783 747 1854 813 in
1904 750 2295 815 concionem
2338 770 2691 829 reversim,

474 847 622 914 sive
654 857 731 915 ut
757 849 830 914 in
876 849 1188 917 custodia
1237 869 1507 934 quoque
1555 855 1919 935 torqueret,
1967 852 2114 918 sive
2167 857 2238 924 ut
2284 851 2689 936 diligentius

473 960 720 1019 cuncta
747 962 1198 1037 cognosceret,
1229 953 1594 1021 concilium
1643 954 1716 1019 in
1768 960 2111 1040 posterum
2163 955 2337 1022 diem
2370 956 2687 1021 distulit:

472 1062 546 1119 et
575 1074 959 1140 quanquam
988 1057 1058 1122 in
1087 1076 1434 1141 vesperam
1470 1056 1846 1124 inclinabat
1889 1058 2061 1138 dies,
2106 1066 2328 1125 tamen
2372 1060 2687 1125 ‘amicos

473 1159 872 1226 convocari’
891 1159 1134 1246 jubet:
1178 1162 1285 1228 10.
1317 1169 1385 1228 et
1421 1164 1663 1228 ceteris
1709 1162 1981 1247 quidem
2020 1163 2366 1247 placebat,
2394 1162 2685 1227 ‘Mace-

472 1261 722 1329 donum
750 1282 930 1329 more
949 1264 1156 1330 (obrui
1185 1266 1380 1331 saxis
1400 1264 1441 1347 ς’
1494 1265 1947 1350 Hepbaestion
2000 1275 2224 1334 autem
2255 1275 2327 1333 et
2355 1266 2682 1334 Craterus

466 1371 538 1433 et
563 1363 855 1432 Coenus‘
897 1374 917 1406 ‘
944 1370 1294 1435 tormentis
1338 1370 1689 1435 veritatem
1721 1370 2236 1454 exprimendam
2267 1368 2455 1436 esse'
2486 1370 2681 1457 dixe-

468 1479 656 1536 runt:
699 1475 766 1535 et
793 1469 894 1534 illi
922 1490 1209 1557 quoque,
1240 1472 1358 1556 qui
1391 1473 1581 1538 aliud
1612 1480 1991 1551 suaserant,
2039 1474 2108 1538 in
2136 1472 2372 1537 horum
2402 1480 2678 1536 senten·

469 1570 633 1637 tiam
692 1578 1051 1640 transeunt.
1139 1574 1245 1640 ll.
1287 1574 1596 1642 Consilio
1646 1596 1805 1659 ergo
1866 1577 2167 1654 dimisso,
2219 1574 2675 1660 Hepbaestion

468 1691 622 1739 cum
652 1673 927 1741 Cratero
961 1683 1031 1743 et
1079 1679 1300 1744 Coeno
1354 1679 1443 1744 ad
1503 1680 1953 1765 quaestionem
2001 1679 2085 1743 de
2114 1676 2394 1742 Philota
2422 1676 2677 1742 haben-

467 1775 624 1843 dam
675 1786 1094 1863 consurgunt.
1184 1781 1288 1847 12.
1337 1782 1523 1861 Rex,
1572 1782 1853 1850 Cratero
1907 1782 2225 1848 arcessito
2270 1787 2341 1846 et
2366 1801 2674 1846 sermone

466 1877 721 1959 habito,
750 1882 947 1967 cujus
989 1902 1252 1950 summa
1276 1905 1406 1950 non
1427 1885 1625 1952 *edita
1653 1887 1807 1966 est,⁸
1835 1886 1903 1952 in
1932 1885 2236 1950 intimam
2253 1891 2280 1930 Β
2307 1882 2673 1950 deversorii

467 1987 730 2066 partem
761 1986 1068 2065 secessit,
1080 1995 1146 2055 et
1167 1988 1442 2055 remotis
1470 1989 1743 2055 arbitris
1766 1990 1836 2056 in
1865 1991 2137 2054 multam
2154 1994 2426 2066 noctem
2448 2006 2674 2069 quaes-

467 2084 673 2151 tionis
733 2090 1123 2171 expectavit
1180 2098 1508 2159 eventum.
1625 2093 1733 2158 13.
1792 2093 2122 2158 Tortores
2182 2090 2252 2156 in
2309 2097 2673 2173 conspectu
2770 2091 2773 2094 ’

466 2186 758 2256 Philotae
782 2192 1008 2257 omnia
1034 2195 1451 2261 crudelitatis
1482 2198 1920 2265 instrumenta
1948 2201 2343 2281 proponunt.
2433 2194 2542 2258 14.
2587 2192 2673 2256 Et

534 2379 557 2412 ὃ
587 2384 731 2444 Caius
761 2393 1091 2450 argumentum
1123 2390 1367 2453 vulgatum
1401 2405 1494 2441 non
1526 2397 1615 2443 cst.

1385 2538 1738 2560 *OO‘OWO

468 2648 735 2700 custodibus
751 2652 957 2703 maxime
977 2653 1167 2705 initium
1177 2654 1226 2715 f.
1250 2659 1573 2712 clamantium.
1617 2659 1764 2710 Leid.
1787 2659 2140 2725 discerpendum
2155 2657 2465 2724 parricidam,
2488 2657 2674 2708 omisso

466 2715 538 2776 τῷ
570 2729 683 2765 esse.
733 2718 899 2781 Lugd.
933 2718 1118 2771 Αηιεῑ.
1144 2722 1230 2771 alii
1263 2724 1470 2787 ipsorum
1508 2740 1603 2789 pro
1629 2742 1807 2777 eornm.
1861 2726 1990 2776 Mox
2026 2726 2195 2789 Boug.
2227 2728 2279 2774 2.
2314 2725 2514 2773 omittit
2546 2738 2672 2772 sane.

466 2779 617 2830 Leid.
641 2781 929 2846 iniquanimo
943 2802 962 2844 ,-
994 2786 1146 2836 voss.
1174 2791 1218 2837 1.
1239 2787 1290 2836 in
1314 2805 1404 2852 quo
1424 2791 1701 2842 animm—9
1733 2792 1924 2854 Vulgg.
1948 2790 2071 2840 edd.
2095 2797 2216 2841 ante
2241 2789 2478 2839 Freinsh.
2502 2804 2675 2852 quoque

468 2847 800 2909 tor-querelam
837 2849 1069 2903 Florem.
1107 2852 1257 2903 Leid.
1281 2855 1433 2906 Voss.
1472 2859 1519 2905 1.
1560 2861 1609 2906 2.
1643 2872 1819 2906 omnes
1856 2857 2092 2919 Gruteri,
2123 2855 2247 2907 Ald.
2279 2854 2448 2905 Colin.
2475 2854 2673 2918 Gryph.

463 2909 623 2986 ‚¹⁷¹⁰b·
639 2912 758 2962 Col.
797 2914 933 2964 Mer.
966 2917 1088 2966 Bas.
1125 2926 1177 2966 et
1202 2928 1424 2972 recentt.
1446 2937 1624 2985 quoque
1646 2927 1897 2988 torqueret.
1964 2923 2117 2972 Voss.
2150 2926 2200 2972 2.
2221 2926 2331 2970 acta
2354 2935 2451 2984 pro
2474 2925 2672 2975 cuncta-⁵

463 2973 600 3023 idem
637 2976 803 3027 codex
829 2986 884 3029 et
916 2981 1072 3031 Frob.
1107 2985 1354 3034 consilium
1370 3001 1387 3043 ,·
1419 2987 1653 3037 Florent.
1677 2988 1824 3038 Leid.
1845 2988 1998 3038 Voss.
2025 2993 2071 3037 1.
2096 2987 2231 3035 Dan.
2255 2985 2375 3035 Pal.
2406 2989 2456 3036 3.
2479 2994 2533 3034 et
2559 2985 2672 3034 edd.

460 3039 742 3152 gleraeque.
780 3044 971 3109 angg.
1009 3047 1131 3096 edd.
1164 3058 1287 3099 ante
1327 3050 1558 3102 Freinsli.
1586 3052 1836 3104 omittunt
1857 3057 1907 3102 et
1927 3059 2047 3103 ante
2078 3055 2489 3116 quanquam—1⁰
2524 3048 2665 3099 Leid-

506 3103 696 3154 lorent.
721 3114 776 3156 et
797 3108 1012 3159 Gruteri
1036 3126 1212 3163 omnes
1231 3114 1553 3179 Hephaistia:
1585 3118 1737 3170 Voss.
1759 3121 1806 3169 l.
1831 3122 1883 3169 2.
1923 3117 2183 3183 Ephesii&
2215 3115 2340 3166 ΑΜ·
2362 3115 2671 3179 HePfissfiffiv

463 3179 522 3218 ut
547 3185 783 3235 semper3
818 3174 988 3239 Bong.
1014 3177 1166 3227 Frob.
1193 3180 1308 3230 Col.
1331 3181 1454 3233 Bas.
1477 3192 1535 3234 et
1557 3183 1698 3234 Mer.
1722 3183 2002 3250 Ephesiion.
2070 3184 2238 3247 Bong.
2263 3182 2453 3245 quidem
2473 3195 2570 3245 pro
2590 3197 2672 3229 aa·

462 3240 576 3285 tem.
640 3235 748 3286 Pro
786 3239 1011 3291 dixerunt
1044 3240 1291 3296 Heinsius
1326 3248 1466 3312 conj.
1499 3250 1761 3301 duxerunt.
1828 3251 1995 3298 Amst.
2031 3248 2082 3298 in
2106 3249 2155 3299 1ι.
2177 3247 2669 3299 &transierum—ll

465 3301 659 3365 Vulgg.
683 3304 805 3354 edd.
844 3313 964 3356 ante
988 3308 1223 3360 Freinsh.
1248 3312 1461 3362 Concilio
1476 3329 1499 3372 ,⁰
1531 3314 1763 3364 Floreut.
1799 3314 1947 3364 Leid.
1966 3313 2117 3365 Voss.
2141 3318 2188 3363 1.
2211 3317 2264 3363 2.
2330 3312 2548 3363 Gruteri
2572 3325 2673 3358 om-

461 3380 552 3415 nes
576 3378 633 3417 et
657 3367 779 3419 And.
806 3372 1165 3425 Consilio.—l2
1200 3376 1306 3425 Pro
1330 3380 1559 3428 arcessito
1594 3379 1683 3429 alii
1713 3379 1959 3429 accersito.
2026 3379 2166 3428 Mer.
2200 3378 2469 3442 expectavit
2505 3379 2669 3426 adren-

462 3437 713 3484 tum—13
750 3437 979 3487 Florent.
1002 3439 1147 3489 Leid.
1169 3442 1317 3489 Voss.
1337 3446 1385 3491 1.
1404 3448 1455 3493 2.
1478 3444 1647 3507 Bong.
1672 3451 1729 3494 et
1756 3446 1898 3495 Dan.
1921 3449 2231 3507 conspectum.
2298 3443 2467 3491 Amet.
2491 3443 2667 3499 omni-⁸3

460 3497 608 3549 Voss.
634 3503 682 3551 2.
724 3501 919 3554 Venet.
950 3504 1146 3556 Veron.
1189 3507 1303 3557 Elz.
1342 3507 1466 3558 alii:
1501 3510 1656 3560 omnia
1684 3526 1724 3560 c.
1749 3513 2131 3561 tornacum—14
2168 3509 2397 3559 Floreat.
2435 3507 2583 3558 Leid.
2616 3514 2669 3556 et

1441 3655 1658 3709 NOTAE

522 3758 542 3789 f
574 3760 765 3826 Coenns]
801 3762 911 3813 Aut
943 3765 1103 3828 igitur
1122 3765 1257 3819 falso
1291 3770 1521 3823 creditus
1602 3773 1698 3824 dro
1735 3788 1872 3839 pone
1905 3774 2126 3824 obtensa
2157 3771 2326 3825 aulaea
2357 3770 2485 3823 foris
2518 3786 2664 3822 exau·

458 3845 572 3887 erat
594 3854 655 3887 eo
680 3841 893 3892 consilio
931 3843 1154 3907 lapidem
1179 3846 1230 3895 in
1256 3847 1521 3899 Philotam
1603 3851 1803 3906 dicate,
1879 3852 1999 3905 Quo
2048 3860 2281 3915 tempore
2321 3860 2438 3899 eum
2479 3848 2663 3899 dixisse

457 3913 717 3975 conjicere
742 3918 985 3978 voluisse.
1010 3927 1070 3969 ut
1102 3935 1217 3971 enm
1253 3927 1523 3976 tormentis
1605 3931 1767 3994 aiunt,
1790 3945 1906 3980 cum
1932 3928 2237 3979 miserandis
2259 3935 2316 3977 et
2341 3927 2563 3991 abjectis
2586 3942 2664 3975 vo·

457 3988 804 4053 subtraberet,
836 3999 1018 4057 cap-9.
1060 4005 1152 4048 aut
1174 4007 1361 4063 postea
1380 4017 1524 4054 men-
1605 4008 1750 4059 cibus
1785 4008 2132 4072 precibusque
2153 4007 2388 4057 Philotas
2406 4006 2661 4069 nephas-

458 4074 564 4116 tem
585 4069 823 4132 mutavit,
843 4072 1268 4127 veritusfortasse
1286 4093 1354 4130 ne
1371 4096 1525 4146 prop·
1605 4086 1800 4135 tionem
1823 4086 2166 4149 compellaret
2184 4101 2198 4133 ε
2244 4083 2463 4134 Adeone
2505 4083 2658 4133 mollin

457 4151 600 4195 terea
621 4154 893 4208 suspectus
916 4148 1214 4204 baberetur.
1603 4169 1679 4225 tu,
1700 4162 1927 4220 Phil'ota,
1943 4170 2000 4214 et
2019 4160 2367 4213 effoeminatus
2386 4168 2557 4211 tantas
2577 4172 2653 4207 res

487 4234 490 4239 ·
517 4230 546 4265 s
577 4221 899 4286 Inintimnm]
950 4225 1262 4279 Plutarchus
1290 4232 1341 4281 in
1366 4232 1523 4285 Alex.
1602 4240 1882 4293 moliebare
1896 4239 1933 4289 ἓ·

458 4305 654 4352 tortum
679 4302 755 4353 ait
775 4302 1038 4357 Philotam
1072 4306 1234 4365 fuisse
1266 4311 1521 4366 ‘Alexan-
