2978 4933
838 385 954 432 ot..
1000 383 1156 433 cxi.
1194 369 1268 432 4..
1338 384 1409 434 A.
1460 386 1585 434 cn.
1630 385 1700 433 N.
1741 367 1893 435 333.
1984 404 1987 409 ·
2323 373 2451 439 169

267 532 505 599 deinde
535 531 735 595 unius
763 529 964 595 stadii
983 538 1010 563 v
1056 536 1328 595 matrem
1378 530 1572 596 Darii
1602 530 2046 614 Sysig'ambim
2077 548 2304 597 currus
2334 555 2452 599 ve-

261 633 506 724 hebat:
559 640 651 698 et¹
673 631 743 696 in
785 631 921 697 alio
959 635 1120 696 erat.
1148 630 1441 715 conjux:
1493 633 1685 698 turba
1727 631 2149 697 foeminarum
2191 635 2452 718 reginas

265 734 736 801 comitantium
765 732 954 815 equis
988 733 1396 800 vectabatur.
1480 734 1588 800 23.
1632 732 2029 812 Quindecim
2066 736 2246 813 inde,
2268 758 2452 820 ,quas

264 841 285 883 ‘
313 854 747 901 armamaxas
767 833 784 860 '
805 842 844 868 Ψ
873 833 1246 918 appellant,
1277 837 1729 918 sequebantur
1758 854 1776 900 ε
1817 834 1891 899 in
1918 834 2024 899 his
2044 844 2234 901 erant
2259 840 2451 904 liberi

261 939 441 1021 regis
470 944 538 1003 et
564 937 684 1021 qui
707 937 1084 1001 educabant
1113 955 1256 1014 eos,
1299 937 1809 1020 spadonumque
1854 956 2033 1018 grex,
2075 937 2263 1003 haud.
2287 959 2454 1004 sane

263 1039 405 1107 illis
435 1039 747 1122 gentibus
777 1038 957 1103 vilis.
1031 1036 1151 1103 24.
1194 1038 1369 1103 Tum
1415 1040 1616 1122 regiae
1644 1040 1921 1122 pellices
1947 1047 2262 1107 trecentae
2292 1062 2452 1119 sex,-

261 1143 491 1224 aginta
518 1140 949 1217 vehebantur,
975 1148 1045 1205 et
1071 1140 1246 1224 ipsae
1274 1141 1481 1224 regali
1529 1143 1710 1208 cultu
1727 1149 1753 1177 ²³
1800 1150 2195 1226 ornatuque.
2230 1170 2235 1175 ·
2284 1143 2455 1208 Post

264 1262 436 1328 quas
465 1244 817 1327 pecuniam
855 1245 1027 1325 regis
1057 1245 1357 1310 sexcenti
1385 1245 1551 1313 muli
1578 1253 1650 1310 et
1673 1245 1945 1311 trecenti
1970 1246 2207 1310 cameli
2250 1245 2452 1311 vehe.

263 1347 469 1427 bant,;
536 1345 851 1429 praesidio
905 1347 1383 1429 sagittariorum
1436 1353 1914 1432 prosequente.
1987 1348 2126 1425 125,
2168 1347 2454 1432 Propim

264 1467 549 1530 quorum
574 1449 1068 1532 amicorumque
1097 1449 1412 1533 conjuges
1440 1451 1598 1516 huic
1616 1478 1625 1487 ·
1642 1450 1886 1533 agmini
1914 1449 2282 1532 proximan
2322 1450 2456 1515 lix-

263 1563 593 1634 arumque
622 1556 693 1614 et
720 1549 1030 1617 calonum
1052 1570 1284 1634 greges
1301 1553 1727 1619 vehebantur.
1817 1551 2067 1616 Ultimi.
2085 1561 2274 1616 erant
2302 1558 2454 1619 cum

263 1653 410 1717 suis
438 1653 723 1735 quisque
753 1652 1063 1730 ducibus,
1092 1654 1211 1736 qui
1242 1664 1554 1737 cogerent
1599 1674 1858 1738 agmen,
1904 1654 2149 1720 leviter*
2171 1655 2458 1720 armatis*

258 1754 373 1818 26.
421 1754 677 1819 Contra
723 1755 782 1818 si
824 1755 971 1836 quis
1024 1755 1235 1820 aciem
1284 1756 1729 1827 Macedonum
1789 1756 2167 1832 intueretur,
2224 1755 2458 1839 dispar

259 1855 480 1923 facies
506 1862 685 1920 erat:
728 1857 924 1940 equis
953 1857 1250 1940 virisque
1281 1878 1411 1923 non
1459 1879 1649 1936 auro,
1701 1877 1835 1922 non
1884 1856 2199 1922 discolori
2250 1863 2454 1936 veste,

260 1956 386 2022 sed
417 1956 591 2020 ferro
621 1966 822 2039 atque
852 1977 982 2021 aere
1009 1957 1431 2042 fulgentibus,
1520 1962 1629 2027 27.
1673 1959 1932 2042 Agmen
1959 1966 2030 2023 et
2056 1966 2233 2023 stare
2260 1978 2454 2043 para-

259 2067 405 2124 tum
436 2063 505 2121 et
533 2059 762 2141 sequi:
809 2076 935 2123 nec
968 2061 1186 2137 turba,
1210 2081 1333 2126 nec
1363 2062 1646 2127 sarcinis
1691 2080 2070 2145 praegrave:
2132 2062 2458 2126 intentum

260 2159 352 2224 ad
386 2159 582 2225 ducis
608 2179 747 2223 non
791 2161 1048 2293 signum
1088 2162 1309 2241 modo,
1362 2164 1482 2228 sed
1515 2165 1721 2229 etiam
1773 2168 2043 2242 nutum3
2105 2167 2170 2226 et
2216 2164 2458 2285 castris

256 2415 284 2466 b
325 2350 355 2384 ¹⁸
390 2354 636 2469 ἰωὴ-επὶ
654 2355 787 2404 ibant
808 2354 926 2405 levis
946 2361 1203 2415 armature
1223 2354 1421 2419 milites,
1456 2361 1513 2406 ut
1547 2370 1715 2420 agmen
1744 2360 1992 2420 urgerent,
2028 2371 2084 2405 ac
2119 2353 2269 2406 dilabi
2297 2353 2459 2418 probi-

284 2433 401 2469 eren

1184 2500 1541 2523 ΟΟΜΜΝΟ

256 2597 626 2670 Sieimgambim
647 2597 859 2648 exhibet
880 2597 1022 2648 Pith.
1057 2598 1370 2660 Sisigambim
1404 2601 1555 2649 Leia.
1578 2606 1636 2650 et
1656 2601 1808 2650 Voss.
1847 2600 2052 2661 passim.
2111 2598 2212 2661 Ap.
2238 2597 2462 2647 Diodor.

255 2662 365 2711 Sic.
390 2674 540 2710 xvn.
557 2677 609 2724 p.
627 2667 741 2711 681.
773 2666 1067 2724 Σισύγαμβις
1090 2670 1320 2713 vocatur.
1362 2666 1492 2713 Mox
1514 2664 1651 2714 Mer.
1667 2663 1988 2713 vectabantur.
1988 2665 2116 2711 —23
2142 2663 2288 2712 Leid.
2306 2662 2459 2711 Voss.

261 2731 307 2776 l.
329 2726 505 2789 Bong.
531 2727 666 2775 Mer.
692 2727 803 2777 Col.
825 2735 881 2777 et
918 2729 1035 2778 Pal.
1068 2732 1117 2777 2.
1152 2741 1464 2786 armaxane85
1497 2728 1614 2779 Pal.
1641 2732 1688 2777 1.
1709 2742 2017 2784 amaneus,-
2046 2727 2196 2775 Voss.
2219 2731 2269 2777 2.
2305 2740 2460 2775 arma·

257 2804 431 2841 nexas.
483 2790 629 2840 Leid.
652 2791 802 2843 Voss.
826 2797 873 2841 1.
894 2797 943 2842 2.
980 2791 1101 2841 Α1(1.
1138 2792 1303 2855 Lugd.
1338 2798 1396 2842 et
1434 2794 1600 2842 Amst.
1634 2792 1944 2854 appellabant.
2001 2790 2145 2839 Leid.
2181 2792 2266 2854 qui
2299 2791 2462 2840 edace-

259 2853 397 2918 bant,
420 2854 609 2905 omisso
629 2856 704 2915 τῳ
725 2861 807 2913 et‚·
855 2857 1009 2906 Voss.
1034 2861 1082 2905 1.
1105 2864 1161 2905 et
1185 2856 1305 2907 Ald.
1326 2857 1610 2913 educebant3
1643 2857 1785 2905 Dan.
1821 2856 2072 2917 ducebant,
2107 2854 2462 2926 superscripto

259 2933 323 2976 e,·
353 2919 479 2969 alii:
504 2920 888 2982 quoeeducabant
890 2925 1034 2971 .-24
1074 2922 1204 2970 'Pane
1227 2922 1393 2983 Bong.
1424 2923 1603 2985 pelices
1635 2921 1782 2970 Leia.
1818 2928 1874 2970 et
1907 2921 2060 2969 Voss.
2080 2923 2128 2968 1.
2152 2924 2201 2969 2.
2238 2925 2285 2969 et
2321 2933 2460 2968 sexa-

254 2984 402 3044 ginta
430 2984 599 3047 Bong.
621 2989 676 3034 et
699 2984 847 3035 Leid.
884 2989 930 3034 et
964 2986 1065 3049 ipse
1100 2986 1268 3047 Bong.
1291 2991 1339 3037 1.
1364 2994 1419 3035 et
1441 2986 1564 3035 Bas.
1625 2992 1674 3034 et
1695 2984 1789 3048 ipsi
1808 2985 1978 3048 Bong.
1997 2988 2049 3033 2.
2095 2978 2223 3034 Mox
2256 2984 2374 3035 Pal.
2412 2988 2462 3032 l.

254 3047 636 3111 eagiptamrm
649 3063 738 3111 pro
760 3054 1012 3111 sequente3
1045 3050 1180 3098 Mer.
1205 3050 1328 3099 Ald.
1351 3051 1473 3099 Bas.
1512 3057 1570 3099 et
1602 3050 1714 3100 Col.
1750 3049 2112 3110 sagittariorum
2140 3052 2462 3113 persequente.

147 3140 162 3148 -
258 3116 391 3162 -25
430 3113 587 3163 Voss.
610 3117 660 3163 1.
678 3113 791 3163 huic
808 3114 1239 3177 agminiproxime.
1272 3114 1494 3164 ‘Omnis
1516 3115 1662 3164 locus
1686 3113 1997 3163 Heumanno
2033 3113 2110 3163 sic
2147 3113 2352 3163 videtur
2388 3113 2462 3160 le-

259 3175 499 3239 gendos.
538 3178 687 3240 Prop.
721 3193 769 3226 a.
809 3192 856 3232 c.
892 3178 942 3227 h.
973 3193 1021 3228 a.
1056 3179 1287 3241 proxima
1321 3180 1626 3229 vehebantur.
1693 3178 1928 3228 fixarum
1961 3183 2010 3228 et
2042 3181 2254 3228 calonum
2291 3190 2466 3239 greges

257 3241 421 3291 altirni
442 3246 601 3303 aaut,
622 3244 703 3304 ξε.
768 3242 1018 3292 Debebat
1040 3257 1291 3326 pergere.
1324 3258 1519 3307 cumque
1540 3244 1640 3292 suis
1659 3244 1852 3307 quisque
1873 3242 2081 3302 dacibus,
2100 3258 2146 3306 q.
2167 3258 2209 3291 c.
2232 3259 2278 3292 a.
2295 3241 2464 3291 leviter

257 3306 457 3354 annoti.
493 3277 601 3355 Sed
623 3320 724 3354 non
745 3306 1095 3369 persuadeor?
1115 3308 1400 3357 Schmieder.
1403 3311 1535 3357 -26
1569 3308 1666 3356 Ed.
1692 3322 1772 3371 pr.
1795 3309 2010 3357 Venett.
2028 3278 2244 3355 Medici.
2265 3308 2463 3354 Veron.

259 3369 416 3418 Rom.
441 3370 567 3418 Vet.
594 3373 736 3419 1474.
774 3369 893 3419 Α1(1.
914 3377 1143 3420 ceteraet
1177 3371 1341 3434 dispar
1370 3372 1497 3421 acies
1532 3377 1674 3430 erat‚·
1723 3378 1778 3420 et
1801 3372 1876 3421 tta
1898 3371 2078 3433 scripti
2099 3371 2250 3420 codd
2283 3370 2462 3432 ‘Lego

259 3432 598 3496 dispar-facies
620 3440 724 3483 erat
744 3449 861 3483 cum
894 3433 1158 3485 Scheffero
1193 3443 1248 3484 et
1284 3436 1621 3485 Burmanuo!
1655 3435 1942 3485 Schmieder.
2013 3436 2109 3483 His
2144 3434 2301 3483 etiam
2338 3447 2463 3481 eon·

259 3501 424 3548 sentit
445 3498 802 3549 Heumannus.
869 3497 950 3549 Cf.
984 3512 1064 3547 ιν.
1086 3504 1167 3550 13.
1188 3504 1272 3549 28.
1308 3501 1425 3550 Pal.
1459 3506 1510 3549 2.
1545 3500 1667 3549 viris
1686 3514 1781 3548 non
1800 3513 1944 3557 auro5
1993 3500 2146 3548 Voss.
2169 3503 2218 3548 2.
2252 3497 2462 3561 virisque

262 3576 357 3611 non
377 3577 559 3621 auno,-
591 3563 782 3628 Vulgg.
803 3563 1010 3634 virisque
1028 3577 1123 3614 non
1143 3579 1234 3619 aar
1232 3579 1305 3614 ea.
1309 3569 1435 3614 -27
1460 3567 1602 3615 Dan.
1626 3571 1680 3614 et
1703 3564 1849 3613 Leid.
1874 3564 2164 3627 subpetebat.
2167 3567 2296 3613 -28
2314 3563 2463 3614 voss.

1255 3676 1468 3728 NOTAE

324 3782 348 3806 ⁹
384 3774 575 3838 Stadii]
604 3772 839 3826 Stadium
872 3789 1054 3838 passus
1086 3774 1323 3824 continet
1465 3784 1498 3808 w
1531 3773 1871 3837 Amzmaoeaa]
1905 3771 2135 3826 Lecticae
2158 3776 2354 3834 opertae
2378 3785 2464 3834 ge·

262 3856 476 3901 eentum
513 3849 696 3914 viginti
718 3849 964 3914 quinque.
1028 3848 1115 3918 Ab
1140 3848 1323 3911 ἵστημι,
1402 3866 1520 3911 nus,
1555 3864 1655 3915 quo
1697 3849 1974 3899 Persarum
2005 3845 2224 3897 foeminae
2261 3846 2463 3896 vectari

257 3920 351 3987 eto,
371 3926 591 3975 ductum
613 3931 695 3974 est
715 3922 925 3988 στάδιον,
946 3924 1083 3989 quod
1123 3925 1326 3977 Hercu·
1404 3928 1594 3977 solitae.

261 4003 358 4066 les,
384 4009 444 4051 ut
465 4000 663 4062 ferunt,
677 4001 843 4050 simile
865 4001 1087 4064 spatium
1108 4000 1326 4063 pedibus
1467 4010 1494 4039 ⁸
1528 4004 1706 4065 Regali
1725 4001 1876 4065 σταίη]
1917 4001 2038 4051 Uno
2061 3999 2261 4049 scilicet
2285 3997 2461 4047 diade-

264 4092 366 4127 uno
383 4077 569 4140 spiritu
586 4069 1163 4133 emensus.constiterit.
1191 4075 1325 4125 Inde
1403 4086 1542 4130 mate
1584 4078 1745 4143 Regis
1766 4092 1895 4130 uxor
1923 4092 1955 4126 a
1982 4073 2254 4141 pellicum.
2279 4069 2462 4126 distm-

263 4152 465 4204 factum
502 4160 562 4202 ut
593 4153 900 4203 athletarum
934 4152 1323 4218 Olympicorum
1404 4156 1678 4221 guebatur.

261 4225 581 4279 'curriculum
604 4228 774 4279 stadio
795 4228 1061 4279 definitum
1084 4226 1259 4280 fuerit.
