2978 4933
864 378 979 428 οι..
1024 378 1181 428 cxi.
1224 363 1290 428 3.
1364 380 1435 429 A.
1484 380 1606 429 cu.
1652 381 1725 429 N.
1769 365 1923 433 333.
2293 457 2297 461 ‚
2355 373 2484 437 153

285 519 565 585 multum
594 519 866 601 editam,
894 523 1316 606 perductum,
1340 529 1361 559 ‘
1382 530 1629 609 quanta
1653 532 1834 594 esset
1861 528 2177 611 altitudo,
2205 532 2442 598 intueri
2462 533 2481 559 '

271 621 542 705 jubent,
588 627 609 656 ‘
636 644 719 689 ac
746 628 1044 693 nuntiare
1074 626 1508 708 Alexandro,'
1534 649 1665 695 non
1685 631 1921 697 eadem
1949 634 2174 717 ipsum
2203 642 2268 700 et
2288 636 2476 702 inco-

282 725 392 793 las
438 728 880 801 aestimatione
920 733 1323 798 munimenta
1350 733 1572 799 metiri
1600 735 1666 800 :⁴¹
1707 735 1725 769 ‘
1754 754 1829 800 se
1858 737 2035 803 scire
2062 739 2483 822 inexpugna-

229 896 236 901 ,
278 829 455 895 biles
485 850 684 912 esse;
720 832 809 899 ad
840 833 1166 919 ultimum,
1187 831 1215 871 ¹³
1257 857 1386 921 pero
1412 837 1545 901 fide
1575 839 1976 906 morituros?
2063 841 2129 906 8.
2165 842 2475 909 Ceterum

279 939 353 998 ut
395 933 860 1001 circumsideri
901 952 1148 1019 arcem,
1198 945 1265 1007 et
1292 941 1522 1006 omnia
1551 942 1682 1007 sibi
1711 944 1777 1007 in
1808 943 1950 1009 dies
1980 946 2265 1010 arctiora
2293 945 2477 1012 vide-

276 1040 439 1100 runt
477 1049 676 1116 esse:
734 1043 755 1073 ‘
786 1043 1138 1126 sexaginta
1187 1043 1440 1109 dierum
1488 1045 1829 1113 inducias?
1874 1049 2084 1132 pacti,
2137 1053 2157 1082 ‘
2201 1056 2297 1126 ut,
2341 1049 2481 1114 nisi

273 1138 600 1205 intruens
631 1143 964 1209 auxilium
990 1143 1270 1212 Darius¹
1302 1148 1476 1232 ipsis
1505 1150 1822 1229 misisset,
1844 1151 2157 1216 dederent
2181 1153 2411 1229 urbem
2433 1153 2480 1231 3²

270 1247 637 1326 postquam
675 1245 843 1311 nihil
884 1248 1037 1314 inde
1083 1251 1384 1334 praesidii
1428 1253 1838 1333 mittebatur,
1896 1254 1991 1320 ad
2028 1255 2477 1340 praestitutam

274 1343 464 1409 diem
519 1348 878 1430 permisere
933 1372 1008 1418 se
1060 1356 1223 1439 regi.
1305 1359 1376 1421 9.
1438 1357 1931 1441 Superveniunt
1988 1357 2225 1422 deinde
2271 1358 2478 1439 legati

269 1447 801 1531 Atheniensium,
831 1461 1158 1538 petentes,
1199 1463 1220 1493 ‘
1238 1464 1312 1524 ut
1334 1461 1522 1544 capti
1545 1461 1723 1544 apud
1747 1460 2113 1527 Granicum
2129 1468 2170 1496 ¹¹¹
2203 1480 2477 1525 amnem

269 1550 696 1617 redderentur
742 1556 915 1621 sibi?
1001 1559 1125 1626 Ille
1172 1565 1353 1628 ‘non
1396 1563 1524 1647 hos
1554 1565 1778 1644 mode,
1825 1565 1947 1629 sed
1981 1564 2183 1629 etiam
2216 1570 2473 1628 ceteros

271 1651 559 1720 Graecos
588 1659 849 1724 restitui
875 1663 1017 1728 suis
1037 1663 1384 1748 jussurum
1407 1666 1424 1691 ’
1466 1669 1836 1752 respondit,
1883 1674 1904 1703 ‘
1924 1670 2110 1734 finito
2144 1658 2425 1733 Persico
2443 1674 2475 1705 ¹¹

331 1840 359 1874 ὅ
402 1843 831 1908 Diversisjudiciis
850 1854 1004 1919 ipsum
1024 1872 1081 1906 oc
1099 1857 1224 1908 cives
1244 1859 1479 1910 ‹estimore
1500 1863 1628 1913 orcis
1647 1864 1946 1917 munitiones,

328 1915 351 1940 θ
388 1909 568 1961 Omnes
582 1923 860 1968 commeatus
879 1919 997 1984 ipsis
1017 1924 1225 1986 quotidie
1247 1928 1404 1987 magis
1422 1942 1479 1976 ac
1499 1930 1656 1991 magis
1675 1930 1891 1996 deficere.

1194 2084 1561 2107 oeeeaeeuue

259 2189 464 2237 multum
482 2191 646 2251 edatu-
679 2194 815 2246 Dan.
850 2213 893 2275 ⁰:
914 2202 1114 2252 multum
1135 2205 1362 2267 oeditam,·
1397 2206 1644 2258 Heinsius
1679 2224 1775 2274 pro
1806 2209 2009 2259 altitudo
2033 2209 2171 2273 conj.
2192 2206 2470 2257 altitudine.

263 2251 440 2326 Bong.
466 2257 515 2305 1.
548 2271 642 2306 non
662 2273 712 2336 se
731 2262 854 2338 clam
872 2279 1059 2329 ψειιως
1093 2269 1205 2319 Pal.
1225 2276 1275 2322 2.
1308 2287 1404 2322 non
1438 2276 1600 2324 eadem
1626 2274 1770 2339 ipsos.
1814 2275 1973 2325 Pan.
2001 2280 2046 2326 1.
2068 2280 2118 2324 2.
2142 2278 2193 2323 3.
2228 2273 2391 2332 Bong.
2418 2276 2467 2320 1.

263 2322 317 2366 et
339 2319 498 2393 yoss.
520 2325 569 2370 2.
592 2329 916 2400 extimatione.
984 2331 1101 2385 Pal.
1124 2339 1173 2384 2.
1209 2337 1506 2388 munimenti.
1573 2340 1688 2389 Pal.
1731 2345 1781 2391 3.
1813 2355 1843 2389 a
1873 2356 1941 2390 m.
1984 2355 2063 2404 pr.
2097 2337 2472 2402 expugnabilem

262 2380 419 2432 Leid.
443 2392 498 2434 et
516 2385 643 2462 ald.
665 2395 1075 2473 inexpugnalgiles.
1145 2400 1294 2451 Voss.
1315 2407 1365 2453 2.
1394 2419 1482 2468 pro
1500 2403 1607 2469 fide
1628 2420 1728 2456 esse
1747 2407 2116 2457 morituros.—8
2151 2404 2269 2453 Pal.
2291 2407 2341 2452 3.
2376 2401 2472 2449 eir-

260 2451 543 2523 cuptsedert.
613 2454 781 2533 Bong.
806 2463 1173 2535 essevrderuute
1207 2471 1528 2532 quadraginta
1546 2472 1741 2522 dierum.
1810 2473 1928 2522 Pal.
1962 2477 2013 2522 3.
2045 2487 2074 2521 a
2109 2487 2177 2521 ιιι.
2216 2484 2300 2533 pr.
2332 2466 2473 2517 indu-

260 2527 364 2589 eus.
419 2515 572 2568 Voss.
592 2522 644 2569 2.
678 2536 731 2570 m
754 2538 803 2572 se
825 2530 986 2586 tutan
1022 2528 1155 2579 Pan.
1178 2535 1227 2581 2.
1249 2537 1298 2582 3.
1333 2534 1431 2584 nisi
1450 2536 1612 2595 intem·
1633 2536 1781 2587 Leid.
1804 2548 1861 2589 et
1881 2538 2031 2587 Voss.
2051 2536 2147 2586 uisi
2167 2537 2284 2598 ipse.
2337 2533 2472 2582 Dan·-

262 2578 406 2629 Pith.
454 2581 650 2661 F³¹¹9¹.¹·
692 2586 860 2652 Bong.
901 2596 947 2639 1.
984 2597 1034 2642 2.
1082 2596 1229 2646 Leid.
1274 2604 1330 2647 et
1359 2599 1509 2651 Voss.
1533 2605 1578 2651 l.
1614 2604 1823 2653 Dareus.
1890 2604 2027 2652 Mer.
2073 2601 2196 2662 Aid.
2235 2597 2390 2649 Frob.
2417 2604 2473 2646 et

262 2641 386 2719 Bas.
405 2660 483 2721 ‘se
515 2658 736 2729 misisset.
803 2654 1046 2707 sebesius
1087 2661 1346 2712 malebat:
1383 2665 1608 2720 dederent
1644 2683 1817 2729 arcem,
1838 2668 1973 2731 quod
1997 2680 2096 2717 nec
2116 2662 2474 2722 Freinshemio

262 2707 542 2783 displicen
578 2714 800 2767 Cunznus
824 2735 977 2797 uero:
1009 2725 1235 2776 dederent
1254 2742 1377 2791 eam,
1401 2730 1484 2779 vel
1507 2745 1574 2781 se.
1632 2733 1800 2783 Mero.
1834 2733 1988 2784 Frob.
2012 2740 2068 2782 et
2090 2730 2252 2781 Basil.
2282 2732 2469 2793 postea-

260 2788 420 2835 quam.
459 2776 672 2852 ‘Fauen
701 2792 1017 2846 permiserunt
1035 2796 1204 2841 se.—9
1230 2793 1375 2843 Leid.
1398 2799 1455 2845 et
1477 2796 1602 2845 Put.
1623 2797 1733 2847 inde
1753 2798 1919 2858 legati.
1989 2797 2158 2847 Paulo
2181 2804 2300 2861 post
2322 2794 2470 2843 etiam

261 2837 416 2889 deest
458 2856 511 2891 ιιι
546 2843 717 2895 Palat.
756 2852 807 2900 3.
856 2852 981 2910 ,Pro
1018 2856 1215 2905 restitui
1252 2873 1384 2924 ιιιιιιε
1418 2860 1594 2911 Palat.
1633 2871 1690 2912 et
1723 2864 1892 2926 Bong.
1915 2867 1962 2912 1.
1983 2863 2180 2912 habent
2199 2861 2468 2909 restituere.

260 2902 462 2958 Palatt.
489 2911 537 2957 1.
559 2912 611 2960 2.
682 2912 846 2979 Bong.
876 2921 925 2968 1.
962 2918 1117 2971 Frob.
1151 2922 1311 2974 Basil.
1348 2932 1405 2975 et
1445 2926 1557 2977 Col.
1576 2926 1797 2987 justiam
1829 2928 1983 2979 codd.
2022 2927 2210 2991 Medii,
2233 2933 2292 2975 et
2313 2924 2466 2972 Voss.
2548 2969 2563 2982 χ

1248 3088 1465 3140 No'rAE

260 3186 396 3239 forte
422 3189 630 3240 diversa
652 3194 1011 3249 caduceatoris
1040 3214 1102 3251 ac
1125 3199 1323 3253 fecialis

261 3282 480 3320 munera
502 3270 590 3319 uni
612 3275 887 3326 commissa
901 3278 1090 3331 homini
1113 3281 1325 3349 dixeris,

262 3344 371 3408 qui,
414 3352 472 3394 nt
518 3345 680 3397 habet
715 3354 1065 3415 proverbium,
1098 3357 1324 3411 ‘Altera

262 3433 415 3545 {imm
439 3420 746 3488 caduceum,
768 3426 935 3479 altera
964 3430 1165 3485 hastam
1189 3423 1323 3500 prue-¹

285 3502 461 3548 erret.'

277 3619 280 3624 .
322 3574 346 3610 ¹¹
379 3578 464 3627 Ad
512 3579 754 3646 ultimum]
806 3583 1064 3651 Denique,
1115 3590 1155 3638 si
1196 3592 1322 3659 quid

264 3669 411 3706 secus
452 3655 665 3708 fortuna
709 3662 911 3726 tulerit,
946 3680 1043 3729 pro
1085 3668 1191 3722 fide
1226 3687 1321 3723 suo

264 3732 393 3797 Regi
418 3735 682 3785 servanda
697 3739 978 3791 morituros
996 3756 1128 3795 esse.

321 3807 334 3841 ¹
369 3809 586 3875 Durius]
625 3812 755 3865 Quis
789 3817 984 3869 ihu-ius
1018 3827 1175 3885 esset,
1201 3822 1324 3873 vide

265 3884 330 3935 sis
352 3885 626 3952 supplem.
661 3890 755 3943 lib.
780 3907 846 3945 11.
882 3910 1000 3961 cap.
1026 3902 1074 3948 1.
1105 3907 1160 3949 et
1183 3897 1322 3950 infra

265 3976 377 4025 cap.
403 3967 454 4013 6.
480 3970 537 4013 et
557 3969 640 4016 35.

324 4047 364 4073 ¹¹¹
389 4040 689 4108 Granicum]
734 4042 1010 4106 Granicus,
1030 4048 1180 4100 hodie
1203 4050 1324 4102 Laz-

1401 3219 1542 3255 mum
1566 3204 1761 3256 devicti
1783 3206 1849 3256 ab
1865 3203 2165 3256 Alexandro
2183 3205 2464 3256 Persarum

1402 3282 1583 3347 duces,
1607 3298 1726 3332 cum
1752 3283 1924 3354 ipsum
1948 3282 2167 3332 transitu
2184 3282 2467 3347 prohibere

1402 3368 1738 3411 conarentur.
1794 3360 2068 3424 Supplem.
2103 3358 2192 3409 lib.
2228 3373 2293 3411 11.
2330 3374 2378 3409 c.
2414 3366 2465 3409 5.

1405 3438 1601 3502 Captos
1620 3438 1672 3491 in
1706 3452 1771 3487 eo
1793 3435 1978 3501 praelio
2013 3434 2229 3485 Graecos
2253 3434 2464 3496 milites,

1403 3516 1491 3581 qui
1516 3515 1567 3564 in
1600 3514 1834 3564 exercitu
1863 3512 2081 3564 Persico
2109 3510 2464 3562 militaverant

1402 3591 1645 3642 mercede
1665 3589 1930 3653 conducti,
1953 3587 2254 3639 Alexander
2271 3589 2324 3637 in
2346 3589 2463 3637 Ma·

1403 3668 1675 3719 cedoniam
1696 3668 1927 3717 miserat.
1995 3665 2110 3715 Hos
2131 3665 2230 3714 sibi
2252 3663 2464 3714 restitui

1405 3744 1656 3806 petebant
1671 3742 2043 3794 Athenienses:
2064 3741 2202 3806 quod
2223 3740 2291 3790 ab
2305 3738 2462 3789 Alex-

1402 3820 1564 3870 andro
1588 3820 1784 3871 factum
1807 3834 1902 3870 suo
1921 3820 2035 3869 ioco
2059 3817 2363 3869 videbimus.

1464 3904 1489 3929 ¹¹
1523 3896 1744 3959 Persico]
1778 3899 1864 3947 De
1898 3895 2086 3946 Persia
2122 3895 2356 3945 dicemus
2392 3894 2460 3945 ad

1400 3973 1492 4025 lib.
1523 3988 1580 4024 v.
1625 3989 1745 4039 cap.
1772 3977 1854 4025 13.
1931 3974 2019 4024 De
2052 3972 2459 4024 Persarumim-

1401 4052 1551 4115 perio
1583 4051 1700 4101 vide
1733 4050 1917 4115 Suppl.
1955 4050 2047 4101 lib.
2077 4064 2139 4100 11.
2177 4063 2294 4114 cap.
2319 4052 2367 4099 1.
2402 4057 2459 4099 et

264 4131 392 4180 zara,
427 4117 642 4167 Troadis
680 4134 771 4170 seu
811 4123 1031 4175 Minoris
1073 4127 1319 4193 Phrygia
1397 4126 1491 4178 lib.
1533 4140 1615 4177 ιν.
1689 4129 1777 4177 De
1808 4127 1943 4176 bello
1974 4127 2214 4188 Persico,
2250 4139 2456 4190 quaque

265 4190 549 4256 fluvius,ex
591 4193 691 4244 Ida
727 4205 905 4249 monte
949 4200 1133 4265 oritur,
1174 4205 1319 4255 etin
1396 4202 1610 4255 fortuna
1658 4204 1910 4256 hactenus
1972 4212 2192 4268 gestum,
2269 4203 2453 4267 suppl.

255 4267 638 4338 'Propontidem
677 4286 733 4321 se
765 4272 1003 4328 effundit.
1069 4275 1174 4350 Hic
1212 4282 1322 4346 pri·
1396 4281 1489 4332 lib.
1514 4294 1577 4332 n.
