2978 4933
930 425 1028 474 ns
1076 422 1365 487 Qumro
1415 424 1717 475 cUR'rlo.
2339 418 2424 482 51
2534 447 2540 449 -

719 666 1001 735 Adriani
1028 669 1317 736 Turnebi
1344 671 1462 736 lib.
1499 686 1610 734 111.
1643 687 1793 754 cap.
1824 669 1929 735 15.

309 822 462 896 Nec
489 841 599 889 me
628 822 769 888 ista
794 823 971 889 falso
1017 825 1369 917 criminari*
1394 805 1551 908 quis
1594 832 1838 909 putet:
1882 826 2233 893 ostendam
2264 848 2413 913 ego,

220 931 294 991 ut
322 946 546 1012 spero,
576 927 1145 1009 elegantissimum
1176 935 1243 994 et
1268 929 1750 994 nitidissimum
1795 929 2201 1015 Scriptorem
2246 930 2424 997 Cur-'

219 1029 385 1094 tium
413 1030 695 1112 graviter
720 1030 1083 1115 deliquisse
1128 1032 1417 1096 nominis
1466 1032 1936 1098 communione
1976 1039 2043 1098 et
2085 1033 2411 1100 societate

186 1158 193 1165 2
225 1131 594 1217 deceptum.
801 1149 805 1153 ·

496 1336 834 1403 Barnabae
864 1334 1194 1404 Brissonii
1224 1339 1310 1406 de
1341 1338 1516 1424 Regss
1548 1339 1906 1405 Persarum
1934 1340 2053 1407 lib.
2092 1356 2140 1405 1.

298 1485 409 1554 Ac
456 1507 540 1552 ne
593 1488 743 1571 quis
789 1508 833 1554 a
877 1509 1115 1573 parum
1160 1491 1403 1557 idoneo
1451 1492 1749 1557 Auctore
1793 1494 2408 1578 interpretationem

223 1597 511 1657 sumtam
537 1593 942 1681 suspicetur,
983 1594 1261 1660 Curtius
1302 1597 1414 1662 hic
1462 1616 1550 1660 ex
1596 1595 1790 1680 cujus
1821 1598 2087 1683 scriptis
2130 1599 2330 1664 toties
2375 1619 2419 1664 a

220 1682 325 1761 nie
354 1695 731 1760 auctoritas
774 1696 843 1761 in
872 1697 981 1764 his
1023 1698 1214 1767 libris
1262 1701 1352 1765 ad
1389 1699 1761 1765 faciendam
1791 1700 1987 1764 fidem
2018 1703 2288 1786 petitur,
2333 1703 2419 1767 iis

221 1798 639 1884 temporibus
679 1798 879 1878 vixit,
911 1801 1153 1884 quibus
1196 1803 1414 1868 bonas
1465 1811 1642 1868 artes
1693 1811 1764 1868 et
1812 1804 2042 1869 studia
2069 1806 2412 1871 literarum

221 1901 532 1967 floruisse
559 1921 757 1967 nemo
782 1901 1064 1968 inficiari
1091 1905 1334 1988 possit.

758 2100 945 2166 Petri
973 2100 1195 2166 Bizari
1228 2101 1390 2166 Rer.
1422 2102 1613 2168 Pers.
1643 2102 1764 2168 lib.
1796 2120 1879 2170 11.
1982 2078 1989 2083 ’

306 2236 372 2302 Α
403 2236 497 2318 Q·
528 2236 787 2317 Curtio,
817 2238 1079 2316 Latino,
1127 2244 1382 2321 arguto,
1429 2241 1718 2324 eleganti
1759 2246 1826 2306 et
1870 2259 2164 2306 nervoso
2187 2239 2414 2324 Scrip-

229 2346 385 2420 tore,
410 2342 651 2409 harum
682 2343 979 2426 cognitio
1009 2343 1298 2426 petenda
1328 2351 1462 2410 est.

1027 2545 1074 2610 J
1077 2566 1226 2612 oan.
1265 2548 1615 2613 Bernartii.

309 2680 571 2747 Caesari
601 2682 908 2747 comitem
952 2682 1040 2750 do
1069 2681 1157 2761 Q.
1190 2682 1520 2761 Curtium,
1553 2704 1749 2767 quem
1798 2682 1966 2747 adeo
2011 2682 2179 2747 inter
2206 2681 2416 2746 selec-

233 2787 330 2846 tos
355 2803 704 2850 recensere
733 2804 866 2851 non
893 2784 1154 2863 dubito,
1183 2791 1256 2851 ut
1280 2787 1452 2850 inter
1480 2786 1779 2869 optimos
1816 2786 2038 2849 locum
2076 2783 2179 2847 illi
2207 2782 2414 2847 fiden-

233 2890 327 2949 ter
354 2886 666 2952 tribuam.
2456 2896 2461 2902 '

634 3070 822 3139 Justi
849 3073 1073 3159 Lipsii
1102 3075 1167 3140 in
1199 3074 1408 3141 Notis
1440 3075 1529 3142 ad
1560 3075 1766 3142 Pom.
1793 3033 1909 3180 ub.
1940 3090 1988 3140 ι.

184 3303 190 3308 θ
309 3222 699 3306 Sequuntur
750 3223 1129 3311 Scriptores
1175 3226 1312 3292 duo
1364 3226 1546 3292 velut
1600 3226 1851 3309 proprii
1908 3224 2307 3308 principum,
2352 3229 2417 3286 et

230 3326 498 3390 assidue
523 3326 611 3391 iis
635 3328 710 3391 in·
728 3346 933 3396 manu
976 3328 1255 3414 sinuque
1300 3327 1611 3406 habendi,
1659 3326 1748 3407 Q.
1797 3326 2095 3403 Curtius,
2137 3326 2255 3410 qui
2298 3344 2428 3389 me·

221 3430 443 3513 judice
490 3430 889 3523 probus'est
933 3430 1404 3516 legitimusque
1437 3431 1852 3508 HistoricuS,
1905 3431 1965 3495 si
2016 3429 2413 3512 quisquam:

226 3531 344 3599 fuit
370 3533 556 3622 mira⁵
574 3534 643 3598 in
675 3552 974 3598 sermone
1016 3533 1163 3618 ejus
1209 3534 1525 3611 facilitaS,
1566 3534 1637 3597 in
1677 3532 2173 3598 narrationibus
2197 3529 2414 3614 lepor,

227 3635 539 3700 astrictus
567 3634 749 3698 idem
780 3639 851 3698 et
876 3635 1232 3720 profluens,
1261 3635 1526 3700 subtilis
1557 3640 1626 3699 et
1655 3635 1900 3711 clarus,
1932 3634 2077 3698 sine
2109 3650 2269 3697 cura
2297 3629 2417 3695 illa

228 3744 606 3814 accuratuS,
634 3756 831 3803 verus
874 3737 943 3801 in
977 3737 1280 3822 judiciis,
1330 3744 1603 3821 argutus
1656 3739 1722 3802 in
1762 3735 2136 3812 sententiis,
2164 3734 2232 3797 in
2262 3752 2415 3797 ora-

228 3841 521 3906 tionibus
547 3840 827 3906 mirifice
871 3842 1220 3908 facundus.
1314 3840 1523 3921 Quod
1570 3842 1629 3906 si
1676 3840 1929 3907 varium
1975 3836 2191 3920 magis
2223 3855 2413 3919 argu-

231 3949 520 4008 mentum
565 3944 933 4025 habuisset,
989 3945 1133 4011 sine
1183 3947 1387 4011 dubio
1425 3946 1633 4011 variae
1678 3941 2045 4027 prudentiae
2092 3940 2413 4005 eximium
2444 3995 2462 4000 -

232 4046 435 4128 magis
488 4047 828 4129 specimen
885 4046 1308 4132 praebuisset.
1414 4048 1552 4113 Sed
1606 4046 1999 4113 Alexander
2055 4044 2222 4129 quid
2279 4042 2414 4105 nisi

232 4146 480 4229 bellai*
528 4148 720 4233 [Hoc
765 4149 850 4213 de
893 4151 1086 4215 bellis
1133 4158 1390 4218 tantum
1432 4151 1762 4235 judicium
1792 4149 2013 4234 Lipsii
2058 4168 2215 4214 vere
2247 4146 2410 4230 Ery-

146 4308 150 4311 <
236 4248 370 4315 cius
401 4250 747 4317 Puteanus
778 4251 1145 4338 refutavit]
