2978 4933
382 3161 393 3171 ·
481 3133 547 3183 ab
602 3129 901 3181 Alexandro
954 3130 1122 3181 aditos
1173 3130 1542 3196 subactusque,

468 383 602 448 392

471 547 832 620 sissimam,
863 548 932 603 et
959 538 1236 602 multum
1268 555 1311 599 a
1341 534 1582 599 ceteris
1614 532 1845 597 Persis
1872 529 2057 596 cultu
2087 528 2262 593 .vitae
2297 524 2650 589 abhorren-

472 657 628 714 tem.
720 646 981 727 Specus
1011 641 1083 704 in
1109 638 1451 703 montibus
1476 634 1767 711 fodiunt,
1817 632 1889 696 in
1929 650 2100 716 quos
2145 648 2350 714 seque
2395 647 2477 691 ac
2507 646 2662 690 con-

470 754 671 838 juges
698 758 765 813 et
793 748 1041 811 liberos
1087 740 1424 806 condunt:
1469 756 1799 822 pecorum
1827 743 1944 800 aut
1971 735 2261 798 ferarum
2292 750 2489 795 carne
2519 749 2662 792 ves··

473 862 734 921 cuntur.
824 849 929 914 18.
977 845 1086 910 Ne
1116 841 1417 909 foeminis
1470 838 1744 924 quidem
1784 857 1909 921 pro
1937 842 2196 902 naturae
2228 833 2466 899 habitu
2502 833 2666 896 mol-

474 960 651 1023 liora
676 951 948 1036 ingenia
994 954 1181 1013 sunt:
1227 964 1437 1011 comae
1496 943 1876 1027 prominent
1917 939 2147 1004 hirtae:
2208 936 2417 1003 vestis
2464 952 2667 1016 super

477 1078 693 1144 genua
721 1054 903 1120 estt‘
945 1051 1158 1117 funda
1199 1049 1502 1115 vinciunt
1548 1045 1881 1124 frontem3
1936 1044 2065 1107 hoc
2115 1048 2182 1105 et
2210 1044 2668 1104 ornamentum

476 1163 724 1247 capitis
753 1169 821 1224 et
847 1156 1053 1223 telum
1102 1157 1220 1217 est.
1309 1151 1416 1215 19.
1465 1148 1601 1213 Sed
1647 1148 1818 1212 hanc
1865 1163 2135 1230 quoque
2188 1146 2452 1225 gentem
2491 1139 2670 1203 idem

473 1267 752 1331 fortunae
782 1263 1074 1344 impetus
1104 1255 1400 1321 domuit.
1428 1252 1669 1335 Itaque
1700 1250 2036 1332 trigesimo
2065 1245 2202 1324 die,
2224 1250 2674 1328 posteaquam

476 1391 520 1435 a
549 1364 899 1451 Persepoli
930 1359 1273 1448 profectus
1304 1363 1471 1430 erat,
1493 1355 1727 1420 eodem
1758 1351 1977 1418 rediit.
2060 1349 2169 1415 20.
2202 1348 2399 1412 Dona
2430 1342 2675 1408 deinde

475 1470 710 1535 amicis
740 1465 1104 1547 ceterisque
1133 1482 1257 1547 pro
1289 1459 1616 1544 cujusque
1646 1455 1883 1521 merito
1913 1453 2138 1519 dedit:
2182 1446 2676 1536 propemodum

476 1572 720 1649 omnia,
742 1588 899 1654 quse
933 1566 997 1631 in
1025 1585 1110 1630 ea
1140 1564 1300 1628 urbe
1330 1567 1627 1645 ceperat,
1659 1559 2042 1624 distributa.

561 1691 691 1740 vn.
736 1675 800 1738 l.
888 1669 1195 1734 Ceterum
1254 1665 1559 1748 ingentia
1608 1663 1813 1729 animi
1854 1663 2064 1737 bona,
2114 1657 2302 1721 illam
2362 1652 2677 1729 indolem,

477 1798 614 1862 qua
652 1794 886 1841 omnes
933 1792 1124 1856 reges
1177 1768 1560 1845 antecessit,
1588 1767 1775 1832 illam
1822 1765 1891 1828 in
1946 1759 2314 1826 subeundis
2357 1756 2681 1841 periculis

478 1879 942 1954 constantiam,
971 1877 1042 1939 in
1070 1875 1274 1939 rebus
1297 1869 1654 1936 moliendis
1683 1865 2187 1948 efficiendisque
2219 1860 2677 1937 velocitatem,

477 1988 546 2049 in
602 1981 848 2046 deditis
890 1978 1116 2051 fidem,
1157 1976 1231 2039 in
1276 1972 1566 2056 captivis
1617 1969 2052 2047 clementiam,
2104 1969 2173 2031 iu
2214 1962 2683 2048 voluptatibus

945 396 1011 456 Q.
1060 390 1321 440 cumn
1377 388 1552 437 num
1606 386 1753 434 ms.
1804 386 1872 434 v.
1921 384 2083 433 cAP.
2126 369 2192 459 7.

543 2164 558 2195 ⁶
590 2165 791 2217 Hirsuti
811 2178 972 2213 earum
991 2161 1151 2225 capilli
1172 2160 1443 2222 eriguntur,
1463 2157 1612 2206 vestis
1632 2157 1696 2205 od
1708 2169 1867 2216 genua
1888 2168 1984 2203 non
2000 2149 2256 2202 descendit.

1388 2300 1633 2321 eoo-mee
1639 2298 1762 2323 mo

480 2415 612 2458 rent.
640 2406 785 2457 Leid.
807 2407 957 2457 Voss.
981 2411 1028 2454 1.
1049 2411 1100 2455 2.
1123 2406 1291 2469 Boug.
1311 2401 1479 2466 Lugd.
1502 2408 1557 2451 et
1584 2399 1750 2450 Amst.
1783 2398 2061 2448 bellicosam.
2095 2395 2246 2444 Voss.
2267 2397 2317 2443 2.
2346 2390 2609 2469 Speluncas
2628 2391 2680 2439 ἑκ

477 2492 539 2524 m.
547 2475 749 2535 fodiunt
770 2474 821 2522 in
841 2487 1040 2537 quosque
1058 2485 1197 2534 seque
1210 2486 1230 2528 ,·
1265 2471 1448 2531 vulgo:
1483 2468 1537 2515 in
1558 2482 1670 2531 quos
1690 2468 1890 2515 se.-—18
1927 2465 2028 2513 Nec
2040 2459 2259 2523 soeminis
2283 2457 2459 2521 vulgg.
2482 2457 2600 2506 Pal.
2633 2459 2676 2505 1.

477 2556 620 2589 coma·
639 2541 1062 2603 permanent—19
1095 2538 1321 2585 Florent.
1350 2532 1498 2583 Leid.
1524 2533 1673 2581 Voss.
1699 2536 1746 2581 1.
1767 2535 1816 2579 2.
1843 2535 1896 2578 et
1920 2530 2095 2591 Βοῦς.
2121 2530 2167 2574 1.
2199 2525 2436 2574 tricesimo
2458 2523 2536 2572 die
2555 2526 2680 2585 post-

478 2621 617 2669 quam
638 2619 667 2652 a
691 2604 927 2666 Per-sipon
941 2619 962 2661 ,⁰
998 2603 1165 2665 Βοῦς.
1186 2605 1235 2649 2.
1261 2600 1417 2649 etiam
1439 2598 1696 2663 Peraipoti.
1731 2596 1959 2645 Florent.
1979 2592 2130 2643 Leid.
2156 2598 2214 2640 et
2236 2590 2386 2640 Voss.
2409 2592 2456 2637 1.
2471 2591 2523 2638 2.
2543 2586 2680 2658 redit.

481 2672 597 2719 Pal.
626 2675 669 2718 l.
695 2670 863 2719 amicis
881 2668 1073 2729 ceteris,
1095 2666 1282 2716 omisso
1304 2665 1379 2725 τῷ·
1399 2678 1504 2726 que.

547 2740 572 2784 1
609 2735 724 2784 Pal.
763 2738 809 2783 1.
849 2742 902 2782 et
935 2734 1085 2781 Voss.
1117 2736 1168 2781 2.
1209 2730 1458 2779 omittunt
1491 2728 1545 2775 in
1574 2732 1696 2775 ante
1716 2723 1985 2774 subeundis.
2050 2721 2159 2771 Pro
2180 2718 2378 2779 deditis,
2401 2725 2460 2767 ut
2487 2717 2541 2764 in
2565 2713 2679 2765 Ald.

480 2800 646 2849 Colin.
667 2798 867 2863 Gryph.
890 2799 1013 2847 Bas.
1042 2797 1152 2847 Col.
1193 2794 1342 2844 Frob.
1369 2801 1425 2843 et
1446 2793 1582 2842 Mer.
1602 2791 1787 2841 deditos
1809 2789 2002 2839 habent
2031 2787 2266 2836 Floreut.
2291 2782 2440 2833 Leid.
2463 2782 2614 2831 Voss.
2637 2784 2681 2828 1.

1487 2938 1709 2999 NOTAE

1626 3051 1787 3115 derit,
1829 3050 1915 3116 qui
1949 3048 2080 3099 sciet
2102 3044 2320 3096 Mardos
2345 3060 2376 3093 a
2398 3041 2685 3093 Ptolemaeo

1627 3130 1693 3179 ad
1728 3125 1868 3177 mare
1907 3126 2193 3187 Persicum,
2227 3128 2280 3171 et
2315 3121 2367 3169 in
2406 3118 2687 3175 Armenia3

483 3065 595 3107 tore
628 3055 827 3106 scribat
858 3053 1072 3105 Mardos
1107 3053 1245 3104 intra
1269 3053 1542 3104 Persidem

480 3223 607 3274 quos
629 3209 767 3258 idem
800 3208 915 3272 ipse
952 3207 1042 3259 lib.
1065 3222 1144 3258 v1.
1182 3222 1299 3272 cap.
1321 3213 1369 3258 5.
1404 3208 1545 3271 Hyr-

482 3287 643 3337 eauiae
667 3284 895 3336 confines
919 3284 1067 3349 facit,
1101 3292 1157 3335 et
1184 3285 1386 3350 jamdiu
1410 3300 1544 3335 mor·

483 3372 575 3412 tuo
620 3362 800 3426 Dario,
838 3363 1063 3411 noudum
1104 3370 1275 3412 tamen
1304 3362 1544 3413 domitos.

480 3441 582 3491 Sed
610 3440 732 3504 quid
765 3440 814 3488 hi
840 3439 1061 3490 Arriano
1081 3438 1296 3501 facient,
1317 3440 1404 3506 qui
1430 3454 1546 3489 cum

482 3518 535 3566 iu
555 3517 643 3566 lib.
663 3531 737 3565 lv.
796 3516 1001 3580 Exped.
1036 3515 1220 3566 eadem
1245 3515 1311 3564 de
1345 3515 1545 3564 Mardis

482 3593 765 3657 Hyrcaniae
800 3593 981 3643 vicinis
1020 3593 1274 3653 retulerit,
1309 3591 1446 3641 idem
1470 3598 1548 3641 ta·

484 3685 603 3719 men
644 3670 795 3734 libro,
837 3683 987 3734 quem
1028 3668 1156 3730 dixi,
1203 3667 1332 3720 Rer.
1376 3666 1546 3717 Indic.

484 3747 698 3798 Mardos
731 3748 782 3796 iu
813 3745 1012 3797 Persiae
1043 3743 1299 3795 montanis
1322 3743 1548 3807 reponit,

483 3836 541 3875 et
564 3824 628 3882 ab
651 3824 955 3874 Alexandro
994 3822 1176 3873 eadem
1215 3824 1400 3886 hyeme
1429 3832 1546 3870 cum

484 3898 637 3949 Uxiis
661 3907 716 3948 et
757 3899 980 3949 Cossoeis
1014 3898 1259 3948 subactos
1292 3896 1551 3957 affin-man

484 3976 538 4024 iu
584 3988 685 4038 quo
727 3974 1099 4037 astipulantem
1142 3973 1300 4024 habet
1329 3979 1551 4037 *quoque

486 4050 794 4100 Strabonem
812 4050 902 4099 lib.
926 4063 1005 4100 xt.
1029 4057 1086 4099 et
1106 4063 1202 4101 xv.
1223 4050 1314 4100 ubi
1333 4064 1428 4115 pro
1447 4055 1551 4099 Μα-

487 4125 593 4192 ρωὶ
631 4126 909 4189 legendum
944 4124 1143 4187 Μάρδοι.
1213 4128 1446 4177 Necesse
1471 4137 1553 4175 est

485 4203 647 4265 igitur
679 4202 965 4251 aliosfalibi
1002 4201 1303 4252 Mardorum
1329 4204 1550 4267 populos

490 4279 745 4331 extitisse.
815 4279 929 4330 Nec
973 4292 1096 4328 vero
1130 4276 1342 4330 difficile
1381 4278 1555 4330 credi·

1628 3222 1660 3255 a
1679 3206 1850 3255 Plinio
1867 3205 2023 3269 juxta
2047 3200 2326 3261 Euxinum,
2341 3196 2465 3245 etin
2488 3195 2689 3244 Sarma·

1630 3284 1703 3333 tia
1729 3281 1965 3332 Asiatica
1983 3277 2187 3342 reponi.
2254 3275 2331 3323 Ut
2354 3271 2546 3321 merito
2578 3283 2690 3320 sen·

1630 3361 1728 3410 tint
1759 3355 1992 3406 eruditus
2027 3354 2237 3403 Issaeos
2260 3348 2474 3402 Vossius
2515 3348 2532 3375 ‘
2551 3346 2690 3395 Mar-

1628 3434 1752 3484 dos’
1796 3447 1898 3483 non
1947 3439 2049 3481 tam
2088 3428 2258 3492 gentis
2297 3424 2570 3489 proprium
2604 3435 2689 3470 no-

1628 3525 1765 3571 men,
1787 3524 1943 3575 quam
1968 3507 2189 3556 inditum
2214 3504 2279 3553 ob
2303 3515 2475 3551 mores
2495 3498 2691 3557 fuisse;

1629 3588 1766 3653 quod
1789 3586 1916 3635 alias
1942 3583 2006 3632 de
2027 3580 2358 3646 Troglodytis
2396 3574 2691 3627 observavi-

1628 3678 1758 3712 mus.
1827 3663 2130 3724 Quanquam
2174 3671 2272 3706 nec
2307 3655 2437 3705 illud
2475 3651 2691 3704 incredi-

1628 3739 1752 3796 bile,
1773 3739 1948 3803 plures
1970 3736 2214 3787 extitisse
2237 3730 2693 3796 colonias-preda·

1630 3815 1777 3866 tricis
1800 3814 1990 3878 gentis,
2028 3819 2085 3862 et
2124 3825 2219 3876 per
2247 3819 2494 3874 montana
2514 3809 2615 3858 huc
2637 3807 2693 3857 il·

1630 3893 1714 3942 luc
1752 3890 2080 3941 exeutrentis
2118 3887 2185 3938 ad
2218 3886 2513 3937 latrocinia.
2586 3885 2694 3934 Nec

1633 3967 1829 4018 inficias
1876 3975 2050 4017 tamen
2101 3964 2282 4015 iverim
2341 3964 2599 4027 geminam
2643 3961 2692 4007 in

1631 4046 1847 4095 Mardos
1886 4043 2282 4108 expeditionem
2311 4040 2389 4090 sie
2430 4038 2693 4089 narraris

1631 4125 1815 4176 Curtio
1838 4124 1938 4184 hic,
1962 4129 2018 4173 et
2039 4121 2131 4171 lib.
2153 4134 2233 4169 vt.
2257 4133 2378 4182 cap.
2411 4124 2462 4167 5.
2491 4125 2550 4167 ut
2580 4127 2690 4180 quae

1630 4203 1790 4252 ceteri
1818 4201 1883 4250 de
1904 4199 2056 4249 unica
2080 4195 2331 4259 referunt,
2365 4194 2434 4244 ad
2457 4194 2584 4244 duas
2610 4202 2689 4240 ac·

1631 4276 1982 4330 commodasse
2002 4274 2265 4325 videatur.
