2978 4933
805 405 920 453 oi..
968 401 1157 452 cxn.
1203 387 1266 452 3.
1342 407 1412 451 A.
1461 403 1582 452 οΗ.
1628 403 1703 451 N.
1745 385 1896 451 330.
2318 386 2445 453 441

258 555 485 616 essent
512 550 577 617 in
609 568 978 630 cavernam,
1001 569 1155 636 qnae
1185 551 1465 634 propior
1494 557 1602 614 est
1629 549 1818 643 foniti,
1838 566 2095 628 rursus,
2110 549 2232 614 ubi
2261 550 2448 616 aliud

257 673 334 719 os
363 656 575 727 amnis
605 659 845 740 aperit,
872 653 1241 720 existere.'⁶
1349 653 1594 738 Itaque
1623 651 2017 719 Alexander
2062 657 2084 686 ‘
2102 652 2271 718 duos
2301 662 2451 720 tau-

253 764 867 842 roffiqua‘subeunt
894 780 1093 845 aquae
1126 765 1384 836 terram,
1430 757 1878 843 praecipitari’
1910 759 2126 843 jubet,
2166 778 2479 842 quorum-

255 881 563 945 corpora,
621 867 737 930 ubi
789 885 1018 930 rursus
1068 860 1377 947 erumpit,
1434 863 1724 946 expulsa
1775 862 2030 940 videre,
2090 863 2208 944 qui
2261 862 2449 929 missi

255 959 472 1042 erant,
505 976 583 1031 ut
633 969 1044 1053 exciperent.
1128 969 1195 1034 8.
1242 969 1570 1047 Quartum
1606 967 1754 1050 jam
1800 965 1975 1030 diem
2019 966 2254 1030 eodem
2298 964 2450 1030 loco

253 1067 540 1148 quietem
570 1072 763 1137 militi
795 1071 1085 1150 dederat,
1116 1091 1269 1136 cum
1299 1072 1535 1136 literas
1565 1071 1999 1148 NabarzaniS‚
2022 1070 2135 1153 qui
2170 1068 2448 1132 Darium

252 1186 407 1233 cum
451 1171 673 1237 Besso
717 1175 1185 1259 interceperat,
1241 1174 1537 1257 accipit3
1596 1194 1874 1259 quarum
1913 1171 2244 1237 sententia
2299 1171 2449 1234 haec

254 1277 438 1336 erat:
485 1274 615 1338 ‘Se
646 1277 858 1340 Dario
896 1297 1029 1340 non
1071 1276 1282 1340 fuisse
1330 1276 1720 1355 inimicum3
1773 1275 1975 1338 immo
2018 1273 2243 1351 etiam,
2290 1290 2446 1356 quae

252 1374 666 1443 credidissetx
689 1380 875 1444 utilia
916 1399 1094 1457 esse,
1139 1380 1475 1443 suasisse:
1521 1386 1593 1444 et
1637 1379 1802 1462 quia
1850 1372 2049 1441 fidele
2096 1375 2448 1440 consilium

252 1480 387 1557 regi
432 1480 756 1561 dedisset,
804 1503 1016 1567 prope
1043 1483 1345 1546 occisum
1376 1482 1462 1545 ab
1492 1500 1600 1546 eo.
1683 1483 1753 1547 9.
1799 1480 2119 1564 Agitasse
2151 1481 2456 1571 Darium,

250 1582 626 1649 custodiam
657 1586 961 1671 corporis
990 1586 1097 1650 sui
1130 1592 1370 1650 contra
1403 1583 1519 1669 jus
1547 1585 1786 1668 fasque
1813 1585 2164 1668 peregrino
2183 1579 2204 1621 f
2253 1583 2452 1647 militi

253 1686 540 1765 tradere,
573 1688 886 1754 damnata
909 1690 1332 1773 popularium
1354 1688 1510 1760 fide,
1533 1707 1736 1772 quam
1754 1707 1876 1771 per
1897 1687 2216 1752 ducentos
2245 1694 2312 1750 et
2335 1689 2451 1755 tri-

254 1789 441 1869 ginta
465 1809 676 1857 annos
705 1793 1095 1858 inviolatam
1123 1793 1386 1874 regibus
1416 1793 1562 1856 suis
1594 1791 2084 1875 praestitissent.
2128 1790 2235 1853 10.
2259 1789 2353 1854 Se
2380 1789 2452 1855 in

251 1892 588 1974 praecipiti
619 1900 688 1963 et
709 1894 970 1959 lubrico
1002 1892 1343 1959 stantems
1364 1894 1721 1959 consilium
1751 1913 1794 1957 a
1822 1893 2140 1977 praesenti
2160 1892 2453 1956 necessi·

254 1999 392 2056 tate
409 1996 762 2073 repetisse.
808 1997 1088 2061 Darium
1113 2016 1412 2081 quoque,
1429 2016 1584 2061 cum
1604 1995 1963 2061 occidisset
1980 1996 2311 2077 Bagoan,⁸
2325 1995 2451 2060 hac

254 2099 697 2164 excusatione
756 2098 1221 2167 satisfecisseh
1267 2100 1732 2186 popularibus,
1781 2098 1963 2181 quod
2021 2098 2453 2191 insidiantem

312 2291 331 2315 ε
368 2283 468 2333 Ubi
475 2284 661 2348 flumin
680 2301 849 2336 novum
867 2288 1052 2347 exitum
1066 2285 1226 2349 habet,
1241 2301 1502 2349 emergere.

234 2349 241 2357 '
305 2345 338 2389 s
363 2349 425 2398 In
440 2350 707 2414 pnicutoso
729 2357 778 2401 et
795 2352 997 2417 ancipiti
1015 2357 1147 2402 statu
1162 2351 1386 2415 positum.

1172 2497 1205 2518 O

1511 2498 1541 2518 0

252 2611 443 2659 Veron.
482 2611 742 2674 quicunque
778 2611 997 2661 immissi.
1062 2611 1180 2660 Pal.
1214 2616 1262 2661 l.
1288 2610 1484 2675 propior
1520 2615 1680 2669 essen
1712 2612 1865 2659 Voss.
1895 2614 1941 2660 1.
1973 2616 2029 2660 et
2068 2611 2204 2659 Dan.

251 2680 343 2737 est,
376 2674 474 2724 sed
509 2676 686 2725 deleto
719 2690 747 2725 r
786 2678 836 2724 in
881 2677 1017 2725 Dan.
1047 2687 1051 2692 ·
1088 2674 1279 2738 Vulgg.
1305 2691 1336 2723 a
1360 2676 1505 2724 Mod.
1526 2690 1692 2739 nsque
1727 2678 1792 2725 ad
1824 2675 2300 2734 Freinsh.s0ntem;
2337 2674 2452 2722 Flo·

253 2748 384 2790 rent.
411 2740 561 2790 Leid.
587 2741 737 2788 Voss.
761 2745 808 2791 1.
830 2746 881 2789 2.
912 2740 1029 2789 Pal.
1048 2744 1096 2788 1.
1118 2740 1255 2790 Dan.
1278 2740 1468 2788 Venet.
1485 2741 1680 2790 Veron.
1705 2740 1989 2790 Rom.Vet.
2010 2753 2092 2787 an.
2120 2738 2265 2787 1474.
2300 2737 2452 2788 Junt.

251 2802 367 2855 Ald.
392 2806 567 2857 Colin.
592 2806 797 2868 Gryph.
823 2805 979 2854 Frob.
1004 2806 1115 2853 Coi.
1140 2805 1272 2853 Mer.
1296 2812 1353 2854 et
1377 2805 1500 2853 Bas.
1520 2805 1675 2865 fonti.
1741 2805 1848 2853 Pro
1868 2804 1972 2861 nbi,
1991 2805 2146 2855 Voss».
2163 2808 2214 2852 2.
2248 2803 2345 2851 Ed.
2369 2817 2449 2866 pr.

251 2869 435 2920 Venet-
462 2872 611 2920 Rom.
635 2869 756 2919 Ald.
781 2871 946 2919 Colin.
968 2870 1174 2932 Gryph.
1197 2869 1310 2920 coi.
1334 2869 1472 2918 Mer.
1499 2877 1554 2919 et
1574 2870 1694 2920 Bas.
1730 2869 1824 2917 sibi
1837 2886 1858 2929 ,·
1888 2870 2038 2918 Voss.
2058 2871 2107 2917 1.
2133 2875 2189 2917 et
2212 2868 2380 2930 Bong.
2398 2864 2450 2916 Ϊ.

250 2935 386 2993 snbi3
422 2936 584 2985 Frob.
624 2949 779 2985 vero:
810 2949 915 2999 per.
981 2934 1129 2983 Voss.
1150 2938 1199 2984 2.
1233 2934 1423 2983 Venet.
1448 2934 1573 2983 Vet.
1609 2949 1692 2985 an.
1737 2938 1880 2985 1474.
1944 2935 2138 2983 Veron.
2160 2933 2308 2986 Junt.
2331 2930 2453 2982 Aid-

252 2998 359 3048 Coi.
381 3001 521 3049 Mer.
546 3007 600 3049 et
623 3000 744 3050 Bas.
765 3005 980 3063 apertum
995 3017 1016 3059 ;
1051 2999 1281 3050 Fiorent·
1302 2998 1452 3047 Leid.
1472 3000 1624 3049 Voss‚
1650 3004 1697 3049 1.
1735 2999 1906 3048 Amat.
1928 3006 1985 3048 et
2004 2996 2171 3060 Lugd.
2205 2996 2420 3059 aperitur
2434 3009 2454 3053 ‚⁶

253 3062 404 3115 Frob.
424 3066 483 3114 in
501 3070 733 3127 apertum.
801 3065 915 3113 Pal.
941 3068 988 3113 1.
1026 3065 1226 3113 omittit
1262 3064 1485 3114 emtore.
1552 3064 1681 3113 Mox
1712 3065 1942 3114 Florent.
1966 3063 2116 3113 Leid.
2137 3063 2289 3111 Voss.
2312 3064 2360 3110 1.
2397 3066 2455 3110 et

253 3128 413 3191 Βοῦς.
461 3131 711 3178 omittunt
748 3134 923 3179 tauros.
989 3130 1095 3178 Pro
1131 3129 1336 3193 erumpit
1373 3127 1532 3178 Acid.
1564 3130 1699 3193 conj.
1740 3132 2101 3191 erumpunt—8
2139 3128 2323 3184 Quarto
2346 3125 2456 3187 jam

251 3193 327 3242 die
349 3194 503 3244 Voss.
514 3198 565 3243 2.
601 3193 878 3243 Nabazanis
901 3194 1130 3243 Florem.
1150 3200 1205 3243 et
1226 3190 1380 3243 Leid1
1444 3193 1611 3242 Paulo
1636 3200 1757 3257 post
1773 3193 1894 3242 ΑΜ.
1916 3209 2020 3256 quoe
2040 3208 2085 3241 c.
2108 3192 2315 3243 utillima
2334 3204 2451 3240 esse.

252 3261 345 3306 -9
382 3260 613 3308 Floreat.
654 3258 805 3308 Leid.
844 3259 992 3308 Voss.
1028 3263 1076 3308 1.
1118 3259 1287 3321 Bong.
1311 3262 1358 3308 1.
1382 3262 1435 3322 2.
1457 3259 1649 3308 Venet.
1671 3259 1865 3307 Veron.
1893 3257 2012 3307 Ald.
2038 3258 2207 3306 Colin.
2247 3255 2452 3318 Gryph.

255 3320 389 3372 Mer.
414 3324 531 3373 Col.
552 3329 608 3371 et
632 3323 753 3371 Bas.
784 3338 867 3386 per
907 3323 986 3372 ῙῙ.
1026 3328 1073 3371 et
1114 3324 1265 3372 CCC.
1304 3337 1483 3380 «mnes,-
1516 3323 1657 3372 Pith.
1690 3329 1746 3371 et
1780 3322 1974 3371 Fauch.
2004 3336 2091 3384 per
2113 3322 2206 3370 duo
2230 3320 2382 3368 millia
2405 3323 2455 3367 et

256 3384 407 3436 CCC.
431 3402 596 3437 annes.
661 3387 806 3437 Mod.
830 3395 885 3436 et
907 3387 997 3451 qui
1021 3401 1133 3435 eum
1155 3387 1324 3436 secuti
1352 3394 1472 3436 sunt
1497 3401 1658 3450 usque
1683 3387 1747 3435 ad
1771 3386 2001 3435 Freinsh.
2070 3385 2235 3433 Persoe
2260 3382 2453 3446 proesti-

255 3449 435 3513 timent,
471 3451 802 3514 improbante
836 3451 1289 3502 Schmieder.-10
1325 3451 1516 3516 Vulgg.
1551 3458 1676 3501 ante
1708 3450 1975 3499 Modiam:
2011 3450 2291 3497 necessitate
2316 3460 2453 3510 repe-

252 3515 384 3567 risse.
453 3518 573 3568 Pal.
597 3520 646 3565 1.
677 3532 784 3566 cum
814 3532 859 3566 ο.
896 3518 1115 3577 Bogran.
1200 3517 1353 3565 Voss.
1390 3519 1442 3566 2.
1478 3522 1538 3566 et
1578 3517 1694 3566 Pal.
1726 3521 1774 3567 1.
1806 3515 2114 3566 insidiantem
2147 3512 2453 3577 peremisset,-

253 3578 488 3632 Florent.
512 3580 656 3631 Leid.
679 3582 833 3630 VosS.
859 3586 905 3630 1.
929 3581 1101 3645 Bong.
1125 3585 1173 3632 1.
1196 3585 1245 3630 2.
1278 3588 1333 3629 et
1357 3581 1618 3645 nonnulla!
1641 3580 1763 3630 edd.
1784 3579 2088 3629 insidiantem
2106 3576 2416 3628 interemisset
2428 3591 2451 3633 ,·

253 3641 370 3695 Ald.
393 3645 565 3697 Coiin.
590 3646 791 3711 Gryph.
813 3646 950 3697 Mer.
976 3646 1127 3695 Frob.
1149 3646 1271 3695 Bas.
1297 3645 1529 3697 Freinsh.
1562 3653 1618 3695 et
1656 3651 1875 3695 recentt·
1906 3644 2214 3694 insidiantem
2247 3641 2342 3691 sibi
2376 3640 2452 3690 in-

1240 3789 1465 3841 NOTAE

316 3907 337 3939 f
361 3906 653 3971 Peregrina]
688 3907 889 3958 Graecis
903 3906 1177 3968 militibus,
1191 3920 1309 3970 cap.
1393 3918 1448 3955 re
1467 3905 1610 3970 ,quod
1635 3905 1742 3970 regi
1774 3912 2066 3969 paraverat.
2133 3903 2277 3953 vide.
2291 3902 2453 3954 Diod.

255 3990 331 4038 10.
394 3986 727 4050 Popularinnn]
771 3986 1064 4051 Persarum.
1116 3983 1310 4032 Ducen-
1391 3982 1484 4033 lib.
1509 3996 1650 4032 xvu.
1676 3983 1739 4032 ad
1765 3984 1977 4048 Olymp.
1999 3996 2115 4033 cxx.
2140 3997 2221 4032 an.
2245 3985 2294 4031 2.

253 4066 325 4111 tos
344 4068 393 4113 et
411 4062 554 4126 erig]
588 4062 724 4112 Vide
748 4060 837 4111 lib.
862 4075 939 4111 ιν.
964 4075 1081 4122 cap.
1109 4064 1190 4111 14.
1456 4056 1480 4091 ¹¹
1501 4059 1819 4122 Satiffecisoe]
1846 4059 2194 4108 Excusntione
2215 4071 2346 4128 opus
2363 4056 2454 4105 ha-

315 4147 341 4183 8
372 4140 601 4203 Bagoon]
650 4137 951 4188 Eunuchum
985 4153 1017 4187 a
1038 4152 1140 4202 qno
1162 4151 1313 4187 evec-
1395 4133 1510 4184 buit
1534 4134 1744 4196 Darius,
1768 4135 1959 4197 partim
1989 4134 2056 4183 ob
2085 4146 2330 4192 summam
2353 4132 2455 4180 Ba·

258 4220 337 4266 tus
357 4216 409 4266 in
430 4216 611 4268 solium
632 4214 838 4277 fuerat3
859 4229 1010 4279 quem
1028 4212 1217 4263 deinde
1238 4214 1313 4263 in·
1395 4225 1508 4276 goae
1554 4210 1793 4275 gratiam,
1836 4225 1953 4260 cum
1996 4210 2110 4274 ipse
2152 4206 2349 4258 recenti
2390 4221 2454 4256 ae

258 4292 645 4348 sidiantemsibi
660 4291 839 4358 coegit.
859 4297 1118 4344 venenum
1136 4290 1312 4342 ebibe·
1391 4290 1537 4340 velut
1608 4288 1850 4352 precario
1900 4287 2164 4352 potiretur
2218 4279 2456 4347 imperio,
