2978 4933
504 404 636 471 290

501 564 711 652 jussit
758 567 780 598 ‘
801 562 1055 647 aequari
1084 565 1426 660 totumque
1453 554 1800 639 fastigium
1831 553 2117 619 extendi.
2137 551 2184 590 ’¹¹
2267 549 2704 616 11.·A1exan-

510 669 659 743 d’ro,
688 667 808 751 qni
858 683 1204 729 numerum
1245 659 1589 745 copiarum
1644 657 1811 743 ejus,
1842 662 2165 743 quantum
2219 656 2511 741 [procul]
2555 674 2709 719 con-

501 772 749 858 jectari
768 775 1093 856 poterant,
1107 766 1558 842 aestimabant,
1581 763 1702 829 vix
1725 763 2026 828 fecerunt
2046 762 2268 837 fidem,
2292 766 2392 824 tot
2407 759 2708 823 millibus

512 875 734 953 caesis,
754 873 1085 960 majores‘
1117 872 1534 955 copias,esse
1563 872 1928 952 reparatas.
2016 865 2119 929 12.
2144 867 2458 932 Ceterum
2489 861 2710 926 omnis

512 978 798 1064 periculi
826 986 891 1043 et
920 976 1208 1042 maxime
1238 971 1689 1039 multitudinis
1719 974 2082 1036 contemtor
2125 967 2537 1064 undecimis⁸
2563 984 2714 1030 cas-

510 1082 631 1148 tris
664 1081 1077 1168 pervenitad
1109 1078 1530 1162 Euphraten:
1581 1094 1715 1160 quo
1746 1074 2065 1157 pontibus
2085 1070 2105 1107 t
2140 1071 2383 1157 juncto
2415 1075 2435 1103 ‘
2453 1072 2714 1155 equites

511 1186 763 1271 primos
789 1184 908 1264 ire,
937 1184 1335 1269 phalangem
1366 1177 1563 1263 sequi
1582 1176 1597 1204 '
1640 1178 1872 1263 jubet3
1921 1176 2214 1254 Mazaeo,
2245 1175 2389 1259 qni,
2426 1174 2510 1238 ad
2541 1174 2715 1239 inhi-

510 1287 808 1352 bendum
854 1287 1202 1352 transitum
1246 1284 1417 1368 eine,
1465 1300 1616 1345 cum
1657 1300 1783 1345 sex
1813 1279 2121 1344 millibus
2151 1280 2454 1362 equitum
2483 1297 2716 1343 occur-

513 1396 706 1471 rerat,
733 1409 868 1455 non
901 1409 1069 1455 anso
1101 1388 1471 1472 periculum
1503 1383 1611 1450 sui
1642 1382 1911 1449 facere!
1996 1385 2102 1449 13.
2148 1383 2411 1449 Paucis·
2447 1382 2714 1460 deinde,

513 1514 648 1558 non
692 1495 781 1559 ad
826 1494 1141 1578 quietem,
1171 1491 1287 1557 sed
1337 1491 1426 1555 ad
1474 1489 1884 1574 reparandos
1933 1488 2219 1566 animos,
2252 1487 2490 1553 diebus
2534 1488 2714 1553 datis

517 1597 740 1676 militi,
794 1604 1061 1662 strenue
1107 1595 1368 1660 hostem
1421 1593 1683 1677 insequi
1736 1592 1987 1677 coepit:
2032 1597 2360 1670 metuenS,
2409 1610 2493 1655 ne
2540 1593 2715 1657 inte-

518 1702 692 1766 riora
721 1700 906 1784 regni
939 1701 1047 1766 sni
1078 1704 1356 1784 peteret,
1404 1695 1925 1783 sequendusque
1966 1699 2146 1760 esset
2187 1716 2310 1780 per
2356 1696 2507 1762 loca
2537 1697 2716 1761 omni

519 1803 939 1872 solitudine*
987 1809 1193 1887 atque
1240 1804 1477 1887 inopia
1515 1807 1729 1868 vasta.
1837 1800 1946 1865 14.
1990 1800 2206 1885 Igitur
2268 1807 2512 1885 quarto
2561 1799 2718 1867 die*

969 417 1034 477 Q.
1086 412 1351 463 cumn
1402 407 1582 459 Rom
1637 409 1778 457 mn.
1826 408 1928 457 ιν.
1974 407 2137 457 cn.
2180 391 2245 458 9.

588 2007 614 2043 ⁸
642 2009 840 2060 Omnem
864 2010 1052 2061 collium
1072 2009 1378 2061 eminentiam
1398 2008 1704 2074 complanari.

585 2073 603 2109 ὗ
637 2077 759 2127 Cum
778 2076 996 2127 anaeus
1015 2091 1105 2126 non
1123 2082 1245 2130 esset
1264 2090 1404 2126 ausus
1422 2077 1549 2125 vires
1568 2089 1679 2125 suas
1692 2073 1925 2138 experiri.

1439 2200 1806 2222 OOOOOOOOOOOO

522 2272 767 2321 cultorum.
835 2272 1005 2335 Bong.
1045 2276 1092 2322 1.
1124 2277 1172 2322 2.
1209 2278 1257 2322 et
1290 2272 1353 2321 ad
1390 2286 1447 2322 ea
1485 2286 1590 2335 qnoe
1609 2286 1628 2329 ‚-
1696 2270 1928 2320 Florent.
1968 2266 2119 2320 Leid.
2155 2267 2305 2319 Voss.
2342 2271 2388 2318 1.
2421 2273 2476 2319 et
2508 2268 2720 2319 Theocr.

525 2335 671 2397 etiam
706 2338 769 2385 ad
793 2350 850 2386 ea
882 2352 1024 2400 qua,-
1079 2340 1233 2401 vnigo
1269 2344 1391 2386 ante
1425 2334 1749 2386 Schmieder.
1785 2335 1931 2384 etiam
1967 2350 2069 2399 ‘1¹1oe
2100 2336 2280 2397 procul,
2320 2334 2533 2397 &ce—ll
2570 2335 2718 2384 Voss.

525 2406 576 2450 2.
595 2416 803 2451 numero.
863 2403 1011 2452 ‘Vox
1038 2404 1201 2465 procul
1237 2418 1267 2452 a
1303 2401 1608 2468 quibusdam
1646 2399 1768 2450 edd.
1812 2399 1960 2463 [And.
1999 2399 2168 2450 Colin.
2209 2399 2409 2463 Gryph.
2449 2401 2573 2451 Bas.
2611 2401 2720 2449 Col.

527 2466 688 2525 Proh.
724 2473 780 2517 et
817 2466 979 2530 Men]
1014 2468 1181 2528 abest,
1217 2468 1373 2533 idque
1412 2468 1563 2528 bene,
1601 2465 1644 2515 si
1681 2466 1823 2515 locus
1859 2469 1940 2516 vel
1982 2466 2048 2515 de
2087 2464 2373 2528 transfugis
2411 2468 2497 2516 vel
2538 2466 2615 2523 de*
2637 2481 2720 2516 ex-

526 2532 876 2596 ploratoribus
899 2548 963 2582 ex
988 2533 1173 2582 mediis
1205 2531 1340 2582 forte
1375 2532 1601 2581 hostium
1630 2531 1814 2581 castris
1846 2532 2172 2582 venientibus
2209 2531 2581 2594 intelligendus
2611 2529 2719 2580 est.'

523 2597 812 2650 Schmieder.
878 2599 1106 2648 Floreat.
1134 2599 1281 2650 Leid.
1305 2599 1458 2649 Voss.
1480 2597 1672 2663 aliique
1696 2595 1848 2646 codd.
1871 2602 2078 2662 poterat,
2099 2598 2235 2662 qnod
2257 2597 2447 2647 Henm.
2471 2595 2718 2649 defendit.

525 2664 678 2712 Voss.
698 2668 747 2713 2.
768 2665 1076 2715 extimbaat.
1112 2664 1262 2715 Voss.
1288 2668 1334 2714 l.
1356 2679 1453 2715 esse
1471 2667 1862 2727 reperatas.--l2
1899 2661 2019 2713 Ald.
2045 2663 2262 2712 undecim
2281 2663 2471 2713 castris.
2507 2663 2652 2712 Leid.
2671 2668 2721 2711 et

527 2729 679 2779 Voss.
723 2734 767 2780 1.
799 2735 847 2779 2.
900 2731 964 2779 ad
1003 2730 1285 2793 Euphraten
1327 2731 1560 2792 pervenit.
1624 2728 1739 2778 Pal.
1782 2733 1828 2777 1.
1864 2728 2019 2790 primo
2058 2726 2147 2778 ire.
2217 2728 2403 2778 Mnltae
2441 2728 2565 2779 edd.
2603 2736 2718 2776 ante

523 2793 759 2842 Freinsh.
784 2795 1033 2845 omittunt
1055 2795 1155 2855 ey’us
1190 2801 1307 2857 post
1341 2796 1747 2845 transitum—13
1782 2793 1937 2843 voss.
1959 2797 2009 2842 2.
2048 2792 2238 2843 Deinde
2256 2793 2438 2857 paucis.
2494 2793 2715 2843 Floreat.

529 2857 678 2908 Leid.
701 2864 757 2908 et
778 2860 930 2909 Voss.
956 2865 1003 2911 l.
1036 2861 1099 2909 ad
1131 2861 1485 2924 preparandus,
1513 2860 1650 2925 qnod
1673 2859 1820 2909 malit
1846 2859 2204 2909 Modiam—14
2240 2859 2355 2910 Pan.
2381 2864 2429 2909 1.
2452 2858 2718 2914 Ambelam:

1523 2990 1738 3042 NO‘PAE

529 3086 670 3137 forte
691 3102 811 3137 cnm
831 3089 991 3141 Junio
1016 3091 1192 3156 legere
1215 3090 1396 3140 malis:
1431 3092 1497 3140 ad
1515 3106 1591 3151 ea,

530 3179 637 3227 quoe
651 3165 816 3229 procul
831 3179 1074 3231 recessere,
1089 3166 1407 3232 permittitur,
1425 3167 1476 3216 id
1493 3174 1591 3226 est,

1734 3091 1751 3122 ⁸
1786 3088 2037 3154 Pontibus]
2072 3088 2252 3139 Fuisse
2277 3088 2391 3153 jem
2424 3088 2499 3139 ibi
2523 3094 2719 3154 pontem

1673 3164 1739 3214 ad
1772 3166 2094 3229 Thapsacum
2133 3165 2296 3215 tradit
2331 3164 2596 3229 Arrianus,
2633 3163 2717 3214 sed

531 3241 989 3304 ‘·transmittitur;’
1033 3259 1135 3310 quo
1178 3255 1330 3293 sensu
1378 3244 1591 3294 verbnm
1670 3246 1759 3311 qni
1795 3244 1860 3295 sd
1895 3245 2194 3296 ulteriorem
2226 3245 2391 3309 ripam
2415 3259 2517 3295 non
2540 3243 2720 3309 pertin·

528 3317 632 3369 hoc
651 3332 682 3367 a
704 3318 922 3369 Sisenna
937 3329 1245 3385 usurpatum
1272 3320 1506 3371 tradunt.

596 3401 619 3428 ἲ
645 3396 882 3460 Mqiores]
918 3396 998 3446 Ex
1031 3398 1130 3448 hoc
1154 3412 1358 3463 quoqne
1381 3398 1496 3448 loco
1516 3398 1592 3448 in-

529 3474 611 3530 fra
649 3475 950 3539 colligemus
984 3476 1225 3526 mendum
1260 3476 1313 3525 in
1352 3490 1593 3525 numeros

531 3551 811 3602 Curtianos
843 3551 1108 3618 irrepisse,
1130 3553 1215 3603 nbi
1238 3553 1388 3604 Darii
1420 3554 1595 3618 copias

530 3633 789 3678 recenset.

527 3734 530 3737 -
596 3713 617 3741 ⁸
656 3704 952 3769 Undecimis]
982 3705 1119 3754 Vide
1143 3705 1233 3755 lib.
1260 3721 1349 3756 111.
1374 3722 1492 3770 cap.
1515 3711 1594 3756 16.

535 3782 653 3834 Quo
687 3797 810 3832 vero
849 3797 914 3832 ex
950 3785 1064 3834 loco
1092 3785 1158 3833 ad
1201 3786 1516 3848 Euphratem
1539 3794 1594 3837 et

531 3858 849 3921 Thapsacum
883 3860 1172 3910 undecimis
1203 3861 1387 3911 castris
1412 3878 1596 3925 perve-

527 3932 674 3983 nisse
697 3935 843 3997 velit,
869 3948 1049 3998 parum
1072 3937 1253 4001 liquet.
1320 3938 1478 3990 Certe
1504 3941 1594 3989 aii-

535 4009 674 4058 unde
712 4025 863 4075 qnam
912 4013 1049 4076 Tyro
1093 4017 1410 4066 numeranda
1449 4024 1591 4068 sunt.

538 4085 669 4137 Quis
693 4087 827 4136 enim
852 4094 1001 4151 putet
1028 4105 1186 4152 grave
1210 4093 1595 4156 impedimentis

538 4177 724 4226 agmen
747 4164 988 4215 undecim
1010 4165 1190 4218 diebus
1209 4169 1435 4234 quinque
1458 4169 1598 4222 forte

540 4239 827 4303 studiorum
872 4241 1051 4306 millia,
1092 4242 1192 4295 hoc
1232 4252 1315 4297 est
1356 4247 1597 4300 milliaria

533 4319 652 4369 62⁵.
675 4315 991 4371 confecisse?
1447 4338 1452 4353 ³

1670 3330 1840 3388 geret.
1888 3321 2046 3373 Hunc
2064 3337 2096 3372 a
2111 3323 2308 3373 Masaeo
2331 3322 2588 3372 desertum
2607 3334 2719 3384 snp—
2756 3342 2763 3343 ff

1674 3400 1808 3467 pleri
1840 3401 2020 3465 jussit,
2059 3415 2163 3464 qna
2200 3407 2350 3462 parte
2393 3397 2718 3464 imperfectus

1676 3487 1812 3542 erat,
1835 3480 2024 3529 additis
2045 3479 2199 3530 etiam
2223 3478 2353 3530 aliis.

1741 3565 1763 3591 ¹¹
1795 3555 2086 3619 Solitudine]
2136 3557 2306 3608 Quem
2344 3554 2466 3605 alibi
2505 3555 2714 3604 locorum

1676 3640 1864 3683 natura
1888 3631 2012 3696 fert,
2036 3632 2157 3682 alibi
2180 3631 2369 3682 Darius
2395 3632 2462 3682 de
2482 3630 2716 3681 industris

1678 3711 1879 3760 faceret
1903 3709 2146 3760 incendio
2170 3718 2225 3760 et
2247 3710 2507 3760 vastitate.

1740 3795 1764 3820 v
1799 3788 1985 3842 Qaeearto
2018 3785 2118 3850 die]
2154 3786 2236 3835 'Et
2278 3785 2375 3836 hoc
2418 3783 2716 3844 incredibile,

1680 3870 1878 3914 tantum
1916 3863 2116 3913 itineris
2149 3870 2374 3928 quatuor
2401 3864 2581 3918 diebus
2605 3875 2714 3912 con·

1676 3940 1893 4002 fectum,
1917 3949 2182 4008 qnantum,
2205 3940 2473 3991 Eustathio
2494 3948 2639 4001 teste,
2658 3937 2713 3989 ad

1676 4019 1949 4083 septimum
1973 4019 2110 4068 diem
2141 4018 2290 4068 fortis
2313 4027 2370 4070 et
2398 4021 2539 4070 celer
2566 4018 2714 4067 viator

1678 4097 1845 4160 possit
1880 4097 2166 4146 absolvere.
2232 4096 2394 4146 Certe
2431 4096 2610 4147 Strabo
2636 4093 2712 4143 lib.

1679 4188 1795 4225 xvr.
1818 4189 1847 4224 a
1867 4174 2132 4237 Thapsaco
2152 4172 2218 4224 ad
2239 4173 2439 4238 Tigrim
2461 4172 2621 4224 studia
2635 4183 2711 4221 nn·

1676 4258 1845 4303 merat
1866 4255 2012 4303 2400.
