2978 4933
509 348 638 420 190

506 515 860 582 haesurusae
943 514 1039 582 At
1065 517 1187 595 illi,
1232 536 1518 601 quorum
1563 525 2035 603 amputaverat
2082 539 2336 598 manuS‚
2377 518 2465 585 ad
2498 525 2711 585 castra

506 619 967 685 Macedonum
991 626 1364 703 penetrant,
1389 624 1408 654 ‘
1433 621 1716 685 Darium
1746 624 2273 709 quammaximo
2318 642 2523 689 cursu
2557 643 2713 707 pos·

506 727 627 801 set,
663 723 856 810 sequi
879 720 898 748 '
942 723 1345 790 nuntiantes.
1432 725 1542 789 17.
1587 722 1989 803 Vixfidesk
2032 727 2712 810 habebaturtsitaque

509 825 975 909 speculatores
1046 827 1114 889 in
1163 821 1568 892 maritimas¹
1625 827 1929 909 regiones
1989 828 2381 912 praemissos
2439 832 2464 865 ‘
2484 828 2716 910 explo—
2760 861 2764 865 <

503 948 650 993 rare
670 927 687 954 '
705 928 927 1012 jubet,
955 928 1236 1012 ‘ipsene
1260 930 1558 1009 adesset,
1589 949 1674 994 an
1699 930 2168 1013 praefectorum
2208 932 2457 1015 aliquis
2491 931 2713 1014 speci-

506 1050 615 1095 em
644 1031 1053 1115 praebuisset
1081 1032 1374 1098 universi
1386 1032 1717 1098 venientis
1748 1033 2135 1098 exercitus?
2156 1033 2174 1058 ’
2261 1034 2370 1099 18.
2397 1035 2538 1101 Sed
2572 1052 2714 1098 cum

504 1134 962 1219 speculatores
1011 1141 1520 1215 reverterentur,
1571 1137 1810 1220 procul
1861 1137 2097 1220 ingens
2151 1137 2515 1204 multitudo
2567 1156 2716 1202 con-

504 1243 741 1320 specta
767 1244 871 1301 est
902 1256 918 1301 ι
963 1237 1150 1319 ignes
1182 1238 1424 1303 deinde
1458 1240 1620 1304 totis
1651 1240 1911 1323 campis
1952 1239 2287 1305 collucere
2333 1246 2713 1324 coeperunt,

502 1340 864 1423 omniaque
886 1340 1070 1406 velut
1097 1341 1462 1407 continenti
1488 1342 1800 1408 incendio
1834 1342 2061 1408 ardere
2092 1343 2272 1409 visa·
2306 1363 2458 1409 cum
2481 1344 2713 1413 ἰιιοοιι-

502 1442 650 1508 dita
676 1442 1060 1523 multitudo,
1088 1444 1383 1510 maxime
1423 1452 1700 1531 propter
1732 1446 2067 1531 jumenta,
2095 1446 2323 1517 laxius
2368 1447 2715 1512 tenderet!

467 1544 611 1612 19.
633 1544 924 1632 Itaque‘
937 1567 1020 1613 eo
1039 1548 1207 1631 ipso
1211 1547 1425 1614 Ιοοοιιι
1446 1549 1681 1615 metari
1699 1566 1859 1615 suos
1875 1544 2123 1614 castra’
2129 1549 2462 1634 jusserat;
2498 1550 2717 1625 laetus,

502 1648 686 1733 quod
711 1652 893 1717 omni
921 1651 1345 1735 expetiverat
1373 1657 1560 1732 voto,
1599 1654 1669 1717 in
1697 1652 1833 1717 illis
1862 1653 2294 1738 potissimum
2326 1653 2664 1735 angustiis
2688 1660 2715 1687 ¹¹

502 1753 990 1819 decernendum
1017 1755 1181 1820 fore.
1267 1754 1379 1820 20.
1425 1753 1756 1833 Ceterum,
1786 1761 1862 1820 ut
1891 1755 2067 1820 solet
2106 1755 2276 1833 fieri,
2308 1775 2461 1821 cum
2491 1756 2715 1846 ultimi

501 1854 912 1922 discriminis
944 1864 1215 1942 tempus
1247 1857 1592 1938 adventat,
1621 1846 1697 1924 in⁸
1713 1857 2204 1925 solicitudinem
2234 1877 2436 1924 versa
2463 1856 2716 1924 fiducia

960 370 1029 432 Q.
1076 360 1339 419 eun'ru
1391 369 1571 420 ιιυιη
1628 366 1768 419 ms.
1816 369 1928 420 ιιι.
1977 372 2138 423 osv.
2181 354 2245 424 8.

559 2032 592 2073 ι’»
624 2032 957 2095 Macedonum,
971 2038 1026 2082 ue
1036 2031 1257 2098 putabat,
1260 2030 1561 2094 fugientium
1582 2035 1722 2092 terga
1744 2030 2026 2096 insequendo
2040 2049 2309 2098 pressurus.

563 2103 589 2139 ⁹
625 2098 753 2155 Quia
771 2100 895 2150 male
914 2099 1170 2163 disposim
1190 2098 1496 2148 barbarorum
1514 2098 1755 2147 exercitus
1770 2098 1918 2148 latius
1933 2100 2141 2163 spatim
2161 2100 2381 2152 tentoriis
2399 2097 2675 2163 occupabat·

1419 2225 1785 2269 δκοουοοοορ

500 2354 597 2407 pro
636 2344 709 2394 At
745 2345 822 2395 illi
859 2346 1032 2411 Bong.
1069 2347 1167 2398 ille.
1234 2344 1353 2397 Pal.
1379 2350 1428 2397 1.
1459 2349 1838 2410 mutaverunt.
1904 2345 2074 2410 Bong.
2096 2346 2312 2397 Theocr.
2332 2352 2391 2396 et
2411 2345 2574 2396 Voss.
2595 2349 2644 2395 1.
2666 2349 2717 2394 2.

498 2413 673 2473 quanto
694 2410 906 2460 maximo
929 2426 1086 2461 cursu.
1088 2415 1218 2462 -17
1253 2412 1425 2476 Bong.
1450 2412 1569 2462 Pal.
1595 2416 1642 2462 l.
1672 2410 1822 2460 Leid.
1854 2418 1910 2461 et
1931 2412 2082 2461 Voss.
2105 2415 2151 2463 1.
2172 2416 2220 2464 2.
2250 2412 2497 2461 omittunt
2518 2413 2576 2461 ἰιι
2598 2418 2718 2460 ante

497 2475 781 2526 maritimas.
850 2477 1022 2555 Lugd.
1057 2484 1112 2527 et
1155 2478 1327 2528 Amst.
1354 2478 1626 2542 proemissos
1667 2476 1944 2527 Alexander
1987 2480 2249 2543 explorare.
2313 2479 2430 2528 Pal.
2477 2481 2527 2529 1.
2566 2476 2715 2527 Leid‘.

498 2539 652 2590 Voss.
695 2546 742 2591 1.
773 2545 825 2593 2.
858 2542 959 2607 ipse
991 2544 1207 2602 «ἀεικές
1241 2544 1414 2607 Bong·
1451 2547 1500 2592 1.
1534 2548 1697 2592 utrum
1728 2542 1829 2606 ipse
1858 2544 2041 2593 adesset
2075 2558 2106 2592 a
2138 2544 2343 2594 diversa
2364 2557 2539 2593 manu.
2611 2543 2716 2592 Pro

489 2606 792 2669 praebuisset,
825 2609 964 2673 quod
988 2610 1152 2659 ceteri
1175 2608 1330 2659 codd
1353 2615 1659 2671 agnoscunt,
1681 2608 1847 2671 Boug
1870 2613 1917 2659 1.
1942 2608 2088 2658 Leid·
2111 2615 2169 2659 et
2189 2610 2343 2659 Voss.
2368 2613 2416 2658 1.
2439 2614 2489 2659 2.
2521 2608 2717 2658 habent

495 2670 761 2734 tribuisset,
781 2675 1039 2738 probante
1062 2675 1297 2725 Freinsh.
1301 2676 1471 2724 -18‘
1495 2674 1694 2724 Vocem
1713 2675 2027 2738 speculatores
2051 2674 2243 2724 Heum.
2264 2681 2411 2724 recte
2433 2672 2715 2723 delendam

493 2739 742 2802 putavit.’
778 2741 929 2791 Cunz.
993 2741 1130 2790 Vide
1153 2742 1281 2791 Not.
1304 2740 1430 2789 Var.
1500 2739 1618 2790 Pal.
1645 2746 1693 2790 1.
1726 2742 1855 2789 velut
1876 2739 2225 2789 incontinenti.
2285 2740 2437 2794 Voss.
2461 2744 2511 2788 2.
2547 2739 2717 2789 lessius

497 2804 858 2853 tenderet.-19
892 2805 1041 2855 Leid.
1064 2805 1218 2856 Voss.
1242 2810 1289 2854 1.
1319 2804 1435 2868 Lug
1438 2799 1493 2854 d.
1516 2811 1570 2854 et
1596 2804 1765 2853 Amst.
1802 2805 2103 2868 expetierat,·
2136 2805 2288 2854 Voss.
2312 2807 2363 2855 2.
2397 2809 2503 2854 voto
2525 2801 2715 2867 expeti-

491 2873 650 2916 'ver-at.
698 2868 869 2918 ‘Cum
895 2869 1128 2933 plurimis
1151 2869 1305 2919 codd.
1323 2818 1675 2919 &eger-nendum
1695 2869 1808 2928 fore
1839 2870 2020 2933 scripsi
2056 2884 2149 2933 pro
2181 2871 2280 2920 dec.
2312 2869 2444 2920 esse!
2479 2869 2714 2920 Schmie·

494 2928 608 2981 der.
640 2930 740 2982 esse
763 2932 1013 2984 exhibent
1038 2936 1253 2983 Venett.
1279 2935 1477 2983 Veron.
1515 2932 1736 2983 Mediol.
1777 2932 1900 2985 Ald.
1940 2935 2110 2984 Coliu.
2133 2933 2335 2999 Grypb.
2359 2935 2488 2985 Bas.
2509 2936 2712 2985 Erasm.

493 2994 731 3046 Freinsb.
755 2997 944 3047 Pitisc.
971 2999 1163 3050 Cellar.
1191 2998 1370 3048 Maitt.
1389 2998 1522 3046 Tell.
1549 2997 1672 3061 Bip.
1697 2998 1857 3048 Cunz.
1890 3006 1946 3047 et
1977 3000 2132 3050 Both.
2165 3001 2280 3060 sore
2318 3000 2543 3050 Theocr.
2573 3001 2712 3049 Dan.

494 3060 625 3111 Put.
655 3062 792 3112 Pith.
816 3063 1009 3113 Fauch.
1035 3064 1204 3127 Boug.
1228 3069 1281 3113 2.
1304 3069 1361 3112 et
1382 3063 1540 3112 Voss.
1567 3067 1615 3112 1.
1620 3067 1748 3112 -20
1782 3064 1798 3091 ‘
1822 3064 1885 3112 In
1910 3065 2082 3113 verbis
2112 3070 2168 3114 ut
2202 3067 2321 3115 solet
2340 3065 2462 3131 fiet-s
2497 3067 2711 3115 tertium

493 3140 651 3240 Bmg
617 3127 784 3192 glossa
806 3128 1050 3190 habetur,
1085 3129 1317 3193 quamvis
1343 3127 1394 3177 iu
1427 3127 1692 3192 plerisque
1706 3125 1870 3178 codd.
1893 3129 2075 3179 extet?
2111 3129 2403 3180 Schmieder.
2470 3131 2674 3181 Extat
2661 3145 2713 3179 ιιι

554 3206 636 3243 ιιι.
662 3193 778 3243 Pal
801 3197 849 3244 1.
901 3194 1052 3245 Leid.
1077 3202 1134 3245 et
1153 3195 1308 3245 Voss.
1336 3195 1386 3245 1.
1407 3192 1560 3244 deest
1595 3195 1647 3243 in
1687 3192 1848 3258 Lugd.
1870 3201 1927 3244 et
1950 3193 2118 3245 Amst.
2186 3196 2295 3246 Pro
2318 3194 2543 3245 adtentat
2571 3198 2707 3246 Mer.

1492 3318 1714 3370 NOTAE

485 3427 610 3467 cum
644 3417 807 3467 sinum
829 3418 983 3483 petit.
1049 3417 1185 3470 Sunt
1206 3417 1297 3484 qui
1318 3419 1416 3469 hoc
1440 3419 1558 3469 loco

492 3493 759 3558 Pyramum
794 3496 991 3561 legant,
1026 3510 1203 3547 errore
1244 3494 1555 3548 manifesto:

492 3579 742 3636 corrupte
798 3587 1000 3639 quoque
1055 3572 1193 3638 apud
1248 3573 1560 3624 Strabonem

487 3645 505 3674 ‘
526 3647 758 3773 Pindus’
777 3649 1090 3714 appellatur.

619 3715 890 3791 Vtxfides]
941 3727 1016 3777 Ut
1050 3726 1409 3778 Alexandrum
1446 3729 1557 3778 Da-

485 3801 619 3864 rius,
651 3804 726 3852 sie
758 3804 1061 3855 Alexander
1094 3806 1320 3855 Darium
1354 3820 1386 3854 a
1408 3811 1559 3869 tergo

491 3877 794 3942 imprudens
818 3881 1129 3947 reliquerat3
1164 3882 1251 3932 ille
1278 3881 1557 3932 Amanicas

489 3953 671 4018 Pylas,
712 3956 798 4006 hic
842 3957 1046 4021 Syriam
1098 3967 1301 4023 petens.
1371 3957 1557 4023 Itaque

491 4030 578 4078 vix
613 4032 866 4083 credebat
905 4034 1107 4100 insequi
1141 4033 1382 4098 Darium,
1402 4051 1557 4101 quem

490 4118 522 4155 a
545 4106 718 4158 fronte
741 4109 837 4160 sibi
862 4107 1131 4161 occurrere
1154 4113 1437 4177 cogitabat.
1475 4131 1478 4132 ⁷

555 4183 571 4219 ¹
614 4187 678 4235 In
716 4187 1008 4251 maritimas]
1075 4188 1243 4240 Addit
1305 4189 1553 4239 Arrianus

486 4263 742 4327 ‘quosdam
776 4277 844 4315 ex
866 4265 1041 4317 amicis
1065 4264 1261 4317 triremi
1285 4265 1552 4330 impositos

1640 3417 1806 3469 Issum
1830 3418 2109 3479 remisisse,
2122 3419 2482 3482 exploraturos
2501 3434 2569 3469 an
2591 3433 2710 3470 vera

1639 3501 1813 3546 essent
1836 3510 1952 3560 quae
1976 3494 2365 3543 nuntiabantur.
2688 3515 2689 3518 ¹

1705 3579 1741 3604 ²¹³
1775 3574 1850 3621 Eo
1870 3573 1970 3636 ipso
1992 3571 2110 3634 loco]
2157 3571 2312 3620 Ultra
2336 3572 2496 3635 Pylas
2519 3573 2708 3638 Syrias,

1641 3663 1768 3714 quas
1783 3649 1894 3713 jam
1920 3647 2219 3712 transierat,
2238 3655 2297 3698 ut
2320 3648 2506 3699 scribit
2532 3650 2705 3700 Arria-

1639 3740 1752 3775 nus.

1702 3810 1729 3836 ·
1760 3804 1824 3853 ιιι
1861 3804 1959 3853 uns
1984 3781 2253 3867 angues]
2290 3803 2409 3853 Non
2444 3803 2551 3854 inis
2584 3805 2703 3869 ipsis

1637 3881 1691 3930 iu
1716 3879 1901 3945 quibus
1941 3888 2107 3931 castra
2148 3880 2395 3944 ponebat,
2431 3896 2550 3931 cum
2586 3881 2702 3931 inde

1641 3957 1799 4007 tertia
1822 3957 2000 4022 vigilia
2022 3955 2261 4021 profecti,
2292 3958 2357 4007 ad
2383 3959 2553 4010 locum
2577 3972 2702 4024 pug-

1636 4051 1720 4087 nae
1747 4037 1949 4087 oriente
1973 4037 2174 4085 demum
2199 4036 2318 4086 lnce
2338 4037 2700 4101 pervener-inu

1636 4114 1726 4163 sed
1753 4115 1803 4162 in
1829 4115 1942 4163 aliis
1976 4128 2077 4163 non
2119 4115 2334 4166 multum
2364 4116 2701 4179 distantibus,

1637 4207 1760 4257 quas
1784 4191 1938 4243 modo
1965 4190 2205 4242 diximus.
