2978 4933
461 346 593 414 426
926 363 993 422 q.
1039 349 1301 412 cham
1350 360 1535 410 num
1584 360 1735 411 ma.
1784 362 1891 412 vi.
1932 363 2102 415 cAP.
2144 347 2211 413 1.

465 507 740 575 saucius
782 507 1049 573 revertit
1096 508 1167 572 in
1214 512 1460 573 castra.
1553 507 1730 574 Haec
1781 509 2067 575 victoria
2116 530 2252 574 non
2304 510 2687 593 Spartam‘

463 613 669 677 modo
700 612 1063 694 sociosque
1095 611 1271 694 ejuS,
1300 611 1424 675 sed
1455 613 1661 678 etiam
1703 631 1961 690 omnes,
1995 614 2112 696 qui
2142 614 2479 677 fortunam
2513 613 2685 679 belli

463 714 997 801 spectaverant,f
1035 714 1252 797 fregit.
1340 716 1444 779 17.
1504 714 1574 778 N
1576 735 1654 780 ec
1711 715 1984 780 saliebat
2039 715 2492 798 Antipatrum,
2543 716 2686 779 dis-

462 821 704 884 sentire
751 818 836 882 ab
870 817 1110 881 animis
1155 818 1634 899 gratulantium
1686 820 1957 900 vultu33
2014 820 2134 884 sed
2178 817 2428 882 bellum
2481 818 2685 895 finire

463 920 754 1006 cupienti
782 938 959 1003 opus
989 927 1138 983 erat·
1161 919 1388 1004 decipi
1415 941 1433 985 z
1478 927 1546 986 et
1571 940 1953 1005 quanquam
1983 922 2244 986 fortuna
2274 939 2489 985 rerum
2526 921 2683 1004 pla-

463 1025 687 1102 eebat,
731 1023 1055 1087 invidiam
1085 1028 1336 1101 tamen,
1372 1024 1535 1107 quia
1575 1024 1861 1108 majores
1891 1042 2002 1088 res
2029 1031 2239 1100 erant,
2272 1042 2466 1106 quam
2506 1034 2681 1106 quas

462 1126 765 1210 praefecti
792 1126 1035 1190 modus
1067 1133 1390 1209 caperent
1430 1128 1812 1192 metuebatz
1852 1127 1961 1193 18.
1993 1127 2248 1211 quippe
2277 1123 2682 1191 Alexander

460 1228 692 1295 hostes
717 1228 899 1293 vinci
915 1229 1256 1313 voluerat3
1278 1229 1712 1314 Antipatrum
1732 1231 2005 1309 vicisse,
2024 1250 2110 1295 ne
2132 1230 2378 1296 tacitus
2397 1228 2678 1311 quidem

463 1332 897 1415 dignabatur:
922 1330 949 1368 ⁸
977 1350 1122 1396 suae
1144 1331 1430 1396 demtum
1449 1333 1690 1415 gloriae
1720 1333 2143 1410 existimanS,
2172 1329 2494 1415 quicquid
2526 1348 2678 1393 ces-

460 1435 659 1501 sisset
709 1433 983 1500 alienae.·‘
1066 1434 1172 1501 19.
1219 1435 1467 1519 Itaque
1533 1433 1920 1518 Antipater,
1976 1434 2093 1518 qui
2155 1435 2361 1516 probe
2429 1440 2678 1496 nosset

464 1538 747 1621 spiritus
779 1536 1114 1620 ejuS,'non
1142 1544 1248 1603 est
1278 1555 1487 1602 ausus
1537 1537 1689 1620 ipse
1731 1552 1923 1620 agere
1968 1535 2246 1601 arbitria
2289 1533 2599 1599 victoriae
2619 1533 2679 1613 ς]

465 1639 592 1705 sed
620 1634 1018 1706 conciliumf
1055 1639 1474 1718 Graecorum,
1506 1646 1527 1674 ‘
1552 1640 1718 1725 quid
1746 1640 1896 1705 fieri
1930 1635 2276 1723 placeret,'
2308 1636 2674 1707 consuluit.

462 1743 572 1810 20.
617 1741 685 1808 A
727 1762 863 1827 quo
915 1741 1434 1822 Lacedaemonii,
1496 1750 1516 1781 ‘
1534 1742 1700 1809 nihil
1751 1742 1939 1809 aliud
1988 1760 2195 1825 quam
2247 1746 2325 1804 ut
2370 1742 2675 1803 oratores

517 1928 554 1973 s
583 1932 682 1988 Qui
703 1931 814 1982 belli
830 1932 1015 1982 exiam
1033 1937 1412 1996 expectat-erant.

523 2005 553 2038 8
589 1997 716 2052 Quia
737 1998 1023 2047 illustriores
1040 2003 1176 2047 eram
1200 2012 1276 2046 res
1287 1997 1355 2045 ab
1378 2000 1430 2046 eo
1449 1997 1622 2057 ges'tae,
1645 2010 1784 2059 quam
1802 1992 2025 2059 praefecti
2034 1993 2236 2056 fortuna
2249 1995 2530 2057 postularet.

529 2059 558 2094 ¹·
598 2063 710 2109 Nou
732 2063 1088 2112 dissimulanter
1106 2062 1291 2112 dolebat
1314 2062 1631 2124 Antipatrum
1650 2076 1750 2110 esse
1769 2062 2014 2111 victorem.

531 2123 548 2158 ¹¹
583 2125 860 2190 Quicquid
840 2143 895 2176 in
915 2127 1113 2177 alterius
1129 2127 1338 2189 gloriam
1360 2128 1596 2176 cessisset.

515 2188 547 2237 ’.τ’
584 2191 714 2245 Quia
735 2197 862 2305 geete
882 2197 1184 2257 perspexerat
1206 2191 1307 2253 q'us
1326 2190 1548 2254 indolem,
1584 2205 1678 2239 novt
1711 2195 1782 2241 est
1810 2205 1953 2240 ausus
1972 2191 2221 2254 quicquam
2241 2193 2476 2251 statuere,
2498 2191 2555 2237 ut
2575 2185 2672 2234 oie·

468 2258 564 2318 tor,
594 2270 657 2306 ex
679 2271 736 2305 ar
766 2257 881 2305 itrio
901 2272 1001 2307 sao.
2583 2297 2591 2303 .

1381 2346 1745 2372 “UO-“OM“

464 2447 684 2512 amplius.
749 2449 855 2499 Pro
880 2450 1035 2502 CCC.
1063 2402 1177 2502 Pai.
1202 2456 1250 2502 1.
1273 2457 1326 2500 et
1350 2450 1506 2501 Voss.
1524 2453 1574 2502 2.
1598 2452 1791 2510 decem5
1840 2450 1985 2501 Pub.
2007 2455 2062 2501 et
2087 2449 2278 2501 Faucb.
2297 2449 2464 2507 nulle:
2510 2446 2675 2508 Bong.

465 2519 517 2564 2.
542 2514 772 2564 Floreut.
805 2521 862 2565 et
899 2517 1043 2565 Leid·
1064 2528 1166 2579 ως
1215 2516 1381 2580 Lugd.
1407 2524 1461 2566 et
1483 2515 1658 2574 Amat.
1682 2518 1781 2566 tria
1811 2518 2003 2576 militem
2051 2515 2205 2567 Voss.
2227 2520 2271 2565 1.
2301 2513 2498 2563 omittit
2524 2513 2671 2561 CCC.

464 2580 612 2629 Mox
634 2580 780 2628 Leid.
814 2591 906 2629 uon
945 2581 1185 2644 Spartam
1234 2582 1383 2631 Leid.
1408 2590 1462 2629 et
1484 2570 1641 2631 Voss.
1669 2586 1713 2632 1.
1746 2584 1828 2631 sed
1851 2583 1997 2631 etiam
2014 2582 2183 2630 omnis.
2250 2580 2480 2629 Florent.
2506 2578 2674 2639 Bong-

465 2645 607 2693 Dau.
629 2653 688 2694 et
708 2646 857 2694 Voss·
880 2652 925 2696 1.
948 2647 1091 2710 quis.
1109 2646 1298 2696 bellom.
1301 2650 1430 2695 —17
1465 2646 1583 2695 Pal.
1611 2650 1657 2697 1.
1684 2662 1780 2723 quo
1820 2647 2024 2706 mqy'ores
2061 2661 2137 2695 res
2171 2651 2342 2703 erant5
2374 2643 2432 2692 τὸ
2471 2656 2545 2691 res
2575 2655 2673 2691 non

465 2711 654 2759 eratin
679 2711 859 2760 Colon.
893 2719 950 2761 et
986 2711 1160 2774 Sigei).
1197 2712 1334 2761 unde
1369 2699 1619 2760 Heinsius
1659 2711 1799 2775 conj.
1835 2715 1947 2775 quia
1969 2726 2174 2769 majores
2187 2715 2418 2772 gesserat
2487 2707 2603 2756 Pal.
2625 2710 2670 2755 l.

465 2776 630 2824 medus
654 2790 749 2836 pro
772 2779 948 2826 modus.
951 2781 1081 2825 -18
1107 2776 1251 2825 Idem
1276 2778 1439 2826 codex
1467 2777 1664 2826 omittit
1684 2777 1842 2825 hostes
1865 2787 1987 2825 ante
2010 2776 2155 2825 rinei.
2222 2775 2339 2824 Pal.
2361 2781 2415 2823 et
2437 2772 2608 2833 Bong
2629 2776 2673 2820 l.

465 2843 552 2887 nec
560 2837 776 2898 tacitas,·
830 2842 980 2891 Voss,
1005 2845 1054 2890 2.
1079 2841 1273 2890 omittit
1296 2853 1371 2890 ue.
1440 2840 1547 2890 Pro
1570 2843 1776 2890 demtum
1799 2840 2045 2890 Heinsius
2069 2841 2201 2903 conj·
2220 2841 2477 2888 ademtam.
2530 2837 2675 2884 Voss.

466 2903 515 2952 2.
530 2905 774 2953 extimans
809 2919 904 2967 pro
923 2905 1218 2956 existimans.
1221 2910 1354 2955 -19
1389 2905 1507 2955 Pal.
1533 2907 1673 2955 Dan.
1708 2905 1848 2954 Pith.
1887 2906 2011 2954 Put.
2045 2905 2237 2954 Fauch.
2273 2911 2328 2953 et
2365 2904 2487 2952 edd.
2526 2905 2675 2950 nosset

467 2967 730 3030 spiritum5
767 2970 997 3019 Florent.
1017 2972 1166 3019 Leid.
1189 2972 1341 3020 Voss.
1364 2975 1408 3020 1.
1435 2974 1485 3019 2.
1499 2977 1564 3020 et
1595 2972 1764 3033 Bong.
1795 2974 1839 3018 1.
1873 2976 2028 3019 nosset
2050 2969 2270 3031 spiritus,
2299 2967 2438 3031 quod
2480 2967 2676 3027 recepit

469 3032 792 3083 Schmieder.
859 3034 981 3083 Ald.
1004 3035 1173 3084 Colin.
1196 3035 1403 3100 Gryph.
1440 3035 1578 3084 Mer
1601 3035 1716 3085 Coi·
1750 3040 1804 3084 et
1837 3035 1959 3083 Bas.
1981 3033 2212 3091 arbitrio,·
2279 3034 2512 3082 Floreut.
2536 3029 2673 3079 Leid.

468 3093 623 3146 Voss.
641 3102 684 3145 1.
708 3102 757 3146 2.
797 3099 914 3148 Pal.
936 3100 1074 3147 Dan.
1098 3099 1291 3150 Fauen.
1329 3099 1475 3150 Pith.
1498 3099 1623 3148 Put.
1649 3101 1815 3162 Bong
1834 3104 1880 3148 1.
1901 3103 1950 3149 2.
1986 3098 2158 3147 Amat·
2182 3105 2236 3146 et
2253 3099 2329 3146 Lu
2369 3095 2421 3145 d.
2443 3095 2674 3151 arbitrtu

469 3160 643 3226 vulgg.
665 3171 789 3212 ante
811 3163 1046 3215 Freinsh.
1066 3163 1337 3214 arbitrium
1405 3163 1558 3214 Leid.
1580 3172 1635 3214 et
1656 3165 1807 3214 Voss·
1830 3170 1875 3214 1.
1898 3164 2297 3215 consumme—20
2382 3164 2449 3210 ai.
2484 3165 2531 3210 1
2563 3165 2676 3209 uto.

1461 3305 1679 3364 ’ΝΟΤΙΕ

529 3411 554 3446 *¹
589 3411 741 3462 Haud
758 3412 956 3476 amplius
984 3410 1165 3474 CCC.]
1203 3409 1365 3460 Addit
1387 3411 1535 3475 qnin-
1616 3425 1742 3460 nere
1766 3416 2097 3475 potestatem.
2162 3408 2337 3459 Hodie
2371 3407 2568 3472 Sparta
2601 3423 2676 3457 vo-

468 3493 653 3553 gentos
697 3490 995 3549 Diodorum
1044 3501 1109 3536 ex
1145 3500 1246 3553 quo
1286 3485 1536 3536 verisimi-
1618 3496 1769 3538 catur
1804 3487 2076 3546 Misithru5
2109 3488 2254 3550 regio
2291 3487 2404 3549 ipsa
2444 3501 2673 3548 magnam

466 3563 566 3614 lius
607 3570 686 3613 est
727 3578 949 3628 peccare
974 3562 1142 3614 Curtii
1178 3562 1408 3624 codices„
1446 3561 1534 3611 ubi
1618 3571 1821 3627 partem
1856 3563 2037 3612 Brasso
2060 3564 2113 3612 di
2137 3563 2343 3620 Maium
2379 3562 2524 3625 cnjus
2549 3561 2676 3610 inco·

466 3639 711 3702 leguntur
737 3640 897 3688 solum
926 3640 1061 3700 Clo.
1085 3644 1174 3686 aut
1202 3635 1354 3687 CCC.
1617 3642 1681 3690 1ae
1719 3641 1954 3691 Maniotoe
1988 3641 2085 3690 soli
2125 3639 2195 3689 ab
2239 3640 2526 3689 Turcorum
2573 3652 2674 3687 sese

535 3720 557 3745 ⁰
589 3715 838 3777 Spar-tum]
892 3716 1014 3764 Nou
1039 3710 1112 3763 ita
1150 3712 1309 3775 fregit
1342 3720 1535 3770 tamen,
1616 3717 1835 3780 imperio
1851 3717 2362 3766 hactenusimmunes
2378 3714 2676 3763 tutatiaunt.

467 3795 528 3838 ut
550 3790 917 3852 Spartanorum
951 3790 1267 3853 Respublica
1302 3803 1539 3853 regnum·
1681 3792 1700 3827 ¹
1732 3794 2020 3855 Concilium]
2071 3792 2511 3855 Amphictyonum
2536 3804 2674 3840 voca·

470 3878 573 3928 que
613 3865 924 3929 aliquamdiu
960 3881 1062 3915 non
1104 3867 1330 3915 steterit.
1399 3867 1534 3932 Reg-
1615 3871 1769 3921 batur
1813 3870 1901 3919 ine
1942 3876 2224 3918 conventus
2272 3868 2563 3928 legatorum
2614 3880 2672 3914 ex

470 3946 650 3988 natum
684 3943 816 3990 enim
852 3951 935 3992 est
972 3943 1347 3992 Lacedaemone
1374 3957 1535 4006 usque
1615 3948 1925 4012 praecipuis
1914 3955 2113 4010 <eptem
2136 3943 2545 4008 civitatibus,de
2560 3943 2674 4006 pub-

472 4015 539 4078 ad
574 4017 926 4081 Agesipolim:
968 4035 1069 4085 quo
1093 4020 1325 4084 apiratis
1361 4019 1555 4069 occiso
1615 4025 1730 4073 licis
1770 4024 1990 4073 Graecioe
2046 4022 2202 4070 rebus
2261 4018 2671 4068 deliberantium.

473 4108 591 4143 cum
623 4095 838 4143 Romam
875 4103 1104 4161 peteret,
1126 4113 1155 4147 a
1178 4100 1410 4162 tyrannis
1444 4099 1536 4147 aii·
1614 4101 1702 4150 Sic
1728 4100 1980 4163 appellati
2002 4104 2123 4147 sunt
2160 4094 2225 4145 ab
2265 4110 2329 4144 eo
2371 4097 2457 4159 qui
2490 4097 2667 4159 primus

474 4172 720 4235 quamdiu
772 4177 949 4225 vexati
1000 4185 1136 4238 suut,
1202 4179 1535 4243 externisque
1613 4178 1712 4224 hoc
1751 4176 1998 4240 instituit,
2050 4172 2435 4237 Amphictyoue
2490 4171 2667 4223 Heleni

473 4247 709 4300 hostibus
729 4265 744 4312 ς
770 4251 984 4303 demum
1006 4254 1058 4302 in
1079 4254 1426 4307 Romanorum
1446 4268 1535 4305 ve·
1614 4253 1737 4305 filio.
