2978 4933
456 389 590 458 292

457 552 693 639 pedeS,
720 549 908 616 velut
940 549 1197 615 divisus
1242 550 1322 613 in.
1349 555 1655 625 cornua:
1699 545 2160 613 circumdatob
2207 545 2536 630 equitatu,
2566 546 2666 610 le-

459 657 637 723 vatis
685 661 908 740 superc
937 654 1167 737 capita
1214 653 1442 730 armis,
1491 650 1678 715 haud
1739 670 1917 734 aegre
1972 650 2063 714 ad
2110 651 2332 733 ipsum
2387 649 2665 715 alveum

456 765 784 846 penetrat.
873 759 977 823 18.
1023 758 1292 823 Primus
1339 758 1511 821 inter
1539 754 1800 839 pedites
1829 773 1950 818 rex
1981 772 2288 837 egressus
2319 753 2388 816 in
2419 754 2666 837 ripam,

458 862 708 928 vadum
740 859 1062 925 militibus
1107 879 1333 937 manu,
1362 857 1636 942 quando
1683 876 1824 923 vox
1856 856 2166 922 exaudiri
2208 874 2345 920 non
2372 863 2665 939 poterat,

463 964 781 1031 ostendit:
841 962 971 1027 ‚sed
1032 962 1313 1046 gradum
1372 960 1636 1026 firmare
1699 961 1817 1024 vix
1872 967 2201 1045 poterant,
2251 978 2402 1023 cum
2459 960 2670 1024 modo

461 1087 636 1133 saxa
662 1068 918 1132 lubrica
945 1067 1303 1151 vestigium
1335 1064 1688 1144 fallerent,'‘
1718 1064 1922 1129 modo
1968 1063 2266 1147 rapidior
2293 1061 2477 1128 unda
2508 1064 2669 1127 sub-

462 1170 756 1237 duceret.
844 1171 951 1236 19.
998 1170 1400 1254 Praecipuus
1458 1176 1609 1233 erat
1656 1169 1853 1233 labor
1898 1187 2147 1245 eorum,
2193 1167 2309 1250 qui
2369 1167 2667 1232 humeris

460 1293 665 1342 onera
694 1274 1095 1357 portabant:
1130 1274 1384 1358 quippe
1415 1292 1570 1337 cum
1617 1272 2024 1357 semetipsos
2069 1290 2296 1355 regere
2334 1290 2470 1335 non
2504 1290 2671 1354 pos·
2742 1337 2743 1342 ,

463 1383 635 1456 sent,
672 1377 739 1441 in
782 1375 1051 1462 rapidos
1089 1376 1380 1459 gurgites
1436 1376 1862 1441 incommodo
1915 1395 2114 1440 onere
2159 1371 2669 1440 auferebanturz

457 1487 525 1546 et
563 1479 719 1544 dum
763 1497 889 1543 sua
939 1479 1221 1565 quisque
1267 1480 1489 1563 spolia
1535 1479 1857 1563 consequi
1904 1479 2155 1556 studet,
2219 1478 2432 1562 major
2489 1479 2670 1544 inter

459 1582 907 1666 ipsos„quam
957 1601 1110 1647 cum
1141 1601 1332 1647 amne
1362 1589 1512 1647 orta
1538 1583 1819 1648 luctatio
1851 1589 2001 1649 est:
2042 1584 2424 1667 cumulique
2455 1584 2672 1647 sarci·

459 1705 689 1750 narum
721 1684 977 1770 passim
1010 1684 1353 1751 fluitantes
1389 1685 1748 1771 plerosque
1796 1681 2263 1770 perculerant.‘¹
2348 1686 2457 1750 20.
2503 1685 2669 1751 Rex

461 1808 751 1868 monere,
780 1793 801 1823 ‘
832 1795 903 1854 ut
930 1790 1101 1854 satis
1127 1789 1469 1868 haberent,
1503 1809 1688 1854 arma
1718 1791 2040 1870 retinere;
2087 1797 2310 1855 cetera
2341 1806 2414 1852 se
2444 1790 2669 1854 reddi-

462 1890 729 1957 turum.'
844 1891 980 1958 Sed
1038 1912 1251 1976 neque
1312 1893 1701 1970 consilium,
1760 1912 1972 1977 neque
2031 1893 2381 1976 imperium
2440 1894 2666 1977 accipi

465 2001 771 2083 poterat:
817 1996 1253 2079 obstrepebat
1297 1997 1451 2061 hinc
1508 2004 1768 2078 metus;
1813 2004 2058 2081 praeter
2108 1997 2325 2062 hunc⁶
2378 1997 2669 2063 invicem

922 407 989 467 Q.
1036 402 1300 454 cmt'm
1350 403 1536 453 num
1586 402 1732 452 ms.
1779 403 1880 451 ιν.
1927 403 2092 453 οΑΡ.
2134 388 2199 453 9.

526 2179 550 2214 '⁴
584 2182 682 2231 Sed
690 2181 839 2246 firmo
854 2196 1025 2243 gressu
1045 2181 1138 2230 niti
1159 2196 1287 2243 oegre
1304 2188 1544 2245 poterant,
1566 2185 1689 2247 quod
1710 2197 1834 2231 nunc
1850 2197 1969 2231 saxu
1991 2182 2114 2232 levia
2136 2181 2447 2234 subducerent
2466 2199 2516 2234 se
2534 2179 2667 2246 pedi-

465 2244 570 2309 bus,
588 2262 711 2297 nunc
732 2246 982 2296 violentior
997 2262 1119 2310 aqua
1138 2248 1242 2295 illos
1262 2247 1528 2298 disturbare
1555 2282 1568 2298 .
2524 2276 2529 2281 ·

1378 2378 1738 2399 OOOOOOOOOOOO

469 2476 635 2540 Tigris
655 2492 839 2527 nomen.
897 2477 1010 2530 Col.
1034 2479 1116 2542 qui
1138 2479 1205 2528 P.
1228 2478 1407 2540 lingua.
1461 2476 1609 2527 Leid.
1647 2485 1701 2527 et
1736 2479 1889 2529 Voss.
1915 2485 1958 2528 l·
2004 2479 2333 2545 Tygrin.-18
2366 2474 2521 2530 Voss.
2547 2482 2595 2529 2.
2616 2480 2668 2529 in

463 2544 724 2606 ’φέρω-19
758 2542 904 2594 Leid.
937 2549 994 2593 et
1030 2543 1182 2593 Voss.
1218 2549 1263 2593 1.
1303 2545 1477 2592 honora
1513 2543 1783 2606 portabant.
1857 2545 2025 2610 Bong.
2053 2551 2099 2596 1.
2138 2547 2190 2594 in
2225 2547 2393 2609 rapido
2433 2545 2665 2606 gurgitis.

463 2607 635 2672 Bong.
656 2611 707 2659 2.
729 2607 1014 2659 incommodo
1051 2624 1204 2672 onere,
1238 2609 1330 2658 sed
1368 2609 1625 2672 superseri
1669 2616 1776 2658 tum
1800 2625 1848 2671 α,
1876 2619 1933 2660 ut
1956 2620 2096 2661 esset
2119 2626 2278 2660 υηεω.
2345 2610 2476 2659 Mox
2501 2611 2665 2673 Bong.

462 2674 696 2724 Florent.
735 2673 883 2724 Leid.
924 2683 979 2731 et
1013 2676 1161 2724 Voss.
1187 2680 1232 2725 1.
1252 2689 1358 2724 cum
1378 2674 1528 2723 amni.
1647 2689 1747 2726 oss.
1775 2681 1823 2725 1.
1864 2677 2005 2727 horta
2027 2678 2060 2726 l.
2085 2681 2154 2725 est
2170 2693 2189 2735 ,-
2239 2675 2386 2725 VosS.
2409 2678 2459 2725 2.
2499 2683 2667 2724 exorta

463 2744 537 2788 est
557 2740 770 2790 luctatio.
839 2738 955 2790 Pal.
977 2745 1026 2791 1.
1046 2741 1221 2790 cumuli
1242 2740 1555 2804 sarcinarum,
1578 2740 1768 2790 omisso
1790 2756 1896 2805 que.
1952 2742 2105 2790 Voss.
2130 2746 2179 2791 2.
2197 2743 2442 2806 plerosque
2458 2744 2666 2804 pertule-

462 2809 725 2859 rant—20
759 2804 901 2855 Pitb.
936 2821 1071 2856 ama
1089 2807 1294 2855 retinere
1316 2810 1522 2856 tantum.
1577 2806 1730 2855 Voss.
1759 2810 1810 2855 2.
1833 2805 2177 2870 obstrepebant.
2234 2806 2332 2856 Ed.
2372 2821 2451 2882 pr.
2479 2806 2672 2855 Venet-

463 2868 615 2919 Rom.
645 2870 764 2918 Vet.
789 2884 872 2921 an.
898 2873 1043 2921 1474.
1076 2871 1269 2921 Veron.
1292 2877 1350 2920 et
1385 2876 1610 2920 recentt.
1647 2871 1918 2921 natantium
1934 2887 1954 2929 ,·
2010 2872 2148 2921 Mer.
2180 2876 2466 2921 mutantium
2481 2886 2503 2930 ,·
2559 2872 2670 2920 Elz.

460 2932 730 2982 natantium
742 2950 761 2992 ,-
811 2936 950 2984 Dan.
980 2935 1096 2984 Pal.
1121 2941 1168 2985 1.
1202 2935 1369 2998 Βοῦς.
1404 2936 1634 2985 Floreat.
1671 2935 1818 2986 Leid.
1841 2945 1895 2986 et
1920 2937 2074 2987 Voss.
2096 2942 2143 2987 1.
2181 2937 2473 2996 vincentiani,
2509 2937 2667 3000 quod,

460 2997 858 3061 snakenburgio
890 2998 1161 3060 suadente,
1199 3000 1403 3069 recepit
1433 2999 1752 3053 Schmieder.
1802 3001 2186 3052 Freinshemius
2220 3002 2359 3064 conj.
2378 3004 2667 3062 vocamina»,

1456 3131 1504 3180 N
1513 3130 1671 3182 01·AE

525 3235 549 3261 ⁸
572 3228 635 3277 In
656 3228 857 3292 cornua]
883 3229 1052 3279 Cornu
1074 3227 1196 3295 qnid
1214 3230 1283 3280 sit
1299 3230 1351 3280 in
1372 3245 1519 3282 exer-

463 3304 571 3356 citu
593 3301 813 3356 diximus
835 3306 926 3358 lib.
950 3321 1036 3357 111.
1060 3321 1175 3370 cap.
1200 3311 1246 3357 1.

524 3381 547 3415 b
584 3383 910 3447 circumdato]
963 3383 1011 3433 A
1050 3385 1257 3435 sinistra
1291 3382 1520 3450 quidem,

457 3466 518 3509 ut
550 3459 722 3511 fracta
759 3475 1002 3525 equorum
1040 3462 1246 3525 objectu
1267 3461 1520 3526 rapiditas

456 3533 599 3586 fluvii
636 3536 918 3588 faciliorem
953 3539 1214 3602 peditibus
1248 3539 1520 3591 transitum

459 3613 742 3675 praeberet.
811 3614 859 3664 A
892 3615 1081 3666 dextra
1111 3616 1351 3679 fortasse,
1384 3626 1444 3667 nt
1476 3619 1519 3668 si

458 3702 584 3752 quos
620 3686 835 3741 istorum
869 3692 945 3741 vis
977 3691 1201 3743 fluminis
1234 3693 1517 3756 abriperet,

455 3765 522 3814 ab
538 3767 771 3830 equitatu
794 3767 1185 3832 exciperentur,
1203 3784 1263 3819 ac
1281 3769 1519 3819 subleva·-

458 3851 658 3907 rentur,
693 3845 831 3908 quod
854 3861 883 3894 a
905 3860 961 3895 se
979 3846 1176 3897 factum
1197 3849 1251 3897 in
1268 3862 1323 3896 re
1347 3848 1520 3913 simili,

457 3932 577 3968 eum
599 3920 809 3970 Iberum
838 3937 1037 3974 amnem
1072 3926 1362 3989 trajiceret,
1391 3926 1520 3976 seri-

429 4046 432 4047 γ
457 3994 537 4045 bit
560 3997 668 4060 ipse
694 3998 752 4047 C.
774 3999 950 4050 Caesar
971 4000 1037 4051 de
1059 4002 1212 4052 Bello
1236 4003 1350 4054 Civ,
1369 4003 1457 4055 lib.
1477 4017 1517 4054 1.

455 4071 617 4122 Plura
640 4079 760 4122 sunt
778 4075 891 4138 ejus
916 4078 1116 4140 generis
1140 4080 1395 4143 exempla.

519 4155 541 4182 ⁶
563 4148 758 4199 Levatis
774 4153 935 4216 super]
962 4154 1120 4218 Atqui
1144 4155 1407 4206 Diodorus
1422 4156 1516 4207 lib.

457 4238 600 4277 xvn.
630 4224 984 4279 Alexandrum
1003 4229 1094 4295 ait,
1105 4239 1163 4281 ut
1179 4233 1518 4284 vehementiae

458 4300 705 4355 undarum
728 4304 1023 4371 obsisteret,
1052 4307 1068 4336 ‘
1087 4321 1267 4359 manus
1299 4310 1438 4360 inter
1460 4326 1518 4361 se

1600 3239 1747 3282 arcte
1770 3247 2061 3297 conserere,
2091 3238 2360 3297 totamque
2391 3246 2668 3296 corporum

1599 3309 1788 3358 molem
1810 3309 1972 3360 veluti
1985 3309 2117 3374 jugo
2142 3323 2431 3358 connexam
2448 3307 2670 3359 babere'

1600 3384 1790 3435 milites
1819 3384 2059 3449 jussisse.
2125 3384 2281 3438 Quod
2316 3399 2442 3434 sane
2479 3385 2669 3435 levatis

1600 3475 1754 3527 super
1769 3465 1942 3526 capita
1956 3463 2130 3525 armis,
2141 3468 2232 3512 aut
2242 3460 2477 3524 sarcinis,
2490 3460 2670 3512 facere

1603 3554 1704 3590 non
1740 3547 2007 3606 poterant,
2029 3540 2129 3590 nisi
2163 3538 2302 3590 forte
2325 3538 2388 3589 ad
2413 3553 2669 3589 summum

1600 3617 1723 3668 bini.

1665 3694 1688 3730 ἅ
1711 3694 2048 3759 Pereulerant]
2071 3693 2289 3746 Amissae
2313 3693 2389 3743 rei
2413 3692 2594 3742 dolore
2613 3697 2669 3741 et

1599 3773 1971 3836 recuperandas
1990 3771 2264 3822 desiderio.
2285 3768 2470 3821 Malim
2491 3779 2667 3827 tamen

1600 3849 1815 3911 proprie
1848 3863 2070 3912 sumere,
2104 3856 2163 3898 ut
2199 3834 2507 3911 perculerant'
2526 3846 2665 3897 idem

1600 3925 1668 3974 sit
1690 3939 1751 3976 ac
1774 3925 2116 3976 ‘incurrendo
2139 3924 2571 3989 prostraverant.’

1663 4009 1685 4034 e
1723 4003 1911 4054 Proeter
1932 4004 2084 4068 hunc}
2113 4002 2308 4067 Aptior
2329 4001 2494 4053 videri
2517 4009 2662 4067 pote-

1599 4085 1678 4130 rat
1707 4079 1936 4130 Acidalii
1969 4081 2146 4143 lectio,
2168 4086 2433 4144 expuncto
2466 4086 2658 4144 proeter,

1598 4158 1671 4207 sic
1710 4157 2071 4208 restituentis:
2113 4157 2224 4206 hinc
2257 4161 2426 4218 metus,
2457 4157 2567 4206 hinc
2587 4159 2657 4206 in-

1596 4234 1759 4292 vicem,
1790 4237 1872 4298 ᾅο.
1940 4234 2040 4284 Sed
2067 4233 2448 4283 Freinshemius
2480 4233 2656 4297 vulga·

1600 4318 1705 4362 tam
1741 4312 1956 4363 retineri
1997 4325 2148 4376 posse
2188 4310 2410 4368 censuit,
2449 4310 2551 4361 etsi
2593 4310 2654 4359 ab
