2978 4933
741 436 996 486 survi..
1046 433 1126 483 IN
1177 434 1247 494 Q.
1297 426 1645 480 conruunt
1702 429 1841 477 ms.
1891 414 1970 477 rr.
2319 409 2447 476 137

240 581 739 646 intercesserant;
785 597 917 637 cum
958 574 1321 647 Alexander,
1359 574 1593 653 objecta
1620 574 1726 651 spe
1764 570 2183 650 Myndensium
2220 566 2450 650 ‘oppido

241 688 352 756 per
377 675 769 754 proditionem
818 670 1136 752 potiundi,b
1164 685 1337 730 nocte
1389 669 1743 749 intempesta
1788 687 1923 727 cum
1953 678 2119 747 parte
2148 669 2448 746 copiarum

239 770 658 851 proficiscitur.
743 770 862 829 Sed
894 768 1036 827 nihil
1059 787 1358 846 quoquam
1388 777 1682 838 movente,
1707 765 1947 824 admota
1970 766 2134 843 gravi
2155 775 2452 825 armatura.

241 878 477 928 murum
511 866 727 928 suffodi
769 867 1062 946 imperat:
1103 885 1297 943 neque
1340 863 1495 923 enim
1527 865 1720 924 scalas
1773 873 1877 923 aut
1902 862 2207 921 machinas
2236 862 2450 921 attule-

240 976 358 1037 rat,
387 986 524 1024 cum
552 964 942 1046 oppugnandi
987 945 1237 1024 consilio
1280 963 1481 1021 urbem
1532 982 1649 1022 non
1693 962 2065 1024 accessisset.
2150 963 2212 1020 4.
2258 958 2334 1019 Et
2360 957 2447 1018 illi

241 1062 509 1141 quidem,
559 1083 676 1122 una
722 1062 967 1121 turrium
1011 1060 1262 1139 dejecta,
1308 1059 1452 1119 nihil
1509 1071 1703 1120 tamen
1755 1066 2109 1142 aperuerunt
2149 1056 2286 1129 loci,
2327 1075 2450 1134 quo

240 1160 404 1220 intra
458 1169 945 1239 perrumperent:
990 1176 1125 1216 nam
1177 1159 1332 1217 forte
1380 1158 1464 1216 ita
1518 1158 1856 1236 prociderat
1910 1156 2104 1228 turris,
2154 1168 2223 1215 ut
2270 1173 2451 1233 quam

245 1276 548 1317 murorum
595 1268 822 1336 partem
865 1268 1030 1316 stans
1080 1265 1436 1335 protexerat,
1479 1273 1599 1313 non
1645 1256 1838 1315 minus
1881 1254 2048 1315 ruina
2092 1252 2343 1331 sepiret3
2390 1254 2449 1311 5.

244 1354 528 1432 civesque
573 1373 805 1413 summa
832 1372 944 1433 ope
974 1352 1363 1412 resistebatur
1406 1362 1466 1411 et
1494 1353 1571 1411 ab
1613 1349 2243 1412 Halicarnassensibus
2283 1348 2454 1428 adju-

250 1451 560 1522 vabantur,
591 1468 770 1528 quoS,
815 1449 1019 1509 audito
1050 1449 1257 1509 vicinae
1300 1447 1553 1508 civitatis
1596 1450 1881 1530 periculo,
1911 1447 2198 1508 maritimo
2246 1446 2454 1506 itinere

250 1547 994 1606 Memmonsummiserat.
1080 1547 1170 1606 Ita
1215 1554 1466 1606 conatus
1502 1546 1915 1607 Macedonum
1940 1547 2134 1606 irritus
2179 1543 2308 1603 fuit.
2392 1544 2449 1602 6.

251 1644 616 1715 Alexander,
645 1642 724 1702 ad
751 1642 1120 1703 obsidionem
1151 1643 1558 1703 Halicarnassi
1591 1663 1882 1718 reversus,
1912 1654 2049 1704 ante
2092 1642 2289 1702 omnia
2329 1638 2451 1700 fos-

253 1757 380 1802 sam
409 1740 656 1820 triginta
682 1741 930 1800 maxime
958 1741 1188 1801 cubitos
1216 1740 1417 1813 latam,
1448 1742 1627 1801 altam
1655 1742 2014 1821 quindecim,
2042 1759 2220 1820 quam
2250 1738 2454 1799 hostes

251 1858 362 1919 pro
403 1840 547 1898 urbe
597 1837 909 1908 duxerant,
958 1838 1321 1918 expleturus,
1363 1855 1483 1898 tres
1533 1839 1863 1899 testudines
1905 1844 2197 1919 apparat,e
2235 1835 2451 1916 quibus

254 1947 557 2017 protectus
606 1935 775 1994 miles
833 1935 1135 1995 materiam
1180 1943 1517 2014 terramque
1564 1934 1693 1995 sine
1741 1955 1899 1995 noxa
1947 1944 2310 2014 congereret.
2394 1934 2452 1989 7.

256 2034 516 2111 AEquata
553 2033 737 2103 fossa,
768 2040 786 2066 ‘
812 2044 999 2092 turres
1044 2032 1489 2111 machinasque,
1519 2034 1733 2111 quibus
1766 2034 1916 2093 muri
1957 2041 2318 2100 sternuntur,
2349 2028 2457 2087 ad-

255 2128 518 2190 moveri''
536 2130 741 2209 jussit.
823 2131 1077 2209 Jamque
1119 2138 1303 2190 strata
1338 2130 1685 2189 moeniorum
1715 2141 1900 2211 parte,
1930 2148 2049 2208 qua
2092 2128 2278 2187 ruinae
2306 2126 2459 2185 viam

258 2227 622 2305 aperiebant,
664 2226 724 2284 in
774 2228 977 2286 urbem
1023 2237 1336 2306 penetrare
1387 2227 1762 2294 nitebantur}
1809 2226 1915 2286 sed
1957 2227 2185 2295 hostes,
2214 2243 2348 2283 cum
2381 2222 2457 2280 ob

223 2337 227 2343 ·
257 2321 694 2382 multitudinem
723 2323 933 2403 integri
989 2321 1240 2383 subinde
1269 2323 1444 2384 fessis
1489 2323 1896 2396 succederent,
1924 2323 2261 2401 ducumque
2306 2337 2458 2398 prae-

259 2420 451 2481 sentia
505 2418 583 2480 ad
630 2421 828 2481 omnia
875 2421 1152 2484 audenda
1196 2423 1701 2497 confirmarentur,
1744 2433 1981 2484 strenue
2030 2420 2460 2501 repugnabant.

263 2520 321 2578 8.
366 2518 526 2576 Luce
547 2538 652 2596 per
668 2518 831 2578 varia
857 2521 1177 2581 certamina
1198 2533 1532 2594 consumta,
1555 2543 1690 2583 cum
1720 2522 1931 2582 diurno
1954 2520 2153 2580 labore
2176 2520 2458 2597 fatigatos

260 2614 466 2674 hostes
499 2615 779 2674 Memnon
809 2617 1054 2696 segnius
1076 2618 1380 2678 custodias
1403 2638 1578 2697 agere
1600 2619 1885 2689 crederet,
1908 2637 2041 2676 cum
2064 2614 2261 2674 valida
2280 2633 2461 2673 manu

260 2711 590 2790 prorumpit
616 2712 855 2793 oppido,
888 2715 1200 2794 ignemque
1251 2715 1524 2794 operibus
1571 2713 1778 2793 injicit.
1866 2712 1985 2773 Sed
2030 2710 2460 2771 Macedonibus

265 2808 340 2867 ad
370 2808 704 2868 incendium
726 2812 1231 2885 concurrentibus,
1259 2832 1393 2872 cum
1420 2813 1483 2871 hi
1511 2813 1854 2890 extinguere
1881 2810 2148 2870 flammas
2178 2826 2465 2867 conaren-

263 2915 377 2977 tur,
405 2906 491 2965 illi
533 2918 837 2986 augerent,
867 2921 927 2968 et
968 2903 1412 2988 prohibentibus
1441 2910 1559 2968 vim
1610 2911 1987 2981 intentarent,
2017 2926 2151 2967 acre
2198 2903 2465 2985 praelium

270 3014 538 3063 coortum
568 3016 699 3064 est:
745 3006 805 3064 9.
836 3005 1055 3085 quippe
1087 3005 1471 3080 MacedoneS,
1495 3007 1702 3066 robore
1729 3005 2052 3066 virtutis'et
2077 3000 2461 3063 assuetudine

267 3101 659 3180 periculorum
688 3101 867 3182 longe
893 3113 1246 3183 proestantes
1289 3104 1584 3176 hostibus,
1612 3123 1857 3164 numero
1887 3112 2290 3182 apparatuque
2319 3099 2463 3159 Per-

267 3216 466 3257 sarum
525 3199 916 3278 urgebantur:
981 3209 1043 3259 et
1085 3199 1225 3279 quia
1272 3199 1435 3260 haud
1489 3200 1698 3279 procul
1755 3198 1933 3258 muris
1984 3216 2076 3256 res
2134 3195 2465 3275 gerebatur,

268 3294 520 3355 ballistis
549 3296 984 3375 catapultisque
1014 3317 1117 3377 per
1145 3298 1359 3357 moenia
1388 3296 1692 3377 dispositis
1720 3296 1950 3355 eminus
1979 3289 2469 3371 impetiti,·inulta

269 3392 515 3451 vulnera
552 3392 944 3471 accipiebant.
1031 3395 1125 3452 10.
1170 3395 1357 3452 Atrox
1385 3394 1539 3454 inter
1567 3393 1699 3454 haec
1738 3392 2032 3470 utrimque
2062 3388 2304 3459 clamor,
2333 3386 2469 3446 hor·

271 3489 518 3548 tantiam
564 3508 729 3559 suos,
774 3489 1195 3569 increpantium
1242 3489 1548 3561 adversos,
1589 3502 1714 3549 tum
1762 3486 2093 3547 sauciorum
2124 3495 2184 3545 et
2212 3482 2468 3543 morien-

273 3585 411 3645 tium
441 3586 714 3665 gemitus,
742 3586 893 3646 inter
919 3599 1237 3648 nocturnas
1277 3589 1551 3648 tenebras
1599 3585 1798 3646 omnia
1842 3594 2061 3645 terrore
2091 3580 2467 3658 tumultuque

277 3682 696 3762 impleverant:
741 3685 1109 3761 augebantur
1150 3683 1280 3743 haec
1320 3684 1566 3744 vocibus
1611 3692 1823 3743 ceterae
1870 3677 2280 3748 multitudini3‚
2309 3696 2469 3755 quae,

276 3779 414 3840 dum
461 3779 561 3839 alii
615 3790 905 3860 pugnant,
949 3781 1109 3861 operi
1150 3783 1397 3854 intenta,
1442 3781 1644 3850 muris,
1695 3774 1796 3858 qui
1842 3775 2016 3857 pulsu
2067 3773 2468 3833 machinarum

279 3886 634 3947 corruerant,
682 3876 1025 3955 reparandis
1073 3880 1495 3957 occupabatur.
1585 3878 1680 3936 ll.
1720 3873 1987 3934 Tandem
2031 3871 2222 3931 acrius
2270 3872 2467 3932 annisi

285 3971 642 4032 Macedones
671 3972 903 4032 hostem
946 3972 1099 4033 intra
1141 3974 1355 4034 moenia
1404 3972 1782 4052 redegerunt,
1810 3981 2049 4030 centum
2094 3968 2473 4047 septuaginta

287 4066 624 4140 interfectis,
653 4068 801 4129 inter
830 4088 981 4147 quos
1010 4078 1071 4130 et
1098 4068 1568 4151 NeoptolemuS,‘¹
1596 4068 1697 4150 qui
1739 4089 1873 4129 cum
1903 4070 2165 4148 Amynta
2191 4067 2367 4127 fratre
2393 4066 2471 4126 ad

351 4240 373 4273 b
404 4241 609 4293 Arrian.
634 4243 670 4292 Ι.
695 4243 730 4293 l.
1480 4243 1506 4277 ὁ
1540 4241 1748 4296 Arrian.
1771 4244 1805 4295 Ι.
1830 4244 1863 4295 1.
1902 4241 2056 4293 Diod.
2081 4240 2441 4302 xv11.p.575.

352 4323 372 4349 0
403 4317 554 4369 Diod.
581 4319 612 4368 Ι.
640 4319 674 4369 Ι.
696 4318 1076 4371 Vitruv.x.20.
1094 4326 1151 4370 et
1172 4323 1255 4369 21.
