2978 4933
514 347 646 412 176
966 366 1034 425 Q·
1082 346 1342 412 dua‘rn
1393 352 1574 411 nuri
1625 361 1771 410 mn.
1823 363 1938 414 ιιι.
1984 342 2144 416 ezir.
2187 348 2253 414 5.

515 508 668 572 sui⁴
708 508 1180 591 querebantur:
1252 509 1318 573 9.
1391 498 1568 571 Inter
1617 496 1765 573 h'aec
1816 493 2093 573 liberius
2137 500 2354 572 meare
2412 507 2693 590 spiritus

514 608 819 693 coeperat
839 608 881 675 ὲ·
910 606 1243 675 allevabat
1267 628 1385 674 rex
1414 609 1677 686 oculos,
1697 614 1766 674 et
1790 610 2112 693 paulatim
2139 610 2457 674 redeunte
2473 608 2695 673 animo

516 712 1019 777 circumstantes
1050 714 1308 776 amicos
1355 703 1745 794 agnoverat:
1801 711 2164 795 laxataque
2206 712 2309 776 vis
2354 711 2579 776 morbi
2609 711 2696 776 ob

514 812 648 878 hoc
691 814 906 878 solum
962 813 1329 891 videbatur,
1376 812 1539 897 quia
1587 813 2100 896 magnitudinem
2141 813 2304 876 mali
2345 813 2699 877 sentiebat.

515 913 623 979 10.
667 912 980 979 Animum
1037 921 1258 980 autem
1302 906 1624 996 aegritudo
1694 915 1993 997 corporis
2046 912 2324 997 urgebat
2342 914 2412 994 ς]
2444 916 2701 999 quippe

517 1021 538 1051 ‘
556 1016 839 1081 Darium
862 1016 1090 1099 quinto
1112 1016 1220 1080 die
1240 1017 1308 1079 in
1328 1012 1659 1081 Ciliciamf
1673 1016 1815 1081 sore
1832 1014 1851 1041 ’
1880 1018 2340 1094 nunciabatur,
2364 1016 2701 1080 ‘vinetum

514 1136 671 1200 ergo
698 1138 774 1181 se
800 1116 992 1190 tradi,
1018 1126 1088 1182 et
1115 1125 1363 1183 tautam
1390 1119 1738 1184 victoriam
1775 1119 1943 1203 eripi
1984 1118 2116 1182 sibi
2146 1138 2199 1183 e·
2215 1119 2551 1193 manibus,
2585 1120 2702 1183 ob-

516 1238 848 1303 scuraque
875 1226 946 1284 et
985 1219 1263 1302 ignobili
1296 1226 1508 1285 morte
1540 1221 1608 1284 in
1637 1221 2061 1286 tabernaculo
2103 1240 2225 1295 suo
2251 1221 2567 1302 extingui
2596 1240 2669 1284 se
2692 1218 2710 1244 ’

442 1351 456 1373 ι
513 1323 938 1405 querebatur.
1023 1323 1127 1388 ll.
1172 1323 1647 1405 Admissisque
1703 1323 1938 1387 amicis
1978 1324 2224 1406 pariter
2277 1327 2343 1385 et
2389 1321 2703 1399 medicis,

516 1428 539 1457 ‘
564 1423 648 1487 In
672 1440 808 1505 quo
856 1420 1005 1500 me,’
1051 1424 1293 1507 inquit,
1333 1424 1657 1490 ‘articulo
1701 1444 1921 1489 rerum
1962 1442 2259 1489 mearum
2287 1422 2564 1488 fortuna
2593 1423 2703 1488 de·

514 1527 984 1612 prehenderit}
1025 1530 1312 1595 cernitis.
1403 1529 1764 1613 Strepitum
1814 1529 2157 1593 hostilium
2204 1544 2537 1591 armorum
2585 1547 2707 1591 ex-

516 1629 747 1694 audire
766 1631 924 1694 mihi
951 1633 1201 1709 videor,
1230 1635 1302 1695 et
1323 1631 1441 1714 qui
1464 1631 1635 1695 ultro
1655 1630 1847 1696 intuli
1863 1631 2132 1706 bellum,
2151 1629 2294 1713 jam
2318 1628 2709 1711 provocor!⁸

516 1732 624 1795 12.
669 1731 921 1796 Darius
949 1754 1106 1815 ergo
1134 1754 1288 1800 cum
1319 1741 1457 1798 tam
1504 1734 1826 1816 superbas
1868 1732 2145 1796 literasss
2190 1729 2544 1800 scriberet,
2572 1730 2709 1794 for-

516 1841 747 1898 tunam
776 1853 989 1897 meam
1019 1834 1085 1897 iu
1131 1836 1411 1900 consilio
1439 1834 1674 1899 habuit
1693 1835 1723 1898 'l
1742 1834 1761 1872 ·'
1802 1834 1922 1898 sed
1951 1832 2413 1916 nequicquam,
2443 1830 2507 1895 si
2540 1831 2708 1897 mihi

515 1933 785 2000 arbitrio
829 1953 981 2000 meo
1027 1936 1248 2000 curari
1293 1936 1475 2001 licet.
1564 1935 1672 2001 132
1717 1933 1929 1999 Lenta
1986 1932 2274 1998 remedia
2327 1938 2398 1998 et
2456 1952 2708 2016 segnes

565 2111 606 2161 ⁷⁴¹
643 2114 798 2165 obliti
812 2116 889 2166 sui
909 2118 1132 2180 ipsorum.
1387 2126 1408 2152 ⁶
1443 2117 1718 2182 Respirotio
1739 2118 1932 2169 liberior
1951 2128 2051 2167 cue
2066 2122 2293 2180 caperat.

570 2175 605 2218 s
629 2179 814 2229 Mentis
830 2181 1050 2232 anxietas
1070 2179 1164 2245 ipsi
1188 2183 1376 2245 corpori
1395 2183 1604 2231 nocebat.

574 2249 604 2283 8
636 2243 698 2291 In
720 2260 807 2306 quo
827 2260 985 2293 rerum
1004 2260 1212 2295 meorum
1230 2251 1361 2295 datu
1379 2249 1575 2295 adverso
1582 2246 1787 2305 fortuna
1805 2261 1880 2295 me
1898 2243 2215 2308 interceperit.

583 2303 609 2335 ¹¹
644 2308 749 2367 Ego
765 2310 848 2369 qui
861 2310 992 2369 prior
1009 2326 1113 2359 sum
1133 2324 1385 2370 aggressus
1400 2310 1631 2369 Durium,
1650 2325 1775 2358 nunc
1794 2310 1853 2358 ub
1873 2325 1925 2359 eo
1942 2312 2157 2360 caemar.

581 2366 599 2399 ί
629 2368 815 2419 Soc-ium
835 2377 884 2421 et
902 2372 1177 2433 adiutricem
1198 2374 1498 2423 consiliorum
1517 2373 1698 2422 habuit.

1425 2485 1789 2505 ΟΝΜΟΟΝΟΟ

518 2580 719 2645 Gryph.
743 2582 866 2652 Bas.
891 2585 1055 2650 Lugd.
1090 2586 1318 2638 Freinsh.
1342 2589 1534 2639 cellar.
1561 2589 1747 2640 Pitisc.
1771 2587 1961 2639 Scheff.
1986 2589 2176 2649 cunze,
2197 2595 2252 2638 et
2278 2583 2447 2636 Bothe
2470 2602 2482 2632 z
2515 2583 2713 2634 abrum-

511 2648 567 2718 pi
589 2648 747 2714 etiam
771 2649 970 2714 Modio‚
996 2652 1219 2712 Radero,
1241 2653 1612 2717 Freinshemio,
1632 2654 1743 2704 aliis
1766 2656 1995 2718 placuit3
2027 2653 2182 2718 idque
2206 2657 2521 2715 receperunt
2552 2650 2710 2698 Barb.

516 2717 572 2759 *ἶ
594 2713 812 2777 Rip-'9
844 2716 1009 2778 3⁰¹¹ss-
1035 2721 1081 2766 l·
1101 2732 1256 2765 meare
1274 2733 1401 2779 opem
1420 2725 1639 2783 cuperat.
1670 2720 1820 2779 Voss.
1845 2723 1894 2769 2.
1915 2718 2233 2780 onerabatque
2261 2728 2367 2764 rex.
2404 2714 2544 2763 Mer.
2573 2715 2711 2763 laxa·

517 2789 653 2837 que;
675 2777 833 2842 [aeid.
855 2780 1056 2842 lataque.
1122 2781 1258 2831 Dan.
1282 2783 1394 2830 Pal.
1419 2788 1464 2832 l.
1493 2784 1637 2833 Leid.
1659 2785 1809 2833 Voss.
1833 2787 1883 2832 1.
1907 2789 1963 2831 et
2001 2782 2178 2838 multae
2216 2779 2334 2829 edd.
2357 2784 2488 2828 vett.
2526 2780 2597 2826 ad
2629 2778 2712 2825 120⁶

514 2838 681 2896 adum,
707 2842 846 2903 quod
874 2842 1091 2905 praefert
1129 2843 1319 2895 Scheff.
1358 2847 1416 2895 ob
1447 2847 1532 2895 hoc
1551 2851 1700 2896 solum
1738 2849 1900 2898 ceteri
1924 2846 2077 2896 codd.
2113 2859 2230 2894 cum
2253 2844 2485 2893 Freinsb.
2509 2843 2723 2896 Cellar.

516 2901 704 2953 Pitisc.
737 2904 898 2955 Snak.
933 2906 1090 2956 Barb.
1129 2908 1249 2971 Bip.
1275 2908 1429 2958 Cunz.
1454 2921 1509 2959 et
1540 2913 1698 2961 Both.
1744 2920 2015 2974 utramque
2040 2909 2367 2974 particulam,
2390 2916 2442 2956 et
2467 2904 2528 2954 ob
2562 2915 2621 2955 et
2650 2906 2714 2953 ud

516 2963 693 3016 delent
731 2969 875 3016 Mod.
896 2976 953 3018 et
989 2969 1326 3021 Acmon—10
1360 2974 1525 3021 Animi
1560 2976 1727 3036 Βοῦς.
1769 2984 1825 3025 et
1863 2974 2008 3024 Leid.
2073 2975 2299 3023 Animum
2332 2972 2597 3033 egritudo.
2628 2973 2711 3033 esc.

516 3030 670 3103 codd.
696 3032 875 3083 Modii.
895 3048 1062 3096 corpus
1083 3035 1204 3084 Put.
1228 3036 1370 3084 Pith.
1397 3037 1585 3087 Faucb.
1609 3040 1777 3101 Βοῦς.
1801 3044 1847 3088 1.
1873 3044 1922 3088 2.
1961 3047 2017 3088 et
2051 3038 2197 3087 Leid.
2234 3038 2287 3085 in
2329 3035 2501 3084 Cilicia
2540 3035 2714 3096 Bong.

516 3093 667 3142 Lem.
682 3096 831 3146 Voss.
858 3102 904 3146 l.
927 3103 974 3147 2.
996 3106 1053 3146 et
1069 3097 1238 3148 Amet.
1292 3101 1419 3149 Mox
1443 3102 1611 3165 Βοῦς.
1633 3103 1781 3152 Leid.
1804 3111 1860 3152 et
1878 3105 2028 3152 Voss.
2054 3109 2099 3153 l.
2121 3116 2182 3151 ex
2201 3100 2567 3151 manibus—11
2596 3098 2710 3146 Pal.

518 3159 880 3223 10pafiterqtoe5
912 3162 1056 3212 Leid.
1080 3172 1136 3212 et
1157 3164 1307 3212 Voss.
1331 3166 1375 3214 1.
1396 3167 1576 3228 pariter
1595 3182 1667 3215 ue.
1703 3168 1867 3217 Paulo
1892 3177 2009 3231 post
2032 3166 2237 3216 Mecium
2256 3177 2493 3213 armorum
2510 3163 2566 3211 in
2593 3162 2710 3211 Pal.

518 3224 698 3273 1.-12
731 3225 948 3275 Theocr.
974 3227 1198 3290 superbus
1232 3228 1445 3278 mitteret
1472 3232 1653 3280 liter-an
1686 3232 1802 3282 Pal.
1827 3238 1872 3281 l.
1893 3247 1951 3280 ne
1985 3232 2233 3294 quicquam
2248 3245 2269 3288 ,·
2304 3228 2451 3278 Leid.
2476 3234 2529 3275 et
2552 3227 2711 3275 Voss·

515 3289 807 3352 nequiquam.
844 3291 1065 3341 Theocr.
1098 3294 1259 3342 curari
1291 3293 1594 3346 cimbia—13
1629 3298 1796 3361 Βοῦς.
1825 3297 1966 3347 Leid.
1992 3296 2142 3346 Voss.
2180 3299 2226 3344 1.
2261 3298 2306 3343 2.
2340 3291 2511 3356 Lugd.
2535 3291 2712 3340 Amet.

1508 3407 1721 3458 NOTAE

468 3514 473 3518 ·
578 3497 601 3531 f
628 3499 690 3549 In
724 3500 966 3566 Ciliciam]
1010 3502 1096 3552 Ita
1116 3503 1298 3567 optimi
1319 3504 1570 3555 Latinita-
1645 3506 1911 3571 iutelligit,
1929 3522 2056 3571 quas
2079 3505 2182 3555 suis
2212 3503 2428 3555 ducibus
2449 3503 2565 3566 jam
2578 3501 2710 3553 olim

517 3577 584 3627 tis
608 3586 867 3641 auctores,
889 3579 1043 3646 etiam
1066 3581 1195 3630 citra
1219 3590 1433 3644 motum,
1460 3585 1475 3611 ‘
1496 3583 1568 3632 in'
1649 3584 1825 3633 audita
1857 3582 2143 3634 Alexandri
2171 3581 2510 3645 expeditione
2542 3581 2708 3643 scrip-

514 3663 697 3718 quarto
740 3656 882 3705 casui
914 3656 1159 3719 junxere.
1220 3660 1236 3686 ⁸
1259 3657 1323 3706 In
1366 3660 1569 3721 praedo-
1648 3670 1806 3724 serat,
1829 3669 1888 3711 ut
1921 3650 2296 3711 ‘ins'anientem
2328 3655 2563 3720 Philippi
2585 3658 2709 3705 ado-

513 3743 633 3778 num
652 3730 806 3781 fuisse
828 3740 1142 3795 potestatem
1158 3733 1172 3754 ’
1194 3732 1305 3784 Cic.
1358 3733 1374 3762 ‘
1390 3735 1569 3785 Facito

514 3804 570 3852 iu
604 3809 897 3856 memoriam
930 3808 1140 3858 babeas'
1174 3810 1347 3860 Plant.
1404 3813 1419 3839 ‘
1440 3812 1568 3861 Esse

516 3878 571 3927 in
612 3881 881 3930 bonorem’
924 3884 1133 3933 Terent.
1188 3885 1326 3934 Vide
1351 3885 1418 3936 A.
1442 3887 1569 3950 Gel-

513 3951 656 4003 lium.
737 3957 813 4005 At
852 3957 966 4007 vice
1009 3974 1157 4008 versa
1199 3960 1318 4009 ‘in’
1363 3970 1569 4011 sextum

515 4043 705 4090 casum,
729 4028 815 4078 ubi
848 4038 1017 4081 motus
1050 4042 1149 4089 est,
1184 4036 1385 4085 obtinet
1409 4052 1570 4101 quau·

515 4103 686 4169 doque
709 4120 732 4156 a
757 4109 774 4133 ⁶
792 4107 936 4158 venit
958 4108 1007 4156 in
1028 4108 1256 4172 Senatu,’
1275 4114 1376 4161 διο.
1459 4151 1462 4152 ⁷

578 4191 606 4228 t
636 4183 867 4246 Superbos
902 4179 1089 4248 literas]
1142 4188 1243 4236 Eas
1267 4186 1407 4252 ipsas
1430 4188 1567 4240 forte

1650 3736 2008 3799 lesceutulum,
2057 3734 2359 3797 verberibus
2424 3733 2708 3796 puerilibus

1650 3813 1880 3873 graviter
1932 3826 2143 3873 caesum,
2194 3810 2537 3871 indutumque
2589 3813 2709 3870 post

1651 3895 1796 3936 veste
1828 3901 2108 3951 purpurea,
2139 3885 2239 3934 sibi
2270 3884 2499 3934 vinctum
2531 3881 2706 3932 trade-

1650 3971 1784 4024 rent,
1804 3962 2118 4026 navibusque
2134 3975 2235 4009 uua
2250 3974 2367 4008 cum
2384 3959 2559 4007 nautis
2571 3972 2705 4007 sum-

1649 4038 1846 4095 mersis,
1868 4052 2044 4088 omnes
2066 4037 2179 4101 ejus
2200 4035 2385 4085 milites
2401 4033 2465 4083 ad
2490 4033 2704 4084 ulterio-

1648 4114 1880 4163 ramni-is
1898 4112 2065 4163 Rubri
2082 4107 2533 4175 transportarent.'

1964 4228 1986 4258 ἰ
