2978 4933
1143 373 1587 429 monimum,
2375 361 2463 426 13

269 516 382 582 Ex
409 518 835 583 versionibus
860 516 1284 583 Germanicis
1309 519 1669 584 maximam
1691 518 1957 587 laudem
1980 521 2237 601 meruit,
2262 540 2458 607 quarn

270 617 482 684 edidit
511 617 828 703 Ostertag
857 617 1030 682 Frsti
1059 614 1168 683 ed.
1201 634 1279 682 11.
1310 619 1504 684 1799.
1532 618 1687 685 Vol.
1722 639 1801 684 ιι.

359 722 472 787 De
512 739 717 806 opera
761 722 1232 806 qualicumque
1275 741 1424 789 mea
1470 722 1599 789 hoc
1646 743 1923 790 moneo:
1967 723 2261 791 Textum
2307 726 2463 792 dedi

275 822 1450 905 Freinshemio-Snakenburgianum,
1487 819 1609 889 sed
1660 826 2068 908 recognitum
2118 834 2193 891 et
2233 827 2465 893 multis

272 926 469 1005 loeiS,
512 932 591 990 ut
637 944 858 1010 spero,
905 945 997 991 ex
1043 924 1259 992 Codd.
1305 944 1458 991 cum
1504 925 1780 1011 reliquis
1818 935 1955 993 tum
1984 927 2355 994 Theocreni
2384 949 2466 994 ac

275 1027 654 1095 Bodleiano
688 1028 1029 1113 alteroque
1080 1026 1453 1094 Oxoniensi
1500 1028 1943 1095 emendatum.
2030 1029 2205 1109 Quae
2233 1050 2396 1097 vero
2425 1050 2469 1096 a

275 1129 537 1213 vulgari
555 1145 688 1194 usu
706 1135 953 1194 temere
974 1127 1281 1194 recedere
1304 1126 1722 1210 videbantur,
1751 1136 1823 1196 ut
1848 1135 1872 1166 ‘
1890 1131 2209 1214 urguere‚'
2239 1136 2260 1167 ‘
2279 1131 2468 1212 arte,'

278 1251 404 1317 pro
437 1235 458 1266 ‘
477 1229 742 1314 urgere,’
773 1229 1033 1311 ‘arete,’
1062 1237 1130 1298 et
1170 1231 1443 1311 similia,
1483 1232 1711 1298 recudi
1746 1233 1960 1298 nolui.
2045 1231 2183 1316 [Ad
2214 1235 2467 1301 calcem

277 1332 574 1420 paginae]
604 1332 1049 1419 Olympiadas
1080 1342 1153 1399 et
1182 1353 1394 1399 annos
1418 1353 1480 1400 a.
1514 1333 1670 1400 Chr.
1700 1355 1764 1398 n.
1798 1334 2121 1419 ascripsi;
2169 1335 2467 1402 Indicem

276 1438 548 1522 quoque
592 1437 926 1502 nominum
980 1437 1402 1522 propriorum
1459 1435 1710 1521 adjeci.
1797 1435 2126 1523 Mappam
2174 1436 2471 1522 Geogra·

275 1539 573 1623 phicam,
602 1554 736 1622 qua
765 1537 1051 1622 pretium
1078 1538 1254 1617 libri,
1301 1536 1677 1603 scholarum
1718 1537 2014 1604 maxime
2054 1540 2210 1604 usui
2253 1539 2474 1625 desig-

275 1641 450 1718 nati,
497 1647 766 1706 auctum
794 1640 1058 1721 fuisset,
1097 1642 1169 1719 ii,
1215 1642 1328 1725 qui
1368 1641 1634 1725 copiam
1674 1659 2070 1725 mapparum
2108 1642 2473 1708 novissime

277 1741 509 1807 studio
558 1741 761 1807 Orbis
793 1740 1076 1828 Antiqui
1106 1743 1479 1809 dicatarum
1505 1751 1773 1821 norunt,
1817 1763 1955 1808 non
1983 1743 2474 1810 desiderabunt.

277 1841 588 1911 Ceterum
614 1863 875 1911 omnem
903 1863 1173 1930 operam
1218 1841 1400 1924 dedi,
1443 1851 1521 1910 ut
1548 1844 1855 1910 Curtium
1900 1845 2248 1928 diligenter
2275 1845 2476 1909 inter-

276 1951 602 2031 pretarer,
667 1947 943 2012 omissis
1004 1954 1250 2028 tamen,
1304 1968 1459 2032 quae
1505 1944 1711 2014 facile
1768 1968 1855 2013 ex
1913 1948 2153 2033 quovis
2203 1947 2477 2013 meliore

278 2047 551 2114 Lexico
596 2050 736 2134 poti
772 2056 1072 2134 possent.
1161 2048 1590 2133 Quapropter
1619 2047 2050 2133 plurimarum
2080 2047 2476 2119 Lectionum

276 2147 713 2218 variantium
743 2156 811 2216 et
847 2150 1206 2217 multarum
1237 2150 1791 2235 conjecturarum,
1833 2150 2009 2215 haud
2037 2169 2200 2215 sane
2241 2150 2472 2216 necesss

281 2252 636 2331 satiatum,
677 2253 1079 2323 mentionem
1121 2272 1251 2318 non
1292 2252 1450 2319 feci.
1537 2253 1717 2333 'Quae
1760 2273 1847 2318 ex
1890 2250 2042 2317 aliis
2070 2253 2479 2337 transcripsi}

280 2361 638 2422 auctorum
664 2374 933 2421 suorum
960 2356 1228 2421 nomina
1255 2354 1641 2449 praeferunt.
1729 2353 2107 2421 Plurimum
2154 2355 2367 2419 studii
2412 2357 2478 2421 in

279 2457 754 2549 comparandis
780 2457 1079 2542 reiiquis,
1102 2458 1221 2542 qui
1251 2456 1335 2523 de
1367 2456 1752 2524 Alexandro
1783 2457 2209 2537 tradiderunt,
2240 2457 2481 2525 Histoi·

280 2561 472 2637 rici3‚
520 2564 850 2644 quatenus
896 2558 988 2624 ad·
1034 2557 1335 2624 Curtium
1385 2559 1856 2644 explicandum
1900 2559 2250 2644 juvabant,
2296 2566 2366 2625 et·
2410 2562 2482 2626 in

283 2660 630 2728 erroribus
676 2657 894 2725 Curtii
942 2659 1317 2741 retegendis
1362 2661 1731 2738 consumsi,
1778 2666 1874 2739 ut,
1922 2661 2166 2743 quibus
2213 2681 2348 2725 non
2375 2668 2483 2728 est

184 2787 196 2802 ⁶
285 2763 506 2849 eopia
548 2761 898 2840 librorum,
934 2781 1045 2827 ‘ex
1073 2760 1570 2827 Commentario
1612 2763 1877 2827 veriora
1916 2767 2143 2847 petere
2191 2771 2483 2847 possentz

285 2867 362 2932 Si
389 2883 559 2933 vero
611 2864 864 2948 passim
910 2883 1241 2943 erravero,
1291 2864 1415 2929 viri
1461 2864 1643 2930 docti
1685 2885 1793 2930 me
1840 2864 2180 2931 hominem
2223 2886 2377 2933 esse
2411 2873 2483 2932 et

281 2968 469 3034 nihil
494 2966 775 3033 humani
805 2986 847 3038 a
875 2986 982 3032 me
1010 2966 1300 3032 alienu-m
1337 2973 1571 3052 putare
1601 2968 2028 3034 meminerint.
2471 2967 2474 2968 ’
