2978 4933
760 408 1017 469 super..
1065 418 1147 466 ιιι
1197 415 1663 479 Q.cUR'r1UM
1717 417 1861 466 me.
1907 416 1957 466 1.
2330 404 2462 472 105

265 561 620 635 mercedem,
664 582 799 624 cum
851 561 1132 672 praesenti
1183 556 1474 634 libertate,
1522 561 1740 621 famam
1786 560 1948 641 apud
1986 570 2259 642 posteros
2302 564 2457 625 tulit.
2538 549 2543 553 ⁴

268 646 433 721 Inter
457 656 742 732 Thracas,
770 659 870 739 qui
899 658 1240 720 Alexandro
1287 658 1638 733 militabant,
1644 652 1911 739 quidam
1945 659 2208 739 equitum
2249 659 2464 722 ductor

265 766 409 838 post
429 758 551 816 vim
578 755 806 817 mulieri
831 754 1079 828 illatam,
1120 762 1139 791 ‘
1169 755 1272 816 ubi
1318 756 1745 837 pretiosissima
1769 776 2024 839 quaeque
2062 754 2463 832 occuluisset,

266 854 716 915 minitabundus
745 854 1164 935 interrogabat.
1245 857 1347 915 29.
1391 854 1511 915 llla·
1547 874 1669 916 non
1705 864 1828 916 tam
1855 874 2034 937 opum
2061 875 2241 935 quam
2269 850 2462 935 pudo-

262 952 347 1012 ris
377 951 596 1013 damno
624 962 862 1025 moesta,
904 952 1208 1014 avaritiam
1244 953 1477 1014 barbari
1507 953 1569 1014 in
1610 954 1984 1047 occasionem
2010 952 2290 1014 vindictae
2317 960 2463 1015 conss

267 1049 479 1110 vertit:
521 1060 881 1130 ostensoque
906 1058 1106 1128 puteo,
1133 1050 1193 1111 in
1218 1069 1395 1130 quem
1419 1050 1708 1111 mundum
1737 1070 1908 1112 suum
1935 1048 2260 1130 conjecisse
2289 1046 2467 1110 simu·
2534 1104 2539 1107 ,

265 1145 456 1219 labat,
475 1144 768 1207 hominem
797 1146 1014 1227 cupide
1041 1165 1113 1206 eo
1139 1146 1561 1228 despicientem
1590 1148 1892 1211 subductis
1918 1147 2170 1230 pedibus
2199 1146 2462 1228 impulit;
2508 1200 2513 1211 .

266 1232 676 1324 conjectisque
710 1244 966 1326 desuper
1025 1244 1208 1320 saxis,
1257 1265 1393 1307 cum
1440 1264 1516 1306 ex
1564 1257 1821 1328 angusto
1862 1238 2276 1327 profundoque
2325 1245 2460 1307 loco

267 1360 589 1402 ascensum
615 1342 834 1404 frustra
857 1341 1180 1416 moliretur,
1200 1344 1413 1405 obruit.
1459 1346 1561 1406 30.
1586 1344 2030 1425 Comprehensa
2054 1363 2091 1404 a
2119 1343 2464 1405 turmalibus

267 1438 477 1513 occisi,
506 1438 584 1500 ad
611 1440 1018 1501 Alexandrum
1065 1439 1336 1515 trahitur,
1366 1449 1435 1501 ut
1481 1442 1776 1502 interfecti
1821 1439 1988 1503 ducis
2025 1460 2233 1522 poenas
2276 1440 2468 1503 dare't.

268 1539 373 1598 31.
419 1536 506 1597 Ibi
535 1537 935 1619 interrogante
962 1554 1144 1618 rege‚·
1170 1542 1192 1571 ‘
1216 1556 1495 1617 quaenam
1534 1548 1715 1612 esset,
1755 1548 1816 1599 et
1846 1540 1942 1599 ‘ob
1983 1538 2145 1618 quod
2186 1537 2468 1600 delictum

266 1633 726 1705 adduceretun‘
748 1634 1045 1717 intrepido
1073 1634 1240 1696 vultu
1267 1645 1327 1696 et
1354 1655 1522 1708 voce,
1554 1643 1572 1670 ⁸
1601 1635 1977 1718 Theagenis,'
2003 1636 2213 1716 inquit,
2256 1645 2271 1670 ‘
2303 1654 2469 1697 soror
2561 1658 2571 1683 0

269 1751 444 1815 sum:
487 1732 634 1813 ejus,
662 1735 763 1814 qui
790 1753 896 1815 pro
924 1733 1196 1794 libertate
1226 1731 1478 1795 Graeciae
1507 1729 1921 1795 Thebanorum
1948 1734 2262 1814 imperator
2290 1728 2470 1793 occu-

266 1828 422 1890 buit.
490 1833 589 1892 32.
620 1831 900 1912 Injuriam
929 1851 1124 1913 meam
1146 1832 1275 1894 ulta
1299 1832 1595 1893 castitatis
1622 1852 1772 1893 meae
1798 1832 2140 1912 praedonem
2168 1830 2467 1890 interemi:

269 1928 366 1987 cui
418 1929 466 1988 si
512 1925 645 1991 meo
690 1928 982 2010 supplicio
1008 1932 1316 2010 parentari
1335 1930 1572 2011 jubeas,
1602 1930 1756 2029 scies
1785 1931 2052 1990 honestae
2079 1927 2307 1990 mulieri
2334 1936 2471 2008 post

268 2033 563 2085 extortam
591 2024 933 2106 pudicitiam
966 2023 1173 2125 spiritu
1201 2025 1347 2086 nihil
1377 2026 1550 2087 vilius
1578 2046 1746 2089 esse.
1790 2046 1968 2107 quem
2006 2035 2327 2103 utcumque
2367 2043 2472 2083 ex-

268 2121 495 2201 pellere
548 2123 939 2196 festinaveris,
995 2143 1129 2184 sero
1192 2123 1425 2197 moriar,
1482 2122 1694 2204 pudori
1749 2123 2076 2203 patriaeque
2131 2118 2473 2202 superstes!

270 2220 368 2281 33.
414 2219 752 2282 Alexander
778 2221 1017 2301 cognita
1043 2240 1247 2299 causa,
1288 2228 1307 2257 ‘
1337 2221 1625 2283 Thracem
1658 2221 1791 2302 jure
1831 2218 2079 2283 coesum'
2121 2216 2471 2298 pronuntia-

271 2319 390 2387 vit:
438 2315 681 2399 “Tnequ'e
712 2318 823 2379 sibi
867 2317 1103 2400 placere
1130 2319 1407 2400 ingenuis
1435 2320 1776 2381 mulieribus
1805 2319 1922 2379 vim
1950 2317 2132 2378 fieriz'
2169 2313 2471 2378 collauda-

273 2425 517 2497 tamque
559 2423 577 2452 ‘
604 2416 923 2492 foeminam,
961 2436 1098 2479 cum
1138 2418 1411 2481 omnibus
1454 2419 1558 2499 qui
1602 2417 1956 2499 cognatione
1993 2416 2186 2497 ipsam
2217 2413 2474 2494 attinge-

275 2525 429 2587 rent,
459 2514 701 2576 liberam
731 2514 902 2575 esse'
932 2514 1149 2594 jussit;
1193 2524 1210 2552 ‘
1236 2525 1297 2577 et
1322 2536 1442 2596 quo
1470 2515 1724 2596 quisque
1753 2515 1937 2575 vellet
1963 2511 2343 2573 discedendi'
2369 2530 2475 2590 po-

275 2620 555 2672 testatem
582 2611 743 2674 fecit.
791 2615 889 2673 34.
924 2610 1197 2692 Pepercit
1224 2622 1285 2673 et
1311 2611 1556 2672 Pindari
1583 2612 1861 2691 posteris,
1861 2618 1878 2650 ²
1912 2610 1973 2668 in
1991 2610 2274 2669 honorem
2302 2609 2473 2681 vatis,'

276 2708 374 2788 qui
398 2728 682 2790 proavum
708 2710 866 2790 regis
886 2709 1287 2770 Alexandrum
1321 2708 1679 2770 carminibus
1711 2709 1834 2769 suis
1863 2708 2227 2767 inseruerat·
2257 2703 2475 2787 ipsius-

277 2826 393 2885 que
440 2807 682 2868 'domum
731 2807 976 2869 cremari
1018 2808 1224 2868 v'etuit.
1310 2810 1408 2869 35.
1451 2806 1591 2869 Non
1642 2806 1798 2867 enim
1844 2812 2195 2886 praesentem
2245 2809 2502 2863 tantum

206 2929 209 2932 ¹
277 2905 554 2965 virtutem
600 2903 933 2974 adamavit3
978 2923 1180 2965 verum
1224 2905 1402 2966 etiam
1450 2903 1792 2965 memoriam
1829 2918 2180 2981 magnorum
2223 2897 2481 2958 virorum

278 3002 625 3074 reverentia,
677 3013 738 3064 et
782 3002 1130 3084 progeniem
1177 3000 1411 3063 illorum
1457 2997 1760 3061 beneflciis
1804 3005 2153 3079 prosecutus
2181 3006 2294 3057 est.
2378 2996 2475 3058 36.

282 3099 438 3184 Nam
467 3109 530 3160 et
552 3111 765 3183 postea
790 3120 927 3161 cum
953 3110 1251 3181 postremo
1277 3100 1483 3181 praelio
1514 3098 1759 3160 Darium
1788 3096 2048 3170 vicisset,
2075 3092 2436 3156 crotoniatis
2454 3108 2479 3134 ¹¹

281 3198 504 3276 praedae
529 3200 757 3278 partem
782 3198 963 3272 misit,
991 3196 1154 3278 quod
1181 3195 1393 3257 Xerxis
1420 3196 1601 3269 bello,
1623 3194 1835 3256 ceteris
1860 3191 2204 3252 Graecorum
2229 3189 2480 3250 coloniis
2554 3241 2561 3253 .

286 3293 362 3356 de
392 3295 630 3357 Graecia
657 3295 1130 3377 desperantibus,
1159 3292 1413 3376 Phayllo
1430 3304 1454 3329 V
1488 3293 1643 3355 duce
1672 3293 1962 3353 triremem
1989 3307 2171 3350 unam
2201 3286 2277 3347 ad
2307 3287 2478 3347 Sala-

284 3392 504 3453 minem
546 3392 883 3454 misissent:
926 3403 986 3454 et
1032 3392 1398 3453 Plataeenses
1441 3392 1667 3452 honore
1714 3390 2007 3475 donisque
2051 3384 2298 3458 affecit‚¹
2342 3386 2482 3466 quia

287 3490 538 3570 maiores
582 3510 783 3552 eorum
811 3490 1042 3551 Graecis
1086 3489 1372 3550 adversus
1400 3487 1780 3550 Mardonium
1820 3483 2227 3567 praeliantibus
2273 3502 2479 3563 agrum

289 3606 455 3648 suum
481 3586 647 3648 dono
676 3586 985 3649 dederant.

317 3681 334 3688 ”
369 3685 533 3746 XIV.
623 3688 677 3745 l.
721 3685 895 3746 Hanc
922 3684 1335 3746 Thebanorum
1373 3684 1607 3745 cladem
1642 3681 1831 3742 multa
1878 3689 2118 3740 ostenta
2155 3694 2483 3757 praecesse-

291 3787 472 3845 runt?
513 3775 520 3782 x
548 3783 763 3843 Tribus
791 3793 933 3843 'ante
960 3783 1259 3843 mensibus
1287 3801 1465 3863 quam
1496 3778 1835 3841 Alexander
1862 3771 2221 3845 advenisset,
2252 3772 2312 3832 in
2338 3771 2481 3832 fano

296 3881 547 3953 Cereris,
590 3900 727 3962 quae
769 3887 786 3920 ⁴
816 3879 1291 3961 Thesmophoros
1311 3879 1327 3907 '
1365 3878 1719 3959 appellatur,
1763 3882 2088 3955 conspecta
2121 3882 2216 3933 est
2250 3890 2483 3933 araneae

294 4076 405 4128 lier.
420 4081 469 4128 4.
488 4081 539 4129 6.
564 4075 769 4128 Arrian.
792 4091 830 4129 ι.
852 4082 903 4129 9.
922 4075 1159 4141 Polyaen.
1186 4076 1345 4128 Strat.
1492 4084 1515 4109 ¹¹
1549 4075 1693 4125 Plut.
1713 4071 1863 4123 Alex.
1887 4084 1940 4137 p.
1961 4074 2079 4123 691.

296 4169 415 4206 vm.
435 4160 518 4206 39.
1493 4159 1517 4185 v
1551 4149 1812 4201 Herodot.
1827 4161 1954 4200 vm.
1974 4151 2025 4200 Δ.
2044 4151 2094 4197 7.

361 4234 377 4263 ²
406 4231 613 4284 Arrian.
652 4232 688 4281 1.
734 4232 772 4281 1.
816 4229 1000 4283 AElian.
1041 4231 1169 4281 Var.
1205 4229 1347 4281 Hist.
1491 4237 1518 4264 ¹
1553 4229 1696 4279 Plut.
1719 4224 1938 4276 Aristid.
1972 4228 2159 4288 μηδ.

305 4321 430 4360 xm.
451 4313 499 4360 7.
766 4345 771 4354 ‚
1491 4313 1516 4339 ⁸
1552 4304 1711 4358 Diod.
1732 4304 1836 4354 Sic.
1851 4317 1906 4368 p.
1922 4306 2039 4352 667.
2067 4302 2292 4352 Pausan.
2312 4312 2393 4352 rx.

790 4450 808 4489 Ι
