2978 4933
898 834 1024 929 Q.
1134 831 1730 928 CURTII
1842 828 2277 943 RUFI,

1089 1097 1243 1174 DE
1314 1095 1671 1175 REBUS
1741 1091 2108 1172 GESTIS

621 1341 1302 1426 ALEXANDRI
1390 1347 1720 1424 REGIS
1802 1338 2569 1425 MACEDONUM‚

1324 1610 1660 1688 LIBER
1741 1609 1881 1683 lv.

1325 2142 1898 2193 ARGUMENTUM.

499 2300 636 2364 Cae.
659 2327 700 2365 1.
734 2312 929 2364 Darius
950 2311 1015 2363 ad
1039 2313 1344 2377 Euphraten
1369 2310 1662 2362 contendit.
1725 2310 2028 2361 Alexander
2051 2311 2216 2361 literis
2241 2320 2272 2360 a
2298 2310 2460 2361 Dario
2483 2308 2708 2374 superbe

433 3675 532 3688 *****

563 2393 776 2459 scriptis
820 2394 1094 2458 superbius
1130 2393 1431 2457 respondet,
1474 2397 1632 2456 atque
1667 2391 1950 2441 Phoeniciae
1983 2390 2191 2456 oppidis
2226 2392 2496 2454 occupatis
2530 2389 2711 2440 Abda-

563 2477 826 2542 lonymum
857 2476 1084 2527 Sidoniis
1119 2490 1297 2539 regem
1338 2474 1580 2540 praeficit.
1666 2473 1921 2537 Amyntas
1957 2473 2228 2538 transfuga
2259 2489 2290 2524 a
2324 2473 2504 2524 Persis
2539 2471 2593 2521 in
2628 2470 2710 2520 AE·

566 2564 728 2620 gypto
766 2556 1038 2607 occiditur.
1120 2556 1295 2606 Variae
1333 2555 1486 2605 variis
1536 2554 1663 2604 locis
1717 2552 2077 2617 praefectorum
2114 2556 2265 2605 Darii
2297 2555 2491 2605 clades.
2584 2551 2712 2615 Agis

568 2637 1078 2688 Eacedaemoniorum
1115 2652 1206 2687 rex
1243 2637 1526 2701 Antipatro
1562 2635 1755 2685 bellum
1794 2635 2020 2685 molitur.
2086 2649 2148 2685 ιι.
2180 2648 2272 2685 ιιι.
2304 2634 2452 2699 Tyri,
2485 2633 2712 2683 Alexan·

563 2717 715 2767 drum
739 2718 979 2782 recipere
1006 2711 1327 2780 recusantes,
1350 2717 1688 2776 obsidentur3
1723 2731 1839 2780 quae
1862 2716 2060 2765 obsidio
2082 2716 2425 2766 diuturnitate
2449 2714 2714 2764 cladibus·

566 2812 667 2863 que
691 2799 998 2851 nobilitatur
1023 2801 1197 2850 variis.
1267 2813 1345 2849 tv.
1375 2799 1606 2848 Tandem
1628 2798 1791 2863 Tyrus
1819 2798 1867 2847 vi
1889 2804 2064 2861 capta,
2091 2798 2415 2863 maximaque
2446 2795 2710 2845 hominum

565 2886 745 2941 strage
766 2879 925 2944 facta,
946 2883 1183 2931 luctuoso
1208 2879 1527 2930 deformatur
1564 2879 1823 2929 incendio.
1889 2893 1942 2929 v.
1975 2879 2122 2928 Darii
2157 2880 2347 2929 iterata
2382 2878 2448 2926 de
2484 2891 2616 2941 pace
2647 2875 2712 2924 ad

568 2958 923 3010 Alexandrum
955 2963 1177 3025 legatio,
1217 2961 1520 3014 submissior
1556 2960 1785 3025 quidem,
1822 2960 1916 3010 sed
1955 2961 2231 3024 repudiata
2268 2967 2459 3009 tamen.
2536 2957 2713 3007 Graeci
2743 2967 2748 2976 ·

568 3039 924 3091 Alexandrum
950 3056 1142 3092 corona
1173 3056 1329 3091 aurea
1364 3041 1596 3091 donant:
1632 3041 1719 3090 ille
1751 3056 1846 3104 per
1885 3039 2158 3105 praefectos
2196 3043 2385 3090 multas
2421 3039 2712 3105 provincias

570 3121 625 3170 in
650 3127 969 3185 potestatem
994 3138 1136 3172 suam
1163 3123 1372 3188 redigit.
1444 3138 1526 3173 vl.
1563 3123 1645 3173 Ad
1669 3123 1861 3173 bellum
1891 3137 2006 3173 sese
2030 3123 2256 3186 accingit
2283 3122 2487 3172 Darius.
2556 3119 2714 3169 Alex-

568 3202 750 3265 ander,
784 3204 930 3253 Gaza
958 3210 1271 3269 expugnata,
1315 3205 1425 3270 ejus
1460 3204 1768 3269 praefectum
1801 3205 1974 3254 Betim
2010 3203 2206 3253 crudeli
2242 3203 2402 3253 afficit
2440 3203 2711 3268 supplicio.

566 3297 671 3335 vu.
702 3284 930 3350 AEgypto
955 3287 1006 3336 in
1041 3293 1357 3350 potestatem
1403 3285 1635 3350 redacta,
1665 3285 1962 3336 Alexander
1985 3284 2049 3334 ad
2071 3286 2220 3337 Jovis
2257 3285 2561 3335 Hammonis
2604 3299 2715 3334 ora-

568 3365 743 3415 culum
769 3365 1134 3429 proficiscitur.
1203 3368 1360 3417 Varia
1383 3368 1592 3433 quaerit.
1662 3382 1787 3418 vm.
1825 3366 2142 3417 Alexandria
2161 3367 2211 3416 in
2237 3367 2461 3431 AEgypto
2483 3366 2715 3430 condita,

567 3447 850 3511 AEgyptum
875 3455 929 3498 et
954 3448 1185 3499 Africam
1212 3450 1437 3514 AEgypto
1462 3451 1702 3515 junctam
1747 3448 2014 3513 praefectis
2055 3448 2214 3499 tradit
2245 3448 2521 3512 regendaS,
2557 3455 2712 3512 atque

567 3529 621 3579 in
657 3529 856 3594 Syriam
894 3531 1049 3581 redit.
1116 3532 1365 3581 Hectoris
1406 3548 1563 3582 mors.
1631 3532 1904 3583 Samaritae
1945 3530 2252 3580 deficientes
2293 3531 2478 3594 puniti.
2547 3531 2713 3580 Variis

568 3610 723 3661 rebus
755 3612 807 3662 in
842 3611 996 3677 Syria
1037 3613 1262 3677 peractis
1298 3612 1602 3663 Alexander
1634 3612 1700 3663 ad
1723 3613 2022 3674 Euphraten
2046 3610 2334 3661 contendit.
2402 3626 2485 3665 tx.
2518 3612 2712 3661 Darius

567 3693 735 3756 copiis
758 3694 1026 3759 Babylone
1050 3694 1333 3744 contractis
1355 3695 1599 3759 Tigrique
1625 3700 1870 3759 superato
1905 3708 1999 3757 per
2022 3693 2288 3757 Assyriam
2324 3708 2625 3757 progressus
2648 3694 2708 3742 ad

568 3775 856 3824 Bumadum
894 3784 1069 3825 castra
1107 3777 1275 3837 locat;
1308 3776 1609 3825 Alexander
1641 3775 1944 3839 Euphraten
1971 3780 2026 3824 et
2050 3773 2245 3837 Tigrim
2270 3780 2504 3838 superat.
2570 3775 2713 3824 Prae·

570 3853 710 3905 missi
752 3858 957 3920 quidam
986 3858 1185 3921 equites
1209 3858 1488 3907 Persarum
1514 3856 1780 3922 fugantur.
1852 3871 1908 3906 x.
1941 3856 2162 3914 Milites,
2185 3855 2253 3905 ob
2278 3855 2413 3905 luuae
2449 3854 2709 3906 defectum

572 3936 827 4000 turbatos,
869 3951 963 4000 per
996 3939 1267 4001 AEgyptios
1308 3945 1453 3988 vates
1498 3939 1769 3988 confirmat
1810 3937 2125 3986 Alexander.
2195 3937 2386 3987 Persas
2421 3943 2709 3987 vastatores

571 4014 792 4077 conjicit
814 4016 866 4063 in
889 4014 1083 4079 fugam.
1152 4018 1300 4067 Darii
1329 4033 1461 4067 uxor
1482 4019 1712 4084 captiva,
1735 4033 1952 4067 moerore
1976 4017 2232 4081 confecta,
2263 4033 2553 4083 supremum
2577 4019 2706 4068 diem

571 4094 700 4145 obit.
737 4096 889 4145 Unde
909 4095 1192 4145 Alexandri
1209 4098 1993 4162 lacrymae,Dariisuspiciones,
2013 4089 2202 4161 lu‘ctus,
2217 4106 2271 4149 et
2289 4100 2382 4150 ira.
2412 4114 2492 4150 xx.
2515 4100 2706 4150 Pacem

572 4175 767 4224 Darius
791 4176 946 4225 tertio
969 4192 1207 4241 quaerens
1238 4179 1301 4227 ad
1335 4179 1653 4230 deditionem
1686 4180 1945 4229 bellumve
1971 4181 2034 4230 ab
2059 4180 2360 4230 Alexandro
2384 4190 2706 4245 provocatur.

573 4269 679 4307 κη.
720 4254 801 4305 Ad
843 4258 1079 4321 praelium
1113 4258 1233 4309 dum
1272 4261 1554 4310 Persarum
1596 4262 1778 4326 ingens
1816 4262 2078 4311 exercitus
2117 4270 2350 4325 paratur,
2381 4262 2704 4321 Macedones,

572 4338 759 4403 panico
785 4337 1003 4404 quodam
1029 4346 1225 4392 terrore
1248 4340 1504 4403 defuncti,
1528 4359 1669 4393 arma
1693 4343 1940 4394 alacriter
1964 4350 2257 4407 capessunt.
2327 4358 2455 4397 xm.
2486 4345 2702 4397 Consilia
