2978 4933
771 404 929 460 oi..
978 405 1166 457 cxii.
1210 390 1276 455 2.
1351 409 1422 456 A.
1469 408 1592 458 cn.
1641 409 1712 457 N.
1757 393 1907 460 331.
2333 399 2464 467 289

271 550 693 634 cinerumque
738 551 991 637 maiore
1022 558 1206 638 parte
1251 554 1589 641 deposita,
1622 555 1917 643 Lycum¹
1967 578 2228 625 amnem
2261 570 2464 647 ponte

261 653 505 736 junxit,
535 660 602 718 et
629 674 749 738 per
777 655 921 719 dies
949 658 1260 742 quinque,
1290 660 1530 724 sicutm
1569 670 1724 724 ante
1752 660 2165 747 Euphraten,
2198 668 2460 752 trajecit

269 758 649 823 exercitum.
680 760 787 823 10.
807 758 972 824 Inde
988 763 1360 845 octogintae
1379 762 1517 829 fere
1543 765 1764 831 stadia
1780 777 2235 854 progressuS,⁰
2252 770 2340 834 ad
2364 772 2462 835 al-

270 868 474 926 terum
520 882 801 941 amnem,
846 867 867 896 ‘
889 863 1202 930 Bumado
1222 863 1238 889 '
1268 873 1297 920 Ρ
1319 885 1554 931 nomen
1579 875 1704 947 est,
1730 877 1957 937 castra
1985 872 2238 955 posuit.
2266 905 2270 910 ·
2316 871 2463 957 Op-

263 972 545 1049 portuna
575 967 1001 1049 explicandis
1032 969 1247 1051 copiis
1292 970 1474 1052 regio
1521 978 1685 1051 erat,
1718 974 2108 1057 equitabilis
2151 980 2219 1039 et
2263 986 2456 1043 vasta

263 1070 584 1153 planicies
608 1069 676 1133 :s
697 1090 778 1134 ne
805 1072 1053 1155 stirpes
1077 1072 1347 1157 quidem
1366 1081 1435 1138 et
1453 1076 1683 1141 brevia
1705 1078 1994 1159 virgulta
2011 1080 2319 1163 operiunt
2347 1101 2460 1145 so·
2485 1109 2506 1128 ·

260 1172 426 1239 lum:
472 1174 777 1257 liberque
807 1180 1201 1259 prospectus
1243 1178 1589 1246 oculorum
1639 1186 1707 1244 et
1751 1180 1836 1245 ad
1881 1202 1988 1261 ea,
2035 1201 2186 1265 quae
2225 1187 2462 1266 procul

262 1295 610 1355 recessere,
642 1279 1128 1361 permittiturflss
1207 1281 1459 1365 *Itaque
1508 1283 1570 1346 si
1613 1303 1745 1367 qua
1788 1283 2012 1368 campi
2052 1281 2457 1369 eminebant,

309 1455 343 1498 s
365 1460 572 1509 Idoneus
593 1464 898 1512 extendeudoe
918 1463 1041 1513 aciei
1059 1465 1187 1513 locus
1208 1468 1332 1524 erat,
1354 1469 1401 1514 et
1423 1470 1564 1527 aptus
1585 1467 1818 1529 equitatui
1834 1483 2042 1530 campus.
2135 1451 2139 1454 .

314 1530 340 1564 ἔ
368 1525 509 1575 Visus
523 1528 659 1576 anua
680 1542 733 1576 re
747 1529 1028 1593 prohibitas,
1052 1530 1195 1579 etiam
1216 1545 1291 1593 ea,
1312 1545 1417 1594 quae
1440 1532 1578 1593 longe
1599 1537 1782 1581 remota
1796 1539 1925 1595 sunt,
1946 1534 2202 1598 pertingit.

1166 1673 1192 1689 θ
1198 1672 1534 1692 ΜΟΝΟ

254 1752 358 1803 sito.
423 1754 574 1804 Leid.
599 1756 800 1814 Licum,·
854 1757 1008 1807 Voss.
1031 1762 1081 1807 2.
1125 1758 1334 1822 Licium,
1373 1767 1428 1808 et
1469 1760 1626 1823 paulo
1668 1769 1816 1818 post:
1854 1764 2074 1812 traduxit
2112 1762 2458 1816 exercitum.—

254 1819 461 1896 lOJnde
481 1819 634 1870 deest
655 1822 709 1870 in
745 1820 916 1874 Amat.
964 1823 1127 1873 stadia
1154 1823 1399 1887 profectus
1418 1825 1588 1888 Bong.
1641 1826 1870 1876 Boumelo
1891 1830 2032 1878 Dan.
2059 1828 2174 1877 Pal.
2199 1832 2247 1877 1.
2285 1829 2457 1891 Bong.

253 1883 391 1937 Lem.
423 1892 479 1936 et
521 1887 676 1935 Voss.
702 1890 747 1935 l.
806 1889 1023 1940 Bumodo
1064 1889 1183 1938 Ald.
1225 1891 1486 1940 Colin.„et
1522 1890 1725 1955 Gryph.
1778 1894 1858 1941 cai
1898 1894 2118 1942 Bumado
2159 1893 2353 1942 Faucia.
2395 1900 2454 1940 et

255 1949 409 2012 Bong.
462 1951 544 2001 oui
587 1952 865 2003 Boazamelo
906 1955 1061 2003 Voss.
1101 1957 1150 2004 2.
1204 1956 1452 2005 Boumello
1491 1955 1659 2019 Lugd.
1698 1956 1867 2007 Amst.
1906 1959 2031 2007 Bas·
2073 1959 2205 2007 Mer.
2247 1959 2357 2007 Col.
2397 1965 2454 2005 et

253 2014 398 2065 Frob.
457 2018 676 2067 Eumeuo
697 2018 914 2069 Tb‘eocr.
941 2020 1107 2068 Paulo
1131 2026 1254 2083 post
1271 2022 1533 2070 nonnullae
1555 2021 1679 2072 edd.
1703 2029 1831 2072 vett.
1856 2024 2106 2072 omittunt
2127 2025 2294 2083 sotum,
2311 2022 2453 2087 quod

254 2080 494 2133 exhibent
529 2081 630 2132 Ed.
654 2098 732 2147 pr.
757 2085 945 2136 Venet.
969 2086 1117 2136 Rom.
1144 2086 1360 2136 Mediol.
1386 2093 1445 2136 et
1465 2087 1666 2137 Veron.
1719 2088 1856 2139 Mer.
1884 2089 2040 2138 babet
2071 2093 2348 2152 prospectus
2379 2103 2455 2136 oe-

1235 2218 1452 2270 NOTAE
1512 2244 1517 2248 ·

256 2329 348 2380 que
389 2315 748 2378 pertinebant.
825 2315 945 2367 Jam
988 2331 1133 2381 vero,
1172 2317 1308 2381 quod
1389 2318 1482 2383 sed
1515 2316 1704 2370 Strabo
1739 2325 1796 2368 et
1828 2317 2147 2386 IJtolemaeus
2179 2324 2453 2383 utrumque

254 2401 359 2444 erat
382 2394 628 2457 alterum,
649 2409 767 2444 cum
790 2394 855 2445 ab
873 2394 1026 2445 India
1048 2396 1114 2444 ad
1135 2396 1309 2446 Persi·
1390 2394 1732 2458 distinguunt.
1772 2377 1803 2434 ἴ)
1831 2395 1893 2436 ›··'
1944 2393 1977 2448 ἢ
1998 2399 2059 2430 ‘²'
2086 2407 2097 2432 ἰ
2120 2415 2125 2420 ’
2151 2406 2158 2415 ’
2222 2423 2233 2438 ν
2260 2412 2285 2448 ‚s
2329 2379 2379 2426 ’Ἰ

1452 2480 1488 2506 ¹¹¹
1522 2473 1687 2538 Siout]
1723 2472 1856 2523 Haec
1881 2468 2053 2529 ve'rba,
2073 2439 2328 2522 sieutaute
2353 2473 2454 2521 Eu-

1386 2550 1616 2614 phratem,
1638 2557 1837 2600 temere
1870 2565 1902 2599 a
1928 2551 2088 2600 sciolo
2111 2550 2351 2614 quopiam
2377 2550 2456 2598 in-

253 2466 383 2533 dem,
404 2487 435 2521 a
467 2472 693 2522 Perside
718 2472 789 2521 ad.
806 2471 1080 2537 Assyriam
1105 2490 1167 2523 ac
1195 2475 1308 2524 Me-

250 2550 587 2613 sopotamiam
603 2550 784 2600 ordine
799 2550 1161 2616 progrediatur
1172 2551 1311 2602 Geo-

251 2628 487 2689 graphus,
506 2628 697 2690 merito
719 2626 915 2678 factum
939 2628 1003 2678 ab
1022 2643 1083 2677 eo
1101 2635 1158 2677 ut
1180 2628 1309 2678 Atu-

251 2702 369 2760 riam
394 2711 538 2755 trans
575 2706 768 2770 Lycum
803 2717 919 2756 esse
954 2703 1184 2767 diceret;
1220 2721 1309 2754 ve-

252 2780 503 2840 nientibus
537 2783 744 2833 scilicet
779 2797 846 2831 ex
880 2781 1123 2840 Perside,
1160 2783 1307 2847 cujus

250 2867 479 2922 respectu
505 2859 751 2922 loquitur.
815 2859 992 2910 Quare
1019 2859 1101 2909 vel
1122 2874 1188 2908 ex
1209 2861 1305 2910 hoc

251 2933 355 2984 loco
385 2934 719 2986 manifestum
748 2942 987 3000 apparet,
1012 2934 1149 3000 quod
1175 2936 1305 2984 dixi·

252 3024 373 3073 mus,
396 3020 542 3063 trans
569 3013 765 3077 Lycum
791 3010 983 3062 Arbela
1009 3010 1166 3061 fuisse
1189 3013 1302 3062 sita.

227 3087 393 3140 ‚Quod
425 3091 512 3140 hic
548 3078 784 3139 notatum
806 3089 1053 3152 oportuit,
1075 3095 1134 3138 ut
1153 3105 1219 3139 ex
1242 3104 1305 3139 eo

252 3167 569 3226 postmodum
614 3167 877 3230 intelligas
922 3180 1073 3230 quam
1122 3181 1304 3229 parum

250 3240 339 3291 sibi
360 3243 571 3294 Curtius
593 3251 818 3294 constet.
875 3244 1028 3305 Nam,
1051 3242 1189 3307 quod
1213 3244 1305 3293 ali-

251 3321 331 3383 qui
352 3324 699 3387 suspicantur,
715 3323 799 3372 hic
817 3322 886 3373 ab
910 3337 971 3371 eo
990 3335 1094 3371 non
1113 3322 1307 3386 Arbela,

251 3399 342 3448 ted.
372 3401 670 3464 Gaugamela
706 3401 957 3465 scriptum
983 3397 1161 3462 fuisse,
1182 3402 1305 3465 quia

255 3482 305 3524 et
326 3478 487 3529 vicum
513 3487 687 3541 vocat,
722 3486 776 3527 et
800 3477 949 3527 clade
975 3476 1122 3525 Darii
1154 3476 1302 3526 nobi-

253 3551 375 3615 lem3
410 3556 506 3607 hoc
539 3557 769 3620 inquam,
802 3554 944 3603 nullo
977 3561 1301 3616 argumento,

252 3631 379 3682 millo
393 3639 531 3684 teste
544 3632 761 3694 dicitur;
783 3646 864 3695 ac,
882 3638 938 3680 ut
953 3645 1131 3680 verum
1148 3637 1302 3688 esset,

254 3706 570 3761 nihilominus
623 3714 899 3775 peccasset
942 3707 1171 3770 Curtius,
1214 3708 1303 3773 qui

254 3786 398 3846 paulo
428 3793 548 3852 post
578 3793 776 3853 praeter
814 3784 1011 3836 Arbela
1044 3784 1177 3834 dicit
1212 3783 1303 3833 'ri-

253 3863 373 3925 grim
391 3865 460 3916 ab
482 3865 782 3917 Alexandro
806 3879 922 3915 esse
946 3865 1239 3929 trajectum.

310 3937 334 3987 ¹-
354 3940 555 4007 Lycum]
579 3945 771 4008 Lycus,
796 3949 857 3993 ut
878 3941 1030 3992 modo
1053 3940 1181 4004 dixi,
1208 3939 1303 3990 As-

253 4017 397 4081 syriae
434 4018 641 4084 fluvius,
671 4020 912 4072 Aturiam
954 4020 1080 4082 sive,
1118 4025 1178 4070 ut
1217 4017 1305 4068 alii

252 4102 444 4159 putant,
480 4099 742 4162 Assyriam
778 4098 990 4163 proprie
1020 4097 1216 4147 dictam
1237 4096 1302 4147 ab

255 4167 534 4225 Arbelitide
578 4175 782 4237 dividit,
823 4175 1083 4226 Strabone
1126 4181 1265 4225 teste
1287 4191 1302 4236 3

255 4251 502 4316 pauloque
523 4260 642 4318 post
660 4255 716 4304 in
732 4253 930 4318 Tigrim
955 4269 1010 4304 se
1034 4260 1303 4305 exonerat.

257 4323 474 4389 caprum
502 4330 567 4380 ab
588 4330 849 4395 aliquibus
882 4332 1054 4388 vocari
1090 4327 1302 4382 ferunt:

381 4411 553 4477 Delph.
574 4418 620 4464 et
649 4410 765 4464 Var.
784 4413 913 4467 Clas.

1355 2646 1358 2649 ¹
1388 2634 1534 2676 trusa
1571 2628 1863 2691 suspicatur
1901 2628 2318 2686 Freinshemius;
2355 2641 2455 2676 nec

1388 2703 1663 2754 immerito.
1696 2762 1697 2765 Ἴ
1731 2704 1868 2754 Nam
1913 2709 1968 2753 et
2010 2703 2218 2753 nimium
2265 2702 2454 2752 exilem

1388 2781 1802 2830 observationem
1839 2780 2127 2841 continent,
2150 2785 2205 2829 et
2232 2778 2454 2841 hiulcam

1388 2854 1623 2908 efficiunt
1652 2857 1960 2907 orationem.
2028 2855 2114 2905 Ad
2145 2855 2282 2921 quod
2316 2855 2454 2903 enim

1388 2935 1604 2984 verbum
1642 2935 1872 2985 referas?
1936 2934 2128 2983 Maluit
2161 2932 2452 2991 AcidaliuS,

1388 3019 1447 3062 ut
1492 3028 1555 3061 ea
1595 3013 1861 3075 retineret,
1902 3012 2163 3061 exercitum
2203 3011 2455 3075 rejicere3

1387 3088 1499 3145 sed,
1522 3089 1565 3138 si
1589 3090 1710 3153 quid
1734 3088 2127 3150 immutandum,
2145 3087 2311 3139 minus
2334 3088 2451 3150 hoc,

1388 3182 1544 3233 quam
1568 3167 1675 3225 illa,
1699 3167 1965 3231 displicet.

1405 3282 1423 3305 -.
1451 3253 1475 3278 ¹¹
1515 3244 1800 3307 Octoginta]
1848 3243 2094 3294 Milliaria
2119 3243 2322 3305 decem,
2349 3243 2450 3292 boc

1384 3328 1485 3385 est,
1507 3322 1661 3386 paulo
1686 3322 1801 3386 plus
1825 3321 1988 3371 tribus
2009 3321 2171 3371 leucis
2187 3334 2314 3386 quas
2335 3334 2451 3369 nos-

1385 3400 1453 3450 tri
1478 3413 1777 3450 communes
1804 3404 2016 3449 vocant.

1445 3484 1469 3509 ⁰
1503 3475 1817 3540 Progressus]
1867 3475 2083 3526 Habent
2122 3473 2279 3539 aliqui
2317 3475 2448 3524 Mss.

1377 3553 1633 3618 profectam.
1687 3554 2028 3616 Progressum
2051 3551 2314 3615 intelligit,
2339 3551 2450 3601 sive

1385 3629 1678 3695 profectum
1711 3628 2010 3680 recedendo
2046 3628 2314 3679 Orientem
2340 3641 2452 3675 ver-

1383 3721 1487 3770 sus,
1529 3713 1585 3756 et
1623 3706 1771 3770 regni
1806 3706 2089 3765 interiora3
2128 3703 2265 3768 quod
2301 3716 2450 3754 secus

1383 3798 1500 3835 esse
1523 3783 1860 3833 ostendimus.

1445 3867 1473 3903 Ρ
1498 3861 1718 3911 Bumado
1742 3856 1993 3922 [Bumelo]
2018 3857 2225 3922 Legunt
2245 3856 2331 3906 alii
2345 3857 2452 3907 Bu-

1382 3940 1538 4002 mado,
1560 3944 1652 3987 aut
1674 3939 1919 4001 Boumelo,
1935 3949 2149 4000 quorum
2172 3941 2451 3998 utrumque

1386 4021 1610 4081 apparet
1650 4013 1847 4064 factum
1887 4028 1953 4063 ex
1994 4010 2257 4075 Βούμηλος,
2307 4011 2452 4062 facili

1381 4095 1676 4144 ,mutatione
1697 4093 1786 4142 τοῦ
1800 4099 1841 4141 Α
1863 4093 1916 4140 in
1937 4098 2001 4142 Δ.

1450 4180 1475 4214 ‘1
1489 4170 1804 4222 Permittitur
1820 4166 2148 4234 [permetitur]
2163 4163 2332 4216 Modii
2347 4165 2451 4213 lec·

1386 4250 1581 4301 tionem
1601 4255 2052 4314 repraesentau1u8‚
2066 4244 2201 4310 quod
2220 4244 2449 4307 vulgata,

1379 4328 1695 4391 permittitur,
1722 4324 1934 4376 tolerari
1956 4322 2055 4373 non
2080 4328 2274 4387 posset.
2332 4316 2449 4370 Nisi

1257 4412 1321 4469 Q.
1350 4410 1495 4462 Cart.
2275 4402 2319 4450 T
