2978 4933
2392 390 2521 457 291

316 550 563 632 praeter
592 545 846 614 Arbela
865 556 906 584 ”⁷
951 555 1250 635 penetrat
1279 549 1368 615 ad
1394 549 1669 633 Tigrim.
1759 548 1938 616 Tota
1966 553 2145 636 regio
2177 552 2346 618 ultra
2376 574 2520 621 am-

314 672 475 719 nem
502 653 755 719 receuti
783 652 1087 719 fumabat
1111 654 1421 720 incendio
1450 675 1469 737 3
1516 655 1772 740 quippe
1818 654 2152 735 Mazaeus,
2183 675 2521 741 quaecum·

317 776 450 840 que
479 754 760 836 adierat,
787 757 967 822 haud
997 776 1195 824 secus
1225 778 1426 843 quam
1446 758 1665 825 hostis
1688 760 1949 824 urebat.
2008 760 2113 824 15.
2146 761 2254 825 Ac
2279 762 2522 843 primo,

316 858 624 941 caligine,
655 878 858 944 quam
904 858 1131 928 fumus
1160 860 1502 942 effuderat,
1533 864 1934 929 obscurante
1960 863 2210 943 lucem,
2241 864 2520 931 insidia-

314 981 465 1027 rum
481 966 667 1030 metu
698 962 1040 1031 substitit:
1085 965 1331 1030 deinde
1360 974 1441 1031 ut
1469 968 1925 1052 speculatores
1964 967 2295 1052 praemissi
2328 971 2348 1002 ‘
2371 973 2524 1034 tuta

316 1064 581 1135 omuia'
623 1065 1106 1147 nuntiaverunt,
1151 1088 1410 1153 paucos
1472 1070 1776 1154 equitum
1835 1070 1926 1135 ad
1971 1070 2359 1136 tentandum
2405 1091 2522 1137 va-

318 1168 527 1238 dum¹
583 1168 875 1236 fluminis
926 1171 1258 1256 praemisit
1287 1192 1306 1237 t
1380 1172 1581 1257 cujus
1639 1172 1924 1239 altitudo
1981 1174 2199 1258 primo
2258 1193 2522 1239 summa

311 1292 637 1356 equorum
665 1280 959 1359 pectora,
1004 1270 1188 1355 mox}
1219 1279 1295 1340 nt
1336 1276 1409 1341 in
1451 1276 1746 1341 medium
1777 1277 2051 1343 alveum
2081 1285 2356 1343 ventum
2386 1285 2520 1355 est,

318 1376 621 1442 cervices
650 1396 923 1462 quoque
956 1380 1295 1463 aequabat.
1382 1380 1487 1444 16.
1537 1379 1687 1445 Nec
1709 1400 1869 1445 sane
1896 1380 2070 1447 alius
2100 1380 2186 1448 ad
2214 1379 2514 1447 Orientis

316 1480 590 1564 plagam
606 1486 748 1546 tam
769 1482 1103 1547 violentus
1124 1482 1461 1549 invehitur
1483 1478 1541 1563 ς]
1585 1483 1939 1549 multorum
1961 1482 2348 1549 torrentium
2380 1502 2520 1547 non

317 1586 804 1670 aquassolum,
826 1586 949 1651 sed
974 1591 1181 1652 etiam
1208 1605 1380 1652 saxa
1407 1606 1641 1652 secum
1670 1587 1979 1653 trahens:
2011 1588 2240 1672 itaque
2272 1608 2316 1653 a
2345 1588 2519 1651 cele-

316 1690 566 1767 ritate,y
581 1743 584 1744 γ
605 1709 747 1773 qua
790 1690 1049 1770 defluit,
1084 1694 1104 1725 ‘
1126 1689 1352 1774 Tigri'
1396 1709 1638 1754 nomen
1666 1695 1767 1753 est
1794 1689 2117 1754 inditum:
2163 1688 2329 1773 quia
2358 1687 2521 1753 Per-

320 1792 476 1858 sica
498 1798 522 1826 ⁸
575 1792 808 1875 lingua
877 1792 1165 1878 ‘Tigrim
1184 1792 1203 1819 ’
1276 1792 1595 1877 sagittam
1655 1793 2029 1875 appellant.
2060 1873 2063 1878 Δ
2119 1792 2230 1857 17.
2307 1791 2523 1875 Igitur.

876 405 995 454 οι..
1042 404 1227 454 cxn.
1271 387 1338 454 2.
1413 404 1488 453 A.
1532 385 1652 453 cn.
1696 403 1771 453 N.
1815 386 1971 454 331.

326 2061 330 2069 Ι
392 1993 417 2039 δ’
453 1994 559 2046 Nec
578 1995 727 2046 ullum
746 1996 1074 2063 aliudflumen
1091 1996 1144 2048 in
1170 1996 1370 2048 Oriente
1389 2001 1487 2047 tam
1506 1996 1862 2060 rapidesertur.

1241 2144 1505 2165 000000000
1511 2145 1566 2165 00
1572 2143 1601 2162 0

320 2263 476 2313 Voss.
497 2266 550 2313 2.
571 2261 798 2314 Arbelam
815 2279 837 2323 ,·
891 2263 1062 2328 Lugd.
1093 2270 1149 2315 et
1188 2264 1359 2314 Amst.
1382 2264 1593 2315 Arbeila.
1648 2264 1881 2315 Florent.
1917 2269 1973 2313 et
1998 2262 2141 2314 Leid.
2165 2261 2521 2326 distinguunt:

315 2327 572 2393 penetrat.-
604 2331 667 2379 αα
708 2328 898 2392 Tigrim
919 2335 1041 2381 tota.
1106 2331 1237 2380 Mox
1261 2331 1375 2381 Pal.
1402 2335 1445 2380 1.
1471 2345 1754 2393 quocumque
1787 2330 2117 2381 delimate-15
2154 2330 2263 2379 Pro
2283 2327 2522 2392 effuderat

317 2395 575 2457 Bongars.
594 2401 649 2445 et
688 2393 872 2445 Heius.
901 2396 1041 2459 conj.
1078 2394 1332 2459 offiaderat,
1367 2409 1469 2446 uon
1507 2395 1834 2459 improbante
1876 2394 2240 2445 Freinshemio.
2303 2394 2522 2444 Theocr.

314 2460 428 2509 dein
455 2463 511 2509 ut
526 2476 548 2519 ,·
604 2460 751 2511 Voss.
774 2464 825 2510 2.
850 2460 1047 2512 omittit
1082 2468 1152 2513 ut.
1223 2462 1377 2513 Voss.
1396 2465 1446 2513 2.
1487 2463 1551 2511 ad
1583 2462 2012 2525 contemplandum;
2065 2460 2185 2511 Pal.
2214 2465 2259 2511 1.
2283 2463 2524 2509 attentan-

315 2527 464 2583 dum,·
520 2525 669 2576 Leid.
695 2532 751 2576 et
770 2527 922 2578 Voss,
946 2529 992 2576 1.
1028 2529 1092 2577 ad
1116 2529 1591 2593 temptandum—16
1624 2527 1772 2576 Voss.
1812 2532 1852 2577 l.
1896 2528 1974 2577 Ne
1991 2542 2119 2576 sane.
2186 2525 2404 2575 Theocr.
2427 2525 2528 2573 vio·

317 2592 488 2642 lenter.
540 2592 680 2642 Dan.
698 2605 839 2656 equas
860 2593 1029 2658 solum,
1052 2598 1108 2643 et
1130 2607 1265 2643 corr.
1286 2608 1449 2656 aquas.
1500 2591 1619 2641 Ald.
1642 2607 1733 2656 qua
1746 2591 1915 2657 defuit.
1965 2591 2138 2656 Vulgo
2155 2598 2277 2640 ante
2293 2589 2524 2640 Freinsh.

1314 2742 1528 2805 NOTAE

325 2910 329 2919 Δ
384 2862 418 2889 w
451 2854 647 2907 Proeter
684 2854 882 2922 Arbela]
949 2855 1091 2906 Mira
1131 2854 1229 2908 hoc
1267 2857 1384 2908 loco

320 2931 493 2991 Curtii
525 2932 685 2982 nostri
718 2933 1014 2996 oscitantia,
1051 2933 1160 2997 qui,
1191 2932 1385 2984 Arbela

319 3022 438 3062 curn
461 3008 616 3073 paulo
640 3014 762 3058 ante
783 3015 922 3059 trans
943 3009 1136 3074 Tigrim
1158 3011 1384 3062 colloca-

318 3085 408 3150 rit,
424 3099 561 3136 nuuc
578 3085 773 3150 Tigrim
793 3087 961 3150 ipsum
977 3094 1172 3153 praeter
1189 3089 1383 3140 Arbela

320 3162 490 3227 ponit.
552 3162 687 3213 Sunt
710 3162 798 3229 qni
827 3162 904 3213 ita
936 3171 1205 3227 excusent,
1238 3166 1383 3231 quasi

322 3249 515 3308 praeter
538 3240 734 3293 Arbela
768 3242 961 3293 dixerit
993 3244 1263 3307 trajectum
1295 3245 1384 3294 Ti-

321 3317 635 3384 grim,·quod
668 3319 753 3370 bic
787 3317 929 3369 flexu
950 3319 1171 3384 quodam
1194 3319 1383 3371 Orien·

321 3404 427 3445 tem
459 3410 637 3446 versus
673 3403 1026 3460 procurreret,
1058 3397 1193 3446 ultra
1229 3411 1385 3462 quam

320 3471 519 3522 Arbela
542 3470 642 3521 sita
665 3476 844 3535 erant3
867 3478 927 3522 ut
943 3473 1130 3523 merito
1152 3472 1382 3524 scribere

318 3549 551 3613 potuerit
571 3556 769 3612 praeter
792 3563 908 3599 eam
930 3549 1107 3600 urbem
1131 3550 1389 3600 transmis-

320 3641 433 3675 sum
478 3625 637 3676 fuisse
689 3625 756 3676 ab
802 3624 1101 3677 Alexandro
1152 3624 1384 3684 fluvium.

320 3704 553 3769 quamvis
577 3705 690 3767 ipsa
707 3704 846 3754 ultra
865 3704 1063 3768 Tigrim
1080 3709 1239 3756 esset.
1279 3705 1384 3754 Ve-

320 3796 431 3830 rum
446 3781 561 3831 baec
574 3781 852 3845 sententia,
868 3789 1063 3846 praeter
1080 3796 1232 3845 quarn
1250 3781 1386 3846 quod

323 3859 502 3922 gratis,
526 3858 681 3909 immo
715 3858 892 3909 hercle
926 3857 1178 3922 ingratiis,
1203 3858 1386 3909 Curtio

323 3933 604 3998 affingitur,
628 3934 761 3984 falsa
793 3939 874 3984 est
906 3935 1021 3998 ipsa
1053 3948 1149 3999 per
1189 3948 1266 3999 se,
1307 3934 1387 3985 uti

322 4026 477 4075 supra
499 4011 968 4061 demonstravimus
990 4010 1057 4061 ad
1078 4025 1194 4076 cap.
1217 4015 1266 4062 9.

384 4093 412 4119 ⁸
453 4086 662 4150 Vadam]
702 4087 966 4137 Diodorus
1003 4101 1211 4153 quoque
1254 4086 1387 4138 vado

325 4163 598 4229 trajectum
642 4171 835 4224 narrat,
878 4166 971 4215 sed
1004 4165 1253 4214 Arrianus
1292 4165 1388 4216 lib.

326 4254 423 4292 vn.
444 4248 604 4306 negat
623 4242 817 4306 Tigrim
835 4256 1046 4308 usquam
1069 4242 1201 4294 vado
1222 4249 1388 4295 trans·

327 4318 594 4375 meabilem
616 4334 751 4372 esse.

1526 2866 1550 2903 1
1583 2859 1627 2910 Δ
1650 2855 1915 2920 celeritate]
1949 2856 2037 2906 De
2072 2855 2187 2920 ipso
2222 2852 2366 2916 Tigri
2397 2850 2525 2913 infe·

1461 2937 1590 3000 rius,
1610 2936 1702 2987 lib.
1724 2949 1778 2986 v.
1801 2950 1919 2999 cap.
1946 2939 1995 2983 1.
2062 2933 2214 2983 Nunc
2249 2930 2313 2980 ad
2337 2945 2525 2980 nomen

1462 3012 1601 3078 quod
1645 3013 1838 3064 attinet
1887 3010 2244 3073 rationemque
2285 3007 2526 3068 nominis,

1464 3089 1652 3142 Curtio
1671 3087 2005 3140 consentiunt
2025 3086 2234 3147 Strabo,
2253 3085 2346 3135 lib.
2365 3098 2446 3135 xr.
2471 3091 2529 3134 et

1464 3167 1669 3217 Plinius
1708 3166 1800 3216 lib.
1824 3178 1907 3213 vr.
1944 3179 2064 3228 cap.
2097 3167 2181 3213 27.
2218 3169 2376 3227 atque
2418 3162 2526 3210 alii.

1465 3242 1698 3293 Isidorus
1734 3249 1910 3292 autem
1946 3241 2035 3290 lib.
2061 3253 2190 3289 xm.
2218 3253 2334 3302 cap.
2357 3240 2438 3287 21.
2461 3237 2526 3286 ab

1466 3322 1673 3370 animali
1709 3319 1902 3384 tigride
1933 3331 2121 3367 nomen
2151 3314 2367 3364 ductum
2405 3327 2528 3364 cen-

1466 3403 1567 3462 set,
1580 3405 1797 3462 propter
1812 3394 2103 3445 velocitatis
2119 3391 2525 3442 similitudinem.
2539 3412 2542 3415 “

1465 3478 1756 3541 Utrumque
1798 3487 1974 3523 verum
2017 3485 2133 3521 esse
2169 3476 2363 3533 potest,
2401 3475 2459 3517 ut
2497 3484 2528 3517 a

1467 3553 1660 3615 sagitta
1679 3550 1887 3611 animal,
1908 3548 1973 3597 ab
1997 3547 2204 3597 animali
2233 3543 2416 3595 fluvius
2439 3559 2529 3608 ap-

1468 3629 1807 3694 pellationem
1827 3626 2042 3676 sortitus
2061 3624 2236 3674 fuerit.
2261 3621 2337 3673 Ut
2349 3630 2409 3672 ut
2425 3630 2529 3682 est,

1468 3706 1537 3756 de
1576 3707 1691 3770 ejus
1732 3702 2024 3754 incredibili
2054 3700 2325 3751 celeritate
2364 3699 2531 3749 videri

1470 3796 1673 3848 quoque
1692 3787 1866 3845 potest
1879 3779 2080 3828 Plinius
2098 3777 2189 3830 lib.
2205 3790 2329 3827 vm.
2347 3791 2461 3840 cap.
2481 3781 2531 3828 8.

1533 3869 1555 3893 ²
1587 3856 1806 3920 Persica]
1845 3855 2118 3906 Medorum
2155 3854 2330 3918 lingua
2360 3855 2532 3916 tigrim

1467 3937 1716 4002 sagittam
1733 3949 1847 3985 esse
1863 3933 1948 3983 alii
1966 3933 2176 3983 tradunt
2194 3947 2211 3995 ς
2233 3930 2325 3981 sed
2346 3928 2529 3982 Persas

1466 4014 1707 4063 nimirum
1744 4012 1931 4077 passim
1965 4011 2102 4074 apud
2126 4009 2363 4073 antiquos
2383 4009 2531 4059 Medi

1467 4096 1742 4151 vocantur,
1779 4094 1994 4153 propter
2029 4087 2199 4150 gentis
2235 4093 2292 4136 et
2327 4085 2532 4149 imperii

1468 4165 1794 4228 affinitatem,
1830 4171 1888 4214 ut
1927 4178 2027 4213 non
2064 4163 2249 4213 mirum
2285 4163 2355 4214 sit
2389 4162 2529 4212 idem

1466 4242 1704 4308 utrisque
1728 4238 2217 4296 vocabulmfuisse
2238 4252 2528 4290 commuue«
