2978 4933
2390 332 2523 399 263

322 497 630 559 moveret
671 495 1063 572 exercitum,
1108 513 1310 577 opem
1341 492 1560 561 Deum
1588 511 1988 576 exposcenS,
2013 512 2275 558 sacrum
2306 494 2523 579 patrio

317 617 502 661 more
542 597 854 663 faciebat.
943 599 1050 663 11.
1114 598 1320 663 Forte
1367 597 1851 681 praetervolans
1910 612 2153 661 corvus
2211 596 2522 680 glebam,⁸

315 721 518 784 quam
545 702 874 785 unguibus
899 702 1178 781 ferebat,
1211 702 1438 766 subito
1461 701 1714 779 omisit‚·
1754 719 1909 784 quae
1942 720 2094 764 cum
2116 700 2287 782 regis
2306 699 2519 782 capiti

315 804 693 882 incidisset,
725 806 1019 870 resoluta
1043 804 1394 870 defluxit:‘
1433 802 1589 888 ipsa
1619 809 1846 868 autem
1893 804 2043 868 avis
2092 804 2162 868 in
2209 805 2521 887 proxima

315 913 508 972 turre·
543 909 871 973 consedit.
962 909 1148 974 Illita
1184 915 1330 974 erat
1373 909 1568 973 turris
1609 909 1936 973 bitumine
1962 905 1987 942 ¹¹
2036 928 2125 972 ac·
2168 907 2483 992 sulphure
2502 924 2530 970 τ

316 1013 390 1076 in
421 1032 558 1095 qua
604 1012 732 1076 alis
774 1004 1199 1092 haerentibus,
1242 1013 1495 1077 frustra
1527 1032 1601 1076 se
1652 1012 1940 1076 allevare
1988 1017 2268 1075 conatus
2297 1030 2342 1074 a
2393 1010 2522 1074 cir-

315 1118 816 1182 cumstantibus
846 1118 1127 1201 capitur.
1216 1118 1325 1184 12.
1374 1117 1602 1200 Digna
1643 1135 1749 1181 res
1803 1117 1972 1195 visa,
2021 1115 2103 1180 de
2149 1118 2299 1198 qua'
2331 1122 2520 1181 vates

316 1219 858 1285 conaulerentur:
901 1227 971 1284 et
998 1227 1146 1286 erat
1164 1240 1298 1284 non
1326 1222 1617 1285 intactus
1648 1239 1731 1284 ea
1756 1219 2224 1303 superstitione
2253 1219 2520 1283 mentis·

319 1321 501 1405 Ergo
534 1322 951 1402 Aristander,
989 1324 1097 1389 cui
1127 1325 1430 1389 maxima
1473 1322 1647 1387 fides'
1678 1322 2070 1400 habebatur,
2118 1326 2136 1356 ‘
2160 1321 2343 1385 urbis
2374 1322 2522 1404 qui-

316 1425 474 1490 dem
516 1426 859 1491 excidium
905 1427 1183 1509 augurio
1233 1422 1356 1491 illo
1403 1424 1729 1509 portendi,
1779 1428 2094 1503 ceterum,
2148 1425 2521 1509 periculum

315 1548 473 1594 esse
518 1529 812 1614 [inquit]‚
845 1550 927 1595 ne
955 1550 1075 1595 rex
1103 1531 1347 1596 vulnus
1378 1531 1723 1614 acciperet
1742 1529 1779 1594 :⁹
1809 1531 2036 1614 itaque
2065 1529 2345 1604 monuit,
2394 1532 2414 1561 ‘
2437 1547 2522 1593 ne

316 1631 487 1716 quid
534 1652 617 1696 eo
666 1632 776 1696 die
815 1625 1181 1716 inciperet-⁹
1269 1633 1375 1698 13.
1423 1632 1552 1697 Ille
1601 1652 1987 1716 quanquam
2035 1614 2239 1697 {mam
2291 1632 2523 1696 urbem

859 346 975 393 οι..
1026 345 1221 396 cxii.
1266 330 1331 394 1.
1409 346 1483 396 A.
1531 346 1651 395 cn.
1699 346 1775 395 N.
1817 330 1968 397 332.

387 1792 402 1825 ¹
436 1793 497 1842 In
507 1795 765 1857 particulas
785 1794 1068 1845 comminuta
1088 1794 1301 1844 dissiliit.

1236 1925 1599 1946 uenam„

316 1998 473 2056 voss.
496 2012 544 2058 2.
577 2023 639 2058 ex
659 2010 872 2060 tabulata
895 2017 933 2062 t.
962 2011 1464 2075 perstringebat—10
1501 2010 1647 2061 Leid.
1683 2025 1820 2061 sacra
1854 2011 2011 2073 patrio
2032 2014 2302 2060 mora—ll
2342 2009 2454 2058 Pal.
2474 2013 2524 2058 1.

313 2074 556 2134 unguibus
576 2076 782 2125 tenebat.
850 2077 986 2126 Edd.
1013 2085 1143 2127 vett.
1170 2092 1284 2126 cum
1307 2077 1543 2126 Freinsh.
1570 2077 1763 2127 Cellar.
1799 2077 1990 2126 Putisc.
2012 2076 2143 2125 Tell.
2170 2075 2346 2124 Maitt.
2368 2074 2527 2124 Snak.

311 2137 479 2188 Barb.
502 2143 600 2189 διο.
632 2156 673 2191 s.
698 2141 860 2192 amisit
875 2158 895 2201 ,·
927 2143 1147 2192 Theocr.
1186 2152 1242 2192 et
1273 2142 1393 2191 Ald.
1427 2143 1583 2192 subito
1605 2143 1779 2191 omisit.
1852 2142 2017 2205 Bong.
2038 2146 2088 2192 2.
2113 2149 2168 2191 et
2190 2141 2341 2189 Voss.
2367 2145 2412 2189 l.
2444 2154 2519 2187 re-

313 2204 471 2253 soluta
508 2206 710 2269 defluit5
741 2207 884 2257 Pitli.
917 2222 960 2255 r.
999 2208 1226 2273 deflexit5
1265 2208 1513 2257 Heinsius
1552 2208 1690 2271 conj.
1727 2208 1957 2273 diffluxit.
2023 2207 2152 2256 Mox
2185 2206 2387 2270 Impleta
2419 2209 2526 2254 erat

315 2269 511 2319 Bothe.
595 2271 765 2335 Bong.
812 2277 858 2322 1.
908 2280 1118 2334 conatus,
1162 2273 1251 2322 sed
1307 2275 1671 2338 superscripto
1715 2289 1746 2321 a
1784 2278 1976 2321 conatus
1990 2288 2008 2328 ,-
2064 2271 2206 2321 Pith.
2247 2275 2527 2320 conabar.—

318 2337 386 2382 12
419 2335 570 2384 voss.
593 2340 643 2385 2.
676 2352 751 2385 res
772 2340 873 2387 visa
898 2345 983 2387 est.
1050 2339 1162 2388 Pal.
1187 2344 1233 2389 1.
1256 2338 1423 2401 Βοῦς.
1446 2344 1489 2389 1.
1509 2343 1559 2388 2.
1596 2339 1827 2388 Floreat.
1851 2337 1999 2389 Leid.
2024 2346 2078 2388 et
2099 2339 2252 2386 Voss.
2278 2342 2324 2387 1.
2357 2350 2523 2384 consu-

315 2398 438 2448 leret
453 2416 474 2458 ;
508 2402 629 2450 Bas.
655 2410 710 2451 et
733 2403 857 2452 Ald.
886 2405 1193 2455 consulerent.
1260 2403 1431 2453 Amat.
1454 2411 1512 2452 et
1534 2405 1701 2466 Lugd.
1740 2408 1787 2453 et
1820 2408 1924 2452 erut
1957 2400 2062 2453 rex.
2133 2402 2282 2451 Leid.
2303 2403 2454 2451 Voss.
2478 2403 2527 2450 1.

317 2468 370 2515 2.
408 2466 576 2531 Bong.
601 2468 715 2517 Pal.
744 2475 790 2518 l.
814 2477 868 2519 et
895 2471 1031 2519 Dan.
1066 2472 1268 2531 intacta,
1305 2470 1446 2535 quod
1471 2470 1854 2520 Freinshemius
1879 2470 2066 2518 mutari
2103 2470 2212 2518 vult
2235 2469 2287 2517 in
2309 2469 2526 2528 intacta»,

317 2545 394 2578 sc.
420 2535 628 2592 mentis,
652 2534 906 2598 probante
931 2535 1162 2585 Heinsio.
1229 2536 1478 2584 ‘Malimz
1513 2541 1567 2585 ut
1600 2540 1705 2584 erat
1727 2550 1821 2583 non
1850 2533 2079 2586 intacta)
2103 2533 2289 2584 Bothe.
2355 2533 2525 2583 Paulo

319 2605 461 2659 post,
495 2597 653 2661 inquit
675 2614 773 2649 non
798 2600 1023 2650 habetur
1044 2602 1094 2650 in
1121 2600 1349 2651 Florent.
1374 2600 1522 2649 Leid.
1547 2601 1694 2649 Voss.
1718 2604 1765 2650 1.
1788 2604 1838 2649 2.
1876 2600 2041 2662 Bong.
2066 2605 2112 2648 1.
2134 2603 2184 2649 2.
2209 2598 2336 2648 aliis.
2404 2597 2524 2646 Pal.

317 2666 370 2714 1.
392 2664 618 2714 omittit:
656 2665 815 2729 itaque
836 2682 898 2717 m.
920 2682 971 2716 n.
994 2684 1042 2730 q.
1067 2682 1118 2715 eo
1138 2669 1188 2715 d.
1215 2666 1591 2730 inciperet.-·13
1628 2665 1774 2715 Pith.
1809 2664 1970 2714 urbem
1988 2679 2165 2724 unam3
2197 2665 2347 2714 Voss.
2363 2666 2413 2712 2.
2446 2674 2527 2711 ur-

1310 2798 1530 2850 NOTAE

318 2891 534 2958 duplex,
560 2895 772 2958 triplex,
806 2903 894 2946 aut
926 2913 1101 2961 supra,
1118 2904 1182 2969 ,ut
1204 2913 1379 2949 nume-

318 2983 405 3018 rus
430 2969 667 3029 militum,
691 2981 783 3023 aut
815 2975 1121 3039 magnitudo
1155 2977 1257 3026 loci
1289 2991 1378 3041 op-

299 3048 583 3112 ‘pugnandi
607 3057 737 3099 erat.
809 3052 868 3099 In
893 3067 1083 3102 corona
1105 3053 1379 3104 introrsum

315 3123 543 3187 pedites,
564 3138 776 3187 quorum
795 3126 1067 3188 invadere;
1092 3137 1381 3179 extrorsum

316 3201 542 3265 equites,
565 3216 777 3265 quorum
801 3202 1094 3267 inspectare
1115 3214 1171 3257 et
1193 3206 1359 3256 tueri.'

382 3283 409 3319 8
429 3276 654 3341 Glebam]
675 3278 870 3333 Eodem
884 3280 1037 3329 modo
1052 3280 1383 3334 Plutarchus.

316 3352 569 3403 Arrianus
592 3361 766 3404 autem
789 3355 1013 3418 lapidem
1032 3355 1189 3407 fuisse
1206 3355 1382 3408 tradit.

318 3431 422 3480 Sed
441 3430 645 3494 glebam
663 3445 779 3480 esse
798 3432 1050 3494 oportuit,
1065 3434 1109 3483 si
1128 3435 1292 3500 capiti
1307 3436 1381 3485 in-

321 3508 504 3558 cidens
528 3509 545 3536 ‘
566 3509 794 3557 resoluta
817 3507 1071 3560 defluxit!

381 3582 406 3617 ἢ
441 3582 713 3647 Bitumine]
761 3585 1016 3636 Quorsum
1051 3587 1284 3639 bitumen
1321 3606 1382 3642 ac

319 3659 520 3710 sulfur?
572 3661 646 3709 Ut
677 3660 898 3710 celerius
934 3654 1104 3726 ignim
1132 3674 1383 3730 caperent

321 3743 490 3787 turres
513 3736 734 3799 scilicet,
758 3752 872 3801 quae
901 3742 1039 3788 omui
1072 3742 1241 3804 potius
1267 3751 1381 3794 arte

321 3814 568 3863 adversus
592 3813 762 3876 ignem
786 3814 1008 3865 hostium
1033 3817 1382 3870 defendeban-

320 3894 434 3943 tur?
457 3891 834 3955 Suspicabatur
855 3894 1131 3959 aliquando
1150 3897 1383 3947 Raderus

323 3971 570 4033 scriptum
596 3967 671 4017 sic
699 3982 830 4030 esse,
864 3971 1070 4021 alumine
1090 3989 1146 4023 ac
1163 3976 1384 4038 pulver&

326 4048 528 4096 alumen
556 4045 750 4109 quippe
773 4047 1021 4096 machinis
1057 4050 1123 4098 ab
1147 4051 1265 4114 igne
1292 4052 1383 4102 de·

317 4121 594 4176 fendendis
617 4130 918 4184 usurpatum
941 4124 1189 4177 Claudius
1211 4128 1386 4182 Quad-

328 4201 550 4265 rigarius
564 4204 625 4247 et
642 4195 941 4251 Ammianus
959 4202 1253 4266 prodidere.
1285 4204 1385 4254 Ve-

328 4292 437 4329 rum
472 4292 615 4328 suam
655 4277 766 4342 ipse
806 4277 1159 4342 conjecturam
1198 4282 1386 4334 merito

1462 2896 1685 2960 refellit3
1710 2898 1795 2947 vel
1819 2896 1941 2961 quia
1963 2894 2187 2945 nondum
2208 2892 2344 2943 istud
2368 2890 2529 2941 Alex·

1463 2975 1610 3024 andri
1636 2990 1748 3024 aevo
1772 2974 2072 3033 inventum;
2112 2972 2196 3021 vel
2215 2969 2336 3035 quia
2359 2968 2528 3033 impli-

1463 3050 1643 3100 candis
1678 3051 1845 3099 avium
1886 3049 2073 3113 plumis
2104 3048 2312 3097 minime
2346 3055 2526 3110 aptum

1464 3127 1666 3176 alumen
1695 3126 1900 3176 videtur
1923 3140 2052 3175 esse.
2086 3125 2260 3174 Nihilo
2282 3122 2422 3173 forte
2441 3137 2526 3172 ve-

1464 3204 1589 3268 rius,
1607 3203 1744 3269 quod
1779 3211 1950 3253 tamen
1987 3201 2155 3253 eidem
2180 3202 2396 3265 placuit,
2420 3208 2527 3250 tur-

1465 3278 1561 3329 rim
1602 3282 1698 3329 hoc
1735 3281 1847 3330 loco
1879 3294 1978 3329 nou
2015 3293 2167 3329 unam
2203 3292 2269 3325 ex
2293 3277 2530 3338 materia,

1462 3357 1811 3421 mobilemque
1835 3356 2127 3417 memorari,
2149 3354 2240 3404 sed
2266 3353 2524 3417 lapideam

1463 3435 1708 3499 aliquam,
1727 3440 1817 3483 aut
1849 3432 2150 3492 lateritiam,
2177 3430 2428 3480 bitumine
2464 3444 2526 3479 ac

1461 3509 1657 3561 sitlfure
1692 3526 1786 3575 pro
1809 3518 2065 3559 caemento
2089 3508 2390 3570 interlitam,
2411 3522 2528 3572 quae

1465 3595 1573 3638 tum
1613 3586 1751 3636 forte
1796 3585 1963 3635 vicina
2002 3583 2181 3634 fuerit.
2250 3583 2350 3632 Vix
2388 3583 2526 3632 enim

1462 3664 1781 3730 persuaserit
1816 3662 1969 3718 aliam,
2001 3661 2083 3711 hic
2118 3660 2301 3709 turrim
2333 3659 2529 3722 signifi-

1463 3743 1592 3805 cari,
1612 3757 1765 3807 quam
1798 3755 1864 3789 ex
1898 3754 2074 3788 earum
2099 3751 2306 3803 genere,
2328 3738 2393 3786 de
2417 3738 2528 3802 qui-

1464 3820 1560 3871 bus
1584 3819 1762 3884 paucis
1789 3825 1909 3866 ante
1934 3816 2167 3866 versibus
2196 3821 2378 3879 egerat
2401 3816 2529 3865 Cur-

1465 3897 1588 3946 tius.
1655 3897 1823 3947 Quem
1852 3910 1949 3957 ego
1972 3893 2338 3943 hallucinatum
2364 3894 2528 3944 credi-

1463 3973 1629 4023 derim
1653 3972 1843 4036 potius,
1867 3986 1981 4020 cum
2007 3971 2316 4019 Plutarchus
2337 3985 2437 4018 non
2458 3971 2532 4019 bi-

1464 4052 1684 4116 tumine,
1711 4049 1801 4099 sed
1828 4046 2048 4113 νευρίνοις
2080 4044 2410 4111 κεκρυφάλοις,
2434 4048 2531 4097 hoc

1466 4137 1570 4192 est,
1590 4127 1806 4179 reticulis
1835 4141 1896 4176 ex
1924 4141 2068 4176 nervo
2089 4125 2340 4184 contextis,
2363 4125 2426 4173 ad
2452 4124 2533 4172 fu-

1467 4221 1559 4257 nes
1583 4206 1889 4269 versandos,
1912 4204 2166 4253 irretitam
2203 4217 2347 4253 avem
2371 4201 2531 4266 scrip-

1467 4284 1614 4334 serit.
1639 4329 1645 4336 .
1927 4288 1933 4295 '
