2978 4933
461 377 597 446 296

457 541 839 607 Graecorum
895 537 1120 602 lunam
1182 555 1334 601 esse
1397 536 1792 601 Persarum:
1868 537 2130 621 quoties
2186 535 2306 600 illa
2356 532 2659 608 deficiat,

459 645 717 709 ruinam
746 650 1171 727 stragemque
1199 642 1338 706 illis
1367 641 1677 724 gentibus
1711 638 2021 724 portendi
2046 661 2062 705 z
2083 638 2099 665 '
2152 648 2512 722 veteraque
2537 655 2664 701 ex-

462 748 728 831 empla¹¹
780 752 1167 831 percensent
1222 752 1241 779 ‘
1272 745 1571 810 Persidis
1616 765 1868 828 regum,
1920 764 2098 828 quos
2154 742 2461 812 adversis
2506 740 2666 806 Diis

459 871 814 937 pugnasse,
845 851 1018 915 lunae
1048 850 1456 915 ostendisset
1499 848 1838 915 desectio.’
1925 851 1987 914 7.
2036 848 2247 914 Nulla
2286 866 2397 911 res
2437 843 2669 909 effica-

461 952 611 1019 cius
641 954 1128 1018 multitudinem
1175 954 1360 1037 regit,
1392 974 1595 1037 quam
1642 951 2067 1036 superstitio:
2112 949 2412 1034 alioquin
2441 949 2671 1032 impo-

461 1063 631 1133 tens,
656 1075 869 1133 saeva,
901 1053 1265 1133 mutabilis
1298 1055 1412 1119 ubi
1446 1055 1974 1138 vanarreligione
2005 1062 2209 1139 capta
2255 1061 2388 1130 est,
2417 1052 2670 1115 melius

460 1160 736 1224 vatibus
766 1177 966 1242 quam
1014 1158 1305 1223 ducibus
1350 1158 1494 1222 suis
1541 1166 1785 1242 paret.'
1846 1158 2061 1241 Igitur
2104 1158 2286 1221 edita
2329 1155 2396 1219 in
2428 1155 2672 1237 vulgus

460 1263 927 1346 AEgyptiorum
953 1280 1278 1344 responsa
1305 1280 1539 1324 rursus
1582 1260 1669 1326 ad
1711 1280 1901 1345 spem
1946 1268 2017 1325 et
2045 1260 2363 1325 fiduciam
2394 1277 2671 1322 erexere

460 1363 851 1450 torpentes!
925 1363 991 1430 8.
1041 1364 1221 1441 Rex,
1254 1365 1515 1448 impetu
1550 1365 1912 1430 animorum
1964 1363 2282 1428 utendum
2319 1367 2526 1433 ratus,
2556 1381 2672 1425 se-

463 1469 684 1534 cunda
715 1468 942 1551 vigilia
969 1474 1194 1531 castra
1215 1471 1462 1533 movit:
1510 1467 1746 1533 dextra
1768 1468 2021 1550 Tigrim
2050 1467 2381 1546 habebat3
2427 1465 2678 1530 alaeva.

462 1580 748 1649 monteS‚
766 1590 935 1655 quos
968 1575 988 1603 ‘
1014 1569 1349 1637 Gordaeos
1369 1571 1386 1597 ’
1417 1578 1730 1639 ⁰vooant.
1774 1573 1837 1637 9.
1866 1572 2023 1636 Hoc
2046 1571 2345 1654 ingresso
2363 1569 2491 1635 iter
2512 1589 2677 1654 spe-

912 373 1287 454 Q.-CUR'1¹11
1344 391 1522 440 Ruri
1578 377 1718 439 nm.
1767 392 1868 437 tv.
1919 392 2081 474 ess.
2128 376 2232 440 10.

517 1771 551 1813 s
578 1773 760 1823 Iterum
780 1775 843 1823 ud
861 1771 1097 1839 fiduciam
1117 1777 1164 1822 et
1186 1771 1433 1822 audacium
1454 1771 1774 1821 traduxerunt
1794 1785 1889 1834 eos,
1911 1772 1992 1836 qui
2012 1778 2153 1823 antea
2175 1772 2466 1833 languebant
2487 1772 2642 1819 metu.

1372 1934 1493 1954 Μ
1498 1934 1738 1954 ΟΝΟΜΟ

465 2053 579 2104 Col.
606 2058 661 2103 et
685 2052 825 2102 Mer.
848 2051 1150 2116 quotiesque3
1203 2050 1353 2101 Voss.
1374 2055 1423 2102 2.
1446 2053 1854 2116 quotiescumqu25
1903 2053 2017 2103 Pal.
2040 2057 2084 2101 1.
2106 2052 2405 2116 quotiensque
2416 2066 2437 2110 ,·
2495 2049 2679 2100 Amst.

461 2118 691 2183 quotiens.
742 2119 867 2168 Bas.
885 2124 1053 2181 portus
1067 2118 1304 2180 portendi.
1355 2119 1508 2167 Voss.
1534 2121 1579 2167 l.
1601 2124 1803 2181 utruque
1824 2120 2051 2181 exemffla.
2120 2119 2225 2167 Pro
2244 2122 2524 2180 percenseat
2547 2129 2678 2164 nou-

462 2185 622 2234 nullae
648 2182 770 2233 edd.
793 2190 922 2234 vett.
955 2187 1212 2232 recensent.
1284 2183 1452 2246 Lugd.
1491 2190 1546 2232 et
1580 2182 1753 2234 Amst.
1791 2183 1970 2234 aversis
2002 2184 2152 2241 Diis,-
2201 2184 2354 2234 Voss.
2378 2186 2421 2231 l.
2443 2182 2682 2231 adversus

461 2250 636 2306 Deo-35
670 2248 816 2298 Leid.
840 2255 895 2299 et
917 2248 1067 2298 Voss.
1094 2248 1308 2297 advasis
1332 2248 1546 2299 Des—⁷
1584 2250 1811 2308 Floreat.
1833 2249 1980 2299 Leid.
1997 2250 2148 2300 Voss.
2175 2253 2221 2298 1.
2241 2252 2289 2298 2.
2307 2248 2475 2309 Bong.
2496 2244 2679 2295 Amst.

462 2323 517 2363 et
539 2313 703 2377 Lugd.
729 2313 1082 2363 multitudinem
1108 2313 1358 2378 efficacius.
1428 2313 1660 2365 Florent.
1688 2315 1835 2365 Leid.
1862 2316 2015 2364 Voss.
2035 2319 2081 2365 1.
2101 2318 2149 2365 2.
2172 2315 2292 2363 Bas.
2311 2312 2482 2375 Lugd.
2503 2310 2684 2361 Amst.

463 2380 578 2430 Col.
594 2386 650 2429 et
670 2379 827 2430 Frob.
844 2378 1055 2441 alioquin
1074 2378 1302 2442 impotens
1314 2395 1335 2437 ,·
1372 2379 1544 2441 Bong.
1573 2385 1618 2429 1.
1642 2379 1822 2443 alioqui
1839 2385 2024 2443 poiens.
2077 2380 2212 2430 Dan.
2231 2394 2328 2429 una
2343 2379 2604 2441 religione,
2622 2385 2683 2427 et

463 2445 530 2494 ab
555 2443 622 2495 al.
647 2459 713 2495 m.
737 2458 870 2496 corr.
905 2459 1044 2495 vana.
1102 2444 1217 2496 Pal.
1251 2450 1299 2497 l.
1322 2444 1516 2493 ducibus
1538 2459 1579 2494 s.
1623 2451 1812 2509 parent.
1881 2445 2033 2497 Voss.
2058 2450 2105 2496 l.
2141 2445 2290 2496 oedita
2321 2445 2375 2494 in
2409 2445 2684 2506 vulgus.—

460 2516 493 2564 8
530 2508 677 2560 Leid.
703 2520 758 2560 et
777 2511 930 2561 Voss.
954 2515 1003 2560 1.
1049 2511 1249 2576 Tygrin.
1315 2508 1486 2561 Amst.
1514 2519 1569 2560 et
1600 2510 1767 2572 Lugd.
1792 2511 1988 2561 omittit
2023 2511 2445 2576 praepositionem
2479 2526 2514 2559 a
2555 2516 2684 2559 ante

461 2579 599 2626 loeva.
652 2575 789 2626 Dan.
810 2592 925 2640 quos
946 2576 1174 2627 Scor-deos
1188 2592 1209 2635 ,·
1261 2576 1430 2638 Bong.
1449 2577 1563 2625 Pal.
1584 2581 1632 2626 1.
1668 2577 1900 2626 Floreat.
1919 2578 2068 2627 Leid.
2085 2579 2238 2628 Voss.
2260 2581 2307 2626 l.
2326 2580 2374 2626 2.
2397 2578 2526 2626 Bas.
2563 2575 2683 2624 Col.

462 2651 519 2691 et
547 2643 680 2692 Mer.
701 2658 813 2705 quos
839 2644 1085 2700 Corum,-
1121 2640 1236 2690 Atd.
1261 2656 1375 2704 quos
1401 2642 1582 2690 Gor-dei
1596 2657 1616 2700 ,·
1650 2641 1821 2692 Amst.
1844 2649 1899 2692 et
1922 2643 2087 2706 Lugd.
2105 2658 2222 2707 quos
2246 2643 2482 2692 Gor-dacos
2498 2658 2519 2701 ,⁰
2555 2641 2647 2690 alii
2667 2656 2681 2688 ε

458 2722 574 2771 quos
598 2708 981 2772 Gordyoeos.—-9
1015 2708 1247 2757 Florent.
1272 2706 1416 2757 Leid.
1441 2708 1594 2757 Voss.
1621 2711 1666 2757 1.
1693 2709 1861 2773 Bong.
1887 2717 1940 2758 et
1959 2709 2095 2758 Dan.
2119 2707 2501 2771 ingressus-iter.
2554 2706 2679 2755 Pal.

1451 2875 1501 2924 N
1511 2873 1665 2925 0¹1*AE

460 3018 526 3054 ex
550 3001 858 3066 composito,
879 3007 936 3050 ut
971 3008 1214 3064 apparet,
1248 3004 1528 3052 commenti
1605 3006 1745 3054 nullo
1763 3006 1828 3055 ad
1850 3021 1954 3055 rem
1974 3005 2111 3072 quod
2138 3004 2330 3056 attinet
2351 3004 2682 3057 discrimine.

459 3086 582 3130 sunt
621 3077 686 3127 ad
732 3075 989 3125 sedandos
1031 3076 1250 3126 militum
1290 3077 1525 3140 animos3
1605 3082 1748 3132 Quos
1773 3084 1910 3132 enim
1936 3082 2122 3132 Strabo
2158 3082 2348 3146 passim
2381 3081 2681 3146 Gordyaeos

460 3175 562 3224 quo
586 3156 699 3206 fere
721 3154 874 3205 modo
903 3156 1037 3219 apud
1079 3156 1404 3206 Herodotum
1428 3158 1521 3208 lib.
1605 3159 2146 3219 vocat,hiPtolemaeo
2161 3158 2535 3209 Gordaeisunt.
2571 3159 2681 3210 Sed

461 3251 565 3295 vn.
583 3234 777 3285 Xerxis
796 3241 943 3283 vates
961 3233 1089 3282 Solis
1108 3229 1453 3282 defectionem
1469 3234 1522 3283 in

458 3317 764 3367 Graecorum
788 3312 1068 3377 perniciem
1092 3311 1522 3376 interpretantur.

458 3393 575 3444 Nec
612 3405 735 3441 vero
779 3389 1059 3439 Persarum
1106 3389 1269 3454 magis
1314 3405 1521 3454 numen,

458 3480 548 3523 aut
571 3472 793 3535 insigne,
816 3477 907 3520 aut
928 3471 1215 3538 symbolum
1242 3474 1390 3523 Luna
1407 3473 1524 3539 fuit,

457 3566 611 3616 quam
633 3549 937 3605 Graecorum
958 3566 970 3597 =
1007 3564 1124 3599 cum
1144 3550 1317 3614 potius
1349 3551 1523 3603 Solem

453 3630 533 3680 illi
602 3629 869 3694 praecipue
933 3636 1325 3692 venerarentur,
1389 3627 1525 3680 infra

453 3721 570 3769 cap.
596 3710 678 3757 13.

518 3789 545 3815 ¹¹
576 3781 836 3845 Exempla]
871 3781 979 3832 Aut
1008 3781 1141 3833 falsa
1162 3782 1442 3847 finxerunt,
1466 3792 1523 3835 ut

456 3860 593 3923 apud
619 3860 821 3920 ignaros
846 3859 1186 3924 antiquitatis,
1207 3867 1297 3909 aut
1329 3875 1397 3909 ex
1432 3876 1521 3911 ve-

458 3936 529 3985 ris
554 3934 739 3984 falsum
775 3934 1117 3997 collegerunt.
1184 3935 1323 3987 Quid
1348 3938 1518 3987 enim?

413 4022 425 4033 ’
456 4013 499 4062 si
536 4010 741 4077 quando
786 4011 1064 4060 Persarum
1115 4012 1314 4061 cladem
1356 4014 1517 4065 Lunae

457 4090 634 4154 aliqua
655 4087 927 4151 praecessit
944 4088 1165 4152 eclipsis,
1187 4104 1514 4157 nunquamne

455 4165 654 4228 Graeci,
677 4179 939 4231 nunquam
963 4166 1078 4216 aliae
1103 4175 1283 4232 gentes
1308 4176 1427 4234 post
1450 4171 1517 4221 si·

454 4243 628 4292 mitem
650 4240 915 4292 defectum
938 4244 1073 4295 male
1096 4249 1428 4309 pugnarunt?

519 4327 545 4379 9
580 4319 835 4386 Gordoeos]
865 4320 1072 4385 Legunt
1094 4322 1183 4373 alii
1217 4323 1477 4390 Gordyoeos
1493 4342 1515 4387 ,-

1603 3242 1823 3302 uterque
1862 3237 2127 3288 Armeniae
2164 3244 2367 3288 montes
2407 3237 2683 3304 intelligit,

1596 3312 1669 3363 ’de
1692 3314 1878 3379 quibus
1904 3312 2037 3364 infra
2056 3314 2145 3366 lib.
2167 3329 2221 3364 v.
2247 3329 2364 3380 cap.
2387 3318 2436 3365 1.
2485 3313 2563 3364 At
2582 3314 2680 3366 hos

1607 3407 1706 3440 non
1732 3407 1762 3440 a
1790 3394 1940 3457 laeva,
1963 3392 2052 3441 sed
2086 3407 2115 3442 a
2150 3399 2298 3456 tergo
2319 3391 2493 3456 potius
2511 3392 2683 3444 habet

1603 3471 1691 3535 qui
1716 3469 1944 3521 secundo
1961 3470 2102 3535 Tigri
2122 3470 2471 3534 progreditur.
2539 3470 2681 3522 Gor·

1606 3548 1807 3613 dyaeam
1851 3563 2058 3614 quoque
2111 3549 2378 3612 regionem
2439 3547 2678 3598 Persidis

1605 3626 1841 3690 agnoscit
1886 3627 2202 3689 Stephanus,
2244 3625 2338 3676 sed
2385 3625 2450 3676 ad
2503 3627 2679 3692 Tigris

1603 3701 1738 3769 ostia
1762 3704 1943 3767 procul
1963 3703 2080 3753 hinc
2102 3702 2361 3754 dissitam.
2410 3703 2675 3754 Gordaeos

1601 3794 1728 3845 vero
1763 3787 1963 3829 montes
1995 3780 2135 3830 circa
2170 3778 2364 3830 Arbela
2395 3780 2487 3845 qui
2523 3797 2675 3848 repo-

1595 3855 1711 3919 nat,
1757 3858 1911 3907 video
1946 3858 2224 3919 neminem,
2263 3857 2364 3907 nisi
2397 3857 2674 3922 Curtium;

1600 3937 1749 3999 cujus
1773 3935 1926 3986 dubia
1951 3946 2029 4003 est
2060 3936 2111 3984 in
2136 3934 2520 3999 Geographicis
2552 3951 2672 3987 auc·

1599 4016 1802 4065 toritas.
1887 4015 2153 4077 Sogdianos
2193 4012 2457 4063 Arrianus
2501 4021 2671 4077 vocat,

1599 4094 1685 4159 qui
1724 4093 1905 4143 Curtio
1939 4091 2153 4143 Gordaei
2188 4099 2332 4153 sunt,
2364 4105 2469 4141 non
2500 4091 2667 4141 minus

1598 4181 1784 4235 aperto
1801 4183 1999 4219 errore.
2034 4168 2228 4219 Procul
2248 4168 2365 4219 hinc
2383 4169 2666 4234 Sogdiana,

1597 4249 1664 4301 de
1685 4263 1783 4315 qua
1803 4246 2015 4299 Curtius
2037 4246 2128 4298 lib.
2147 4260 2253 4297 vu.
2278 4260 2398 4311 cap.
2422 4250 2505 4310 19.
