2978 4933
968 921 1095 1018 Q.
1203 919 1799 1016 CURTII
1910 921 2307 1062 RUFI

1135 1184 1291 1262 DE
1360 1183 1715 1263 REBUS
1784 1182 2154 1262 GESTIS

689 1430 1359 1512 ALEXANDRI
1446 1433 1777 1512 REGIS
1858 1430 2602 1513 MACEDONUM

1346 1689 1681 1768 LIBER
1761 1687 1945 1762 vll.

1360 2201 1933 2253 ARGUMENTUM.

540 2374 670 2425 cxv.
706 2390 745 2425 1.
780 2375 1075 2427 Alexander
1094 2376 1699 2441 Lyncestes,majestatis
1718 2389 1854 2438 reus,
1871 2373 2200 2426 interficitur.
2241 2376 2452 2428 Deinde
2477 2376 2531 2426 in
2550 2377 2739 2443 Amyn·

610 2463 712 2507 tam
737 2461 792 2507 et
815 2456 1074 2508 Simmiam
1097 2458 1326 2508 Philotae
1363 2458 1556 2509 amicos
1592 2456 1891 2523 inquiritur,
1923 2455 2012 2522 qui
2030 2472 2188 2520 'suam
2221 2457 2574 2509 innocentiam
2600 2458 2742 2523 gravi

607 2538 841 2589 oratione
865 2545 1094 2590 tuentur.
1163 2554 1225 2590 ιι.
1260 2539 1489 2604 Amynta
1508 2546 1564 2590 et
1578 2539 1825 2589 fratribus
1844 2539 1894 2587 in
1912 2538 2131 2600 gratiam
2151 2538 2393 2602 receptis,
2409 2540 2741 2603 Polydamas,

607 2634 639 2669 a
674 2634 795 2684 rege
825 2620 1020 2684 jussus,
1071 2621 1127 2670 in
1170 2621 1397 2671 Mediam
1434 2620 1680 2687 celeriter
1714 2616 1999 2685 profectus,
2035 2620 2436 2670 Parmenionem
2474 2620 2741 2670 interficit.

606 2701 763 2751 Unde
779 2701 1062 2766 indignatio
1086 2707 1142 2752 et
1163 2702 1368 2766 seditio,
1386 2717 1502 2768 quae
1529 2702 1736 2752 tandem
1759 2701 2095 2765 extinguitur.
2161 2715 2249 2751 ιιι.
2282 2700 2589 2765 Agriaspas,
2612 2700 2738 2751 Ara·

603 2782 805 2832 chosios
824 2783 1251 2849 Parapamisadas
1275 2784 1372 2834 sub
1387 2784 1571 2848 jugum
1595 2783 1763 2834 mittit
1786 2782 2102 2848 Alexander,
2122 2798 2237 2834 cum
2260 2783 2500 2833 exercitu
2517 2783 2741 2846 Parapa-

605 2862 788 2913 misum
812 2872 1042 2928 superat,
1078 2871 1134 2914 et
1165 2865 1216 2914 in
1253 2865 1366 2928 ejus
1400 2864 1660 2914 radicibus
1684 2863 2053 2914 Alexandriam
2078 2864 2276 2915 condit.
2342 2878 2426 2914 lv.
2458 2864 2656 2913 Bessus
2676 2863 2739 2912 de

605 2943 743 2994 bello
774 2943 1020 2996 adversus
1050 2945 1401 3011 Alexandrum
1440 2946 1579 2995 inter
1618 2946 1800 3010 epulas
1841 2945 2124 3010 consultat,
2160 2944 2493 3010 sapientique
2526 2944 2738 2995 Cobaris

607 3025 825 3074 consilio
862 3026 1067 3076 minime
1102 3027 1405 3092 acquiescit.
1474 3026 1695 3077 Interim
1721 3041 1812 3077 rex
1834 3027 2028 3077 Bactra
2051 3027 2312 3091 pervenit,
2332 3026 2420 3077 ubi
2443 3024 2511 3074 de
2535 3025 2740 3076 Graeco-

605 3118 716 3152 rum
739 3103 1029 3155 defectione
1064 3113 1120 3156 et
1147 3107 1485 3158 Satibarzane
1514 3108 1764 3172 singulari
1786 3107 2071 3158 certamine
2103 3106 2274 3157 occiso
2295 3107 2512 3158 advenit
2543 3108 2591 3157 ei
2613 3120 2738 3155 nun·

607 3185 725 3235 tius.
789 3199 844 3235 V.
879 3186 1153 3237 Exercitus
1176 3185 1484 3250 Alexandri,
1508 3188 1593 3238 siti
1616 3188 1888 3252 liberatus,
1908 3187 2100 3238 Oxium
2120 3202 2320 3237 amnem
2345 3189 2564 3252 trajicit.
2616 3188 2738 3236 Bes·

604 3281 692 3317 sus
723 3267 843 3317 dolo
876 3275 1059 3331 captus
1085 3269 1149 3318 ad
1183 3267 1536 3319 Alexandrum
1564 3269 1857 3319 adducitur.
1923 3268 1970 3319 A
1995 3284 2098 3333 quo
2120 3269 2272 3318 Darii
2298 3269 2470 3332 fratri,
2499 3266 2733 3328 Oxathri,

603 3347 987 3414 crucifigendus
1027 3350 1265 3402 traditur.
1335 3366 1412 3402 vr.
1443 3347 1704 3416 Sogdiana
1726 3351 1989 3415 subigitur
2023 3357 2080 3400 et
2114 3348 2310 3401 deficit.
2374 3349 2651 3414 Cyropolis
2680 3355 2732 3397 et

603 3430 719 3482 aliae
744 3430 899 3481 urbes
921 3440 1304 3496 expugnantur.
1371 3433 1691 3484 Alexandria
1711 3433 1775 3483 ad
1798 3431 2013 3483 Tanaim
2036 3430 2293 3482 conditur.
2358 3447 2462 3484 vn.
2497 3433 2579 3482 De
2603 3433 2730 3482 bello

601 3512 804 3577 Scythis
834 3510 1107 3563 inferendo
1150 3513 1454 3564 Alexander
1492 3529 1633 3578 oeger
1670 3529 1737 3564 ex
1773 3515 1985 3564 vulnere
2021 3528 2137 3563 cum
2181 3513 2283 3563 suis
2313 3514 2415 3563 init
2449 3515 2726 3564 consilium.

602 3593 917 3645 Aristander
940 3600 1086 3645 vates
1109 3595 1245 3660 regis
1271 3596 1525 3646 voluntati
1547 3603 1785 3646 extorum
1809 3594 2161 3645 accommodat
2177 3593 2491 3658 significata.
2552 3597 2728 3645 Mene-

604 3675 784 3725 demus
823 3690 854 3726 a
878 3675 1175 3739 Spitamene
1199 3691 1312 3726 cum
1348 3676 1550 3727 duobus
1588 3690 1650 3726 Μ.
1689 3682 1745 3726 et
1777 3689 1892 3726 ccc.
1924 3675 2181 3741 equitibus
2217 3674 2565 3725 interficitur:
2600 3673 2725 3740 quod

604 3757 791 3806 callide
830 3755 1105 3805 admodum
1145 3756 1439 3806 dissimulat
1459 3755 1780 3806 Alexander.
1846 3769 1976 3806 vm.
2008 3757 2150 3806 Dum
2173 3757 2438 3807 exercitus
2458 3756 2524 3805 ad
2547 3756 2724 3807 bellum

605 3837 916 3900 accingitur,
940 3837 1243 3902 Scytharum
1270 3837 1430 3902 legati
1467 3836 1772 3893 adveniunt,
1809 3851 1871 3886 ac
1909 3835 1974 3884 de
2007 3850 2136 3900 pace
2160 3835 2224 3886 ad
2250 3835 2600 3886 Alexandrum
2621 3849 2725 3885 ora·

581 3918 795 3968 tionem
819 3917 1028 3968 habent.
1097 3932 1177 3968 lx.
1210 3918 1511 3969 Alexander
1545 3919 1735 3983 legatis
1774 3918 1994 3968 dimissis
2028 3917 2242 3967 Tanaim
2275 3918 2508 3982 trajicit:
2542 3917 2721 3967 bellum

603 3997 805 4061 Scythis
843 3998 1037 4050 infert:
1074 4007 1127 4049 et
1164 4015 1281 4050 cum
1315 4000 1464 4051 victis
1499 3999 1718 4064 benigne
1757 3999 1879 4062 agit.
1947 3999 2106 4049 Sacas
2129 4012 2186 4048 se
2215 3995 2470 4047 dedentes
2502 3999 2556 4046 in
2576 3996 2720 4046 tidem

603 4077 828 4141 recipit;
860 4078 1209 4142 Spitamenem
1251 4080 1592 4146 persequitur.
1659 4093 1716 4129 x.
1761 4079 2023 4143 Sogdiana
2060 4085 2387 4143 recuperata.
2451 4078 2719 4144 Sogdiano·

604 4173 717 4208 rum
762 4158 1010 4211 nobilium
1048 4162 1272 4213 invictus
1308 4162 1522 4212 animus.
1588 4160 1738 4211 Bessi
1779 4160 2107 4225 supplicium.
2172 4158 2324 4209 Novo
2351 4159 2517 4210 milite
2552 4166 2717 4208 auctus

605 4239 892 4290 Alexandri
916 4242 1195 4292 exercitus.
1262 4231 1434 4294 Urbes
1476 4243 1722 4295 conditas.
1789 4256 1872 4294 x1.
1906 4242 2159 4293 Arimazae
2192 4247 2363 4306 petra,
2387 4240 2490 4292 situ
2528 4246 2714 4291 natura-

603 4336 703 4386 que
727 4323 828 4375 loci
844 4320 957 4374 fere
981 4322 1413 4391 inexpugnabilis,
1435 4325 1502 4378 ab
1519 4324 1815 4378 Alexandro
1831 4323 2053 4391 capitur.
