<?xml version="1.0" encoding="UTF-8"?>
<!DOCTYPE html PUBLIC "-//W3C//DTD XHTML 1.0 Transitional//EN"
    "http://www.w3.org/TR/xhtml1/DTD/xhtml1-transitional.dtd">
<html xmlns="http://www.w3.org/1999/xhtml" xml:lang="en" lang="en">
 <head>
  <title>
</title>
<meta http-equiv="Content-Type" content="text/html;charset=utf-8" />
  <meta name='ocr-system' content='tesseract 3.04.00' />
  <meta name='ocr-capabilities' content='ocr_page ocr_carea ocr_par ocr_line ocrx_word'/>
</head>
<body>
  <div class='ocr_page' id='page_1' title='image "./quinticurtiiruf03rufugoog_0118.png"; bbox 0 0 2978 4933; ppageno 0'>
   <div class='ocr_carea' id='block_1_1' title="bbox 469 343 1870 409">
    <p class='ocr_par' dir='ltr' id='par_1_1' title="bbox 469 343 1870 409">
     <span class='ocr_line' id='line_1_1' title="bbox 469 343 1870 409; baseline -0.007 0"><span class='ocrx_word' id='word_1_1' title='bbox 469 343 558 409; x_wconf 80' lang='lat'><strong>88</strong></span> <span class='ocrx_word' id='word_1_2' title='bbox 1255 355 1314 402; x_wconf 82' lang='lat' dir='ltr'><strong>J.</strong></span> <span class='ocrx_word' id='word_1_3' title='bbox 1363 350 1870 402; x_wconf 72' lang='lat' dir='ltr'><strong>rnemsnmun</strong></span> 
     </span>
    </p>
   </div>
   <div class='ocr_carea' id='block_1_2' title="bbox 412 485 2773 3990">
    <p class='ocr_par' dir='ltr' id='par_1_2' title="bbox 465 485 2686 1751">
     <span class='ocr_line' id='line_1_2' title="bbox 469 485 2664 578; baseline -0.009 -15"><span class='ocrx_word' id='word_1_4' title='bbox 469 500 703 573; x_wconf 80' lang='lat' dir='ltr'><strong>interim</strong></span> <span class='ocrx_word' id='word_1_5' title='bbox 730 499 1228 572; x_wconf 73' lang='lat' dir='ltr'><strong>contentionibus,</strong></span> <span class='ocrx_word' id='word_1_6' title='bbox 1259 516 1407 578; x_wconf 86' lang='lat' dir='ltr'><strong>quas</strong></span> <span class='ocrx_word' id='word_1_7' title='bbox 1435 497 1588 557; x_wconf 89' lang='lat' dir='ltr'><strong>inter</strong></span> <span class='ocrx_word' id='word_1_8' title='bbox 1606 497 1829 557; x_wconf 79' lang='lat' dir='ltr'><strong>vicinas</strong></span> <span class='ocrx_word' id='word_1_9' title='bbox 1857 493 2032 553; x_wconf 90' lang='lat' dir='ltr'><strong>urbes</strong></span> <span class='ocrx_word' id='word_1_10' title='bbox 2064 509 2223 571; x_wconf 82' lang='lat' dir='ltr'><strong>saepe</strong></span> <span class='ocrx_word' id='word_1_11' title='bbox 2253 488 2398 549; x_wconf 83' lang='lat' dir='ltr'><strong>levis</strong></span> <span class='ocrx_word' id='word_1_12' title='bbox 2427 485 2664 547; x_wconf 77' lang='lat' dir='ltr'>occasio</span> 
     </span>
     <span class='ocr_line' id='line_1_3' title="bbox 472 584 2666 678; baseline -0.01 -15"><span class='ocrx_word' id='word_1_13' title='bbox 472 599 771 677; x_wconf 80' lang='lat' dir='ltr'><strong>concitat:</strong></span> <span class='ocrx_word' id='word_1_14' title='bbox 816 598 952 659; x_wconf 88' lang='lat' dir='ltr'><strong>odia</strong></span> <span class='ocrx_word' id='word_1_15' title='bbox 971 597 1218 678; x_wconf 87' lang='lat' dir='ltr'><strong>privata,</strong></span> <span class='ocrx_word' id='word_1_16' title='bbox 1247 605 1385 676; x_wconf 90' lang='lat' dir='ltr'><strong>post</strong></span> <span class='ocrx_word' id='word_1_17' title='bbox 1413 615 1535 655; x_wconf 85' lang='lat' dir='ltr'><strong>rem</strong></span> <span class='ocrx_word' id='word_1_18' title='bbox 1555 597 1707 656; x_wconf 89' lang='lat' dir='ltr'><strong>bene</strong></span> <span class='ocrx_word' id='word_1_19' title='bbox 1739 603 1988 673; x_wconf 85' lang='lat' dir='ltr'><strong>gestam,</strong></span> <span class='ocrx_word' id='word_1_20' title='bbox 2018 587 2344 650; x_wconf 90' lang='lat' dir='ltr'><strong>communis</strong></span> <span class='ocrx_word' id='word_1_21' title='bbox 2371 584 2579 645; x_wconf 79' lang='lat' dir='ltr'><strong>laetitia</strong></span> <span class='ocrx_word' id='word_1_22' title='bbox 2604 584 2666 641; x_wconf 84' lang='lat' dir='ltr'><strong>in</strong></span> 
     </span>
     <span class='ocr_line' id='line_1_4' title="bbox 472 680 2670 774; baseline -0.01 -15"><span class='ocrx_word' id='word_1_23' title='bbox 472 697 945 760; x_wconf 78' lang='lat' dir='ltr'><strong>benevolentiam</strong></span> <span class='ocrx_word' id='word_1_24' title='bbox 967 705 1188 763; x_wconf 81' lang='lat' dir='ltr'><strong>vertet:</strong></span> <span class='ocrx_word' id='word_1_25' title='bbox 1235 705 1339 754; x_wconf 86' lang='lat' dir='ltr'><strong>aut</strong></span> <span class='ocrx_word' id='word_1_26' title='bbox 1365 713 1503 753; x_wconf 91' lang='lat' dir='ltr'><strong>cum</strong></span> <span class='ocrx_word' id='word_1_27' title='bbox 1542 710 1717 774; x_wconf 88' lang='lat' dir='ltr'><strong>porro</strong></span> <span class='ocrx_word' id='word_1_28' title='bbox 1745 688 2001 750; x_wconf 85' lang='lat' dir='ltr'><strong>insanire</strong></span> <span class='ocrx_word' id='word_1_29' title='bbox 2029 685 2283 756; x_wconf 85' lang='lat' dir='ltr'><strong>vacabit,</strong></span> <span class='ocrx_word' id='word_1_30' title='bbox 2325 702 2460 742; x_wconf 91' lang='lat' dir='ltr'><strong>cum</strong></span> <span class='ocrx_word' id='word_1_31' title='bbox 2486 680 2670 739; x_wconf 84' lang='lat' dir='ltr'><strong>dede-</strong></span> 
     </span>
     <span class='ocr_line' id='line_1_5' title="bbox 474 779 2671 874; baseline -0.01 -17"><span class='ocrx_word' id='word_1_32' title='bbox 474 816 612 858; x_wconf 91' lang='lat' dir='ltr'><strong>core</strong></span> <span class='ocrx_word' id='word_1_33' title='bbox 655 796 804 856; x_wconf 91' lang='lat' dir='ltr'><strong>forte</strong></span> <span class='ocrx_word' id='word_1_34' title='bbox 844 794 1181 874; x_wconf 87' lang='lat' dir='ltr'><strong>damnoque</strong></span> <span class='ocrx_word' id='word_1_35' title='bbox 1220 802 1621 869; x_wconf 88' lang='lat' dir='ltr'><strong>utrorumque,</strong></span> <span class='ocrx_word' id='word_1_36' title='bbox 1663 786 1771 848; x_wconf 91' lang='lat' dir='ltr'><strong>sed</strong></span> <span class='ocrx_word' id='word_1_37' title='bbox 1817 797 2014 846; x_wconf 90' lang='lat' dir='ltr'><strong>tamen</strong></span> <span class='ocrx_word' id='word_1_38' title='bbox 2061 782 2210 842; x_wconf 87' lang='lat' dir='ltr'><strong>citra</strong></span> <span class='ocrx_word' id='word_1_39' title='bbox 2236 779 2478 839; x_wconf 83' lang='lat' dir='ltr'><strong>exitium</strong></span> <span class='ocrx_word' id='word_1_40' title='bbox 2503 796 2671 837; x_wconf 89' lang='lat' dir='ltr'><strong>resu-</strong></span> 
     </span>
     <span class='ocr_line' id='line_1_6' title="bbox 475 874 2669 973; baseline -0.01 -18"><span class='ocrx_word' id='word_1_41' title='bbox 475 907 727 955; x_wconf 90' lang='lat' dir='ltr'><strong>mentur.</strong></span> <span class='ocrx_word' id='word_1_42' title='bbox 813 894 1023 973; x_wconf 86' lang='lat' dir='ltr'><strong>Neque</strong></span> <span class='ocrx_word' id='word_1_43' title='bbox 1068 892 1241 951; x_wconf 89' lang='lat' dir='ltr'><strong>dolos</strong></span> <span class='ocrx_word' id='word_1_44' title='bbox 1286 888 1547 968; x_wconf 90' lang='lat' dir='ltr'><strong>Philippi</strong></span> <span class='ocrx_word' id='word_1_45' title='bbox 1595 885 1935 946; x_wconf 80' lang='lat' dir='ltr'><strong>timueritis:</strong></span> <span class='ocrx_word' id='word_1_46' title='bbox 1977 880 2153 942; x_wconf 88' lang='lat' dir='ltr'><strong>modo</strong></span> <span class='ocrx_word' id='word_1_47' title='bbox 2195 878 2500 961; x_wconf 78' lang='lat' dir='ltr'><strong>promissis</strong></span> <span class='ocrx_word' id='word_1_48' title='bbox 2542 874 2669 955; x_wconf 88' lang='lat' dir='ltr'><strong>ejus</strong></span> 
     </span>
     <span class='ocr_line' id='line_1_7' title="bbox 477 973 2672 1059; baseline -0.011 -5"><span class='ocrx_word' id='word_1_49' title='bbox 477 1012 648 1054; x_wconf 88' lang='lat' dir='ltr'><strong>aures</strong></span> <span class='ocrx_word' id='word_1_50' title='bbox 674 989 1008 1059; x_wconf 75' lang='lat' dir='ltr'><strong>occludite:</strong></span> <span class='ocrx_word' id='word_1_51' title='bbox 1041 1008 1251 1050; x_wconf 89' lang='lat' dir='ltr'><strong>manus</strong></span> <span class='ocrx_word' id='word_1_52' title='bbox 1281 987 1579 1047; x_wconf 91' lang='lat' dir='ltr'><strong>continete</strong></span> <span class='ocrx_word' id='word_1_53' title='bbox 1610 1005 1644 1045; x_wconf 86' lang='lat' dir='ltr'><strong>a</strong></span> <span class='ocrx_word' id='word_1_54' title='bbox 1672 982 2035 1044; x_wconf 63' lang='lat' dir='ltr'><strong>muneribus</strong></span> <span class='ocrx_word' id='word_1_55' title='bbox 2122 981 2220 1039; x_wconf 88' lang='grc'><strong>33.</strong></span> <span class='ocrx_word' id='word_1_56' title='bbox 2266 975 2329 1034; x_wconf 90' lang='lat' dir='ltr'><strong>Si</strong></span> <span class='ocrx_word' id='word_1_57' title='bbox 2358 973 2503 1033; x_wconf 90' lang='lat' dir='ltr'><strong>nihil</strong></span> <span class='ocrx_word' id='word_1_58' title='bbox 2537 981 2672 1032; x_wconf 90' lang='lat' dir='ltr'><strong>ante</strong></span> 
     </span>
     <span class='ocr_line' id='line_1_8' title="bbox 474 1079 2677 1161; baseline -0.01 -11"><span class='ocrx_word' id='word_1_59' title='bbox 474 1090 807 1151; x_wconf 88' lang='lat' dir='ltr'><strong>libertatem</strong></span> <span class='ocrx_word' id='word_1_60' title='bbox 833 1087 1175 1158; x_wconf 75' lang='lat' dir='ltr'><strong>habueritis,</strong></span> <span class='ocrx_word' id='word_1_61' title='bbox 1205 1085 1500 1147; x_wconf 80' lang='lat' dir='ltr'><strong>calliditas</strong></span> <span class='ocrx_word' id='word_1_62' title='bbox 1525 1093 1586 1143; x_wconf 89' lang='lat' dir='ltr'><strong>et</strong></span> <span class='ocrx_word' id='word_1_63' title='bbox 1612 1082 1957 1161; x_wconf 78' lang='lat' dir='ltr'><strong>largitiones</strong></span> <span class='ocrx_word' id='word_1_64' title='bbox 1987 1079 2208 1140; x_wconf 88' lang='lat' dir='ltr'><strong>frustra</strong></span> <span class='ocrx_word' id='word_1_65' title='bbox 2234 1081 2440 1134; x_wconf 90' lang='lat' dir='ltr'><strong>erunt:</strong></span> <span class='ocrx_word' id='word_1_66' title='bbox 2468 1080 2677 1150; x_wconf 89' lang='lat' dir='ltr'><strong>poten-</strong></span> 
     </span>
     <span class='ocr_line' id='line_1_9' title="bbox 476 1169 2676 1250; baseline -0.011 -3"><span class='ocrx_word' id='word_1_67' title='bbox 476 1188 621 1248; x_wconf 77' lang='lat' dir='ltr'><strong>tiam</strong></span> <span class='ocrx_word' id='word_1_68' title='bbox 661 1196 729 1245; x_wconf 91' lang='lat' dir='ltr'><strong>ut</strong></span> <span class='ocrx_word' id='word_1_69' title='bbox 777 1184 1092 1245; x_wconf 80' lang='lat' dir='ltr'><strong>discordiae</strong></span> <span class='ocrx_word' id='word_1_70' title='bbox 1140 1183 1484 1243; x_wconf 61' lang='lat' dir='ltr'><strong>Graecorum</strong></span> <span class='ocrx_word' id='word_1_71' title='bbox 1510 1179 1893 1250; x_wconf 83' lang='lat' dir='ltr'><strong>extulerunt,</strong></span> <span class='ocrx_word' id='word_1_72' title='bbox 1935 1177 2020 1237; x_wconf 89' lang='lat' dir='ltr'><strong>ita</strong></span> <span class='ocrx_word' id='word_1_73' title='bbox 2069 1189 2401 1236; x_wconf 82' lang='lat' dir='ltr'><strong>consensus</strong></span> <span class='ocrx_word' id='word_1_74' title='bbox 2447 1169 2676 1227; x_wconf 81' lang='lat' dir='ltr'><strong>obruet.</strong></span> 
     </span>
     <span class='ocr_line' id='line_1_10' title="bbox 486 1263 2680 1363; baseline -0.011 -19"><span class='ocrx_word' id='word_1_75' title='bbox 486 1288 583 1344; x_wconf 90' lang='grc'><strong>34.</strong></span> <span class='ocrx_word' id='word_1_76' title='bbox 615 1284 773 1353; x_wconf 86' lang='lat' dir='ltr'><strong>Quin</strong></span> <span class='ocrx_word' id='word_1_77' title='bbox 804 1293 863 1344; x_wconf 84' lang='lat' dir='ltr'><strong>et</strong></span> <span class='ocrx_word' id='word_1_78' title='bbox 890 1284 1040 1363; x_wconf 90' lang='lat' dir='ltr'><strong>ipse,</strong></span> <span class='ocrx_word' id='word_1_79' title='bbox 1069 1293 1136 1342; x_wconf 91' lang='lat' dir='ltr'><strong>ut</strong></span> <span class='ocrx_word' id='word_1_80' title='bbox 1155 1292 1248 1342; x_wconf 89' lang='lat' dir='ltr'><strong>est</strong></span> <span class='ocrx_word' id='word_1_81' title='bbox 1275 1279 1642 1350; x_wconf 86' lang='lat' dir='ltr'><strong>temerarius,</strong></span> <span class='ocrx_word' id='word_1_82' title='bbox 1671 1276 1857 1355; x_wconf 86' lang='lat' dir='ltr'><strong>excipi</strong></span> <span class='ocrx_word' id='word_1_83' title='bbox 1886 1282 2120 1354; x_wconf 84' lang='lat' dir='ltr'><strong>potest:</strong></span> <span class='ocrx_word' id='word_1_84' title='bbox 2152 1267 2313 1350; x_wconf 91' lang='lat' dir='ltr'><strong>quod</strong></span> <span class='ocrx_word' id='word_1_85' title='bbox 2344 1266 2393 1327; x_wconf 93' lang='lat' dir='ltr'><strong>si</strong></span> <span class='ocrx_word' id='word_1_86' title='bbox 2423 1263 2680 1332; x_wconf 88' lang='lat' dir='ltr'><strong>accidat,</strong></span> 
     </span>
     <span class='ocr_line' id='line_1_11' title="bbox 469 1362 2681 1459; baseline -0.01 -19"><span class='ocrx_word' id='word_1_87' title='bbox 469 1380 633 1440; x_wconf 57' lang='lat' dir='ltr'><strong>&gt;nihil</strong></span> <span class='ocrx_word' id='word_1_88' title='bbox 662 1400 696 1440; x_wconf 90' lang='lat' dir='ltr'><strong>a</strong></span> <span class='ocrx_word' id='word_1_89' title='bbox 724 1380 933 1440; x_wconf 87' lang='lat' dir='ltr'><strong>ceteris</strong></span> <span class='ocrx_word' id='word_1_90' title='bbox 964 1390 1056 1440; x_wconf 89' lang='lat' dir='ltr'><strong>est</strong></span> <span class='ocrx_word' id='word_1_91' title='bbox 1082 1377 1367 1459; x_wconf 89' lang='lat' dir='ltr'><strong>periculi;</strong></span> <span class='ocrx_word' id='word_1_92' title='bbox 1397 1396 1535 1435; x_wconf 90' lang='lat' dir='ltr'><strong>nam</strong></span> <span class='ocrx_word' id='word_1_93' title='bbox 1559 1376 1685 1454; x_wconf 90' lang='lat' dir='ltr'><strong>ipse</strong></span> <span class='ocrx_word' id='word_1_94' title='bbox 1714 1373 1961 1452; x_wconf 85' lang='lat' dir='ltr'><strong>gloriam</strong></span> <span class='ocrx_word' id='word_1_95' title='bbox 1991 1380 2170 1449; x_wconf 84' lang='lat' dir='ltr'><strong>atque</strong></span> <span class='ocrx_word' id='word_1_96' title='bbox 2195 1362 2681 1431; x_wconf 82' lang='lat' dir='ltr'><strong>dominationem,</strong></span> 
     </span>
     <span class='ocr_line' id='line_1_12' title="bbox 484 1458 2686 1559; baseline -0.01 -22"><span class='ocrx_word' id='word_1_97' title='bbox 484 1479 586 1556; x_wconf 81' lang='lat' dir='ltr'><strong>qui</strong></span> <span class='ocrx_word' id='word_1_98' title='bbox 632 1478 743 1537; x_wconf 90' lang='lat' dir='ltr'><strong>sub</strong></span> <span class='ocrx_word' id='word_1_99' title='bbox 783 1496 859 1559; x_wconf 26' lang='lat' dir='ltr'><strong>*eo</strong></span> <span class='ocrx_word' id='word_1_100' title='bbox 908 1487 1070 1550; x_wconf 90' lang='lat' dir='ltr'><strong>sunt,</strong></span> <span class='ocrx_word' id='word_1_101' title='bbox 1114 1476 1372 1557; x_wconf 87' lang='lat' dir='ltr'><strong>quietem</strong></span> <span class='ocrx_word' id='word_1_102' title='bbox 1408 1480 1714 1552; x_wconf 91' lang='lat' dir='ltr'><strong>expetunt.</strong></span> <span class='ocrx_word' id='word_1_103' title='bbox 1803 1473 1900 1529; x_wconf 88' lang='grc'><strong>35.</strong></span> <span class='ocrx_word' id='word_1_104' title='bbox 1945 1466 2078 1528; x_wconf 88' lang='lat' dir='ltr'><strong>Nisi</strong></span> <span class='ocrx_word' id='word_1_105' title='bbox 2104 1465 2254 1526; x_wconf 84' lang='lat' dir='ltr'><strong>forte</strong></span> <span class='ocrx_word' id='word_1_106' title='bbox 2281 1458 2686 1521; x_wconf 86' lang='lat' dir='ltr'><strong>Alexandrum</strong></span> 
     </span>
     <span class='ocr_line' id='line_1_13' title="bbox 465 1554 2685 1655; baseline -0.011 -20"><span class='ocrx_word' id='word_1_107' title='bbox 465 1575 800 1635; x_wconf 69' lang='lat' dir='ltr'><strong>vveremini:</strong></span> <span class='ocrx_word' id='word_1_108' title='bbox 841 1574 1119 1655; x_wconf 87' lang='lat' dir='ltr'><strong>quoniam</strong></span> <span class='ocrx_word' id='word_1_109' title='bbox 1166 1573 1264 1633; x_wconf 88' lang='lat' dir='ltr'><strong>isti</strong></span> <span class='ocrx_word' id='word_1_110' title='bbox 1309 1569 1549 1651; x_wconf 90' lang='lat' dir='ltr'><strong>quidem</strong></span> <span class='ocrx_word' id='word_1_111' title='bbox 1599 1569 1684 1629; x_wconf 90' lang='lat' dir='ltr'><strong>ita</strong></span> <span class='ocrx_word' id='word_1_112' title='bbox 1731 1585 1837 1626; x_wconf 86' lang='lat' dir='ltr'><strong>vos</strong></span> <span class='ocrx_word' id='word_1_113' title='bbox 1883 1571 2292 1633; x_wconf 88' lang='lat' dir='ltr'><strong>contemnunt,</strong></span> <span class='ocrx_word' id='word_1_114' title='bbox 2331 1568 2402 1618; x_wconf 93' lang='lat' dir='ltr'><strong>ut</strong></span> <span class='ocrx_word' id='word_1_115' title='bbox 2437 1554 2685 1616; x_wconf 87' lang='lat' dir='ltr'><strong>idoneos</strong></span> 
     </span>
     <span class='ocr_line' id='line_1_14' title="bbox 484 1653 2663 1751; baseline -0.009 -20"><span class='ocrx_word' id='word_1_116' title='bbox 484 1680 718 1751; x_wconf 87' lang='lat' dir='ltr'><strong>putent,</strong></span> <span class='ocrx_word' id='word_1_117' title='bbox 763 1671 981 1751; x_wconf 89' lang='lat' dir='ltr'><strong>quibus</strong></span> <span class='ocrx_word' id='word_1_118' title='bbox 1003 1672 1181 1731; x_wconf 89' lang='lat' dir='ltr'><strong>etiam</strong></span> <span class='ocrx_word' id='word_1_119' title='bbox 1210 1669 1375 1749; x_wconf 88' lang='lat' dir='ltr'><strong>pueri</strong></span> <span class='ocrx_word' id='word_1_120' title='bbox 1406 1686 1620 1727; x_wconf 86' lang='lat' dir='ltr'><strong>nornen</strong></span> <span class='ocrx_word' id='word_1_121' title='bbox 1660 1657 2041 1725; x_wconf 77' lang='lat' dir='ltr'><strong>formidinem</strong></span> <span class='ocrx_word' id='word_1_122' title='bbox 2062 1658 2253 1740; x_wconf 87' lang='lat' dir='ltr'><strong>possit</strong></span> <span class='ocrx_word' id='word_1_123' title='bbox 2280 1653 2585 1716; x_wconf 65' lang='lat' dir='ltr'><strong>incutere!</strong></span> <span class='ocrx_word' id='word_1_124' title='bbox 2658 1684 2663 1689; x_wconf 92' lang='lat'>·</span> 
     </span>
    </p>

    <p class='ocr_par' dir='ltr' id='par_1_3' title="bbox 412 1745 2773 3990">
     <span class='ocr_line' id='line_1_15' title="bbox 574 1745 2689 1843; baseline -0.009 -19"><span class='ocrx_word' id='word_1_125' title='bbox 574 1769 748 1828; x_wconf 88' lang='lat' dir='ltr'><strong>v111.·</strong></span> <span class='ocrx_word' id='word_1_126' title='bbox 795 1771 845 1828; x_wconf 92' lang='lat' dir='ltr'><strong>l.</strong></span> <span class='ocrx_word' id='word_1_127' title='bbox 894 1766 1183 1827; x_wconf 87' lang='lat' dir='ltr'><strong>Crederes</strong></span> <span class='ocrx_word' id='word_1_128' title='bbox 1235 1765 1383 1825; x_wconf 86' lang='lat' dir='ltr'><strong>alios</strong></span> <span class='ocrx_word' id='word_1_129' title='bbox 1437 1773 1680 1843; x_wconf 89' lang='lat' dir='ltr'><strong>repente</strong></span> <span class='ocrx_word' id='word_1_130' title='bbox 1732 1761 1923 1820; x_wconf 86' lang='lat' dir='ltr'><strong>factos</strong></span> <span class='ocrx_word' id='word_1_131' title='bbox 1966 1757 2328 1824; x_wconf 84' lang='lat' dir='ltr'><strong>Thebanos,⁸</strong></span> <span class='ocrx_word' id='word_1_132' title='bbox 2364 1751 2465 1831; x_wconf 91' lang='lat' dir='ltr'><strong>qui</strong></span> <span class='ocrx_word' id='word_1_133' title='bbox 2511 1745 2689 1808; x_wconf 88' lang='lat' dir='ltr'><strong>modo</strong></span> 
     </span>
     <span class='ocr_line' id='line_1_16' title="bbox 492 1844 2689 1946; baseline -0.01 -21"><span class='ocrx_word' id='word_1_134' title='bbox 492 1865 691 1946; x_wconf 85' lang='lat' dir='ltr'><strong>regios</strong></span> <span class='ocrx_word' id='word_1_135' title='bbox 721 1866 953 1944; x_wconf 85' lang='lat' dir='ltr'><strong>legatos</strong></span> <span class='ocrx_word' id='word_1_136' title='bbox 989 1874 1236 1936; x_wconf 85' lang='lat' dir='ltr'><strong>attente,</strong></span> <span class='ocrx_word' id='word_1_137' title='bbox 1267 1873 1445 1940; x_wconf 88' lang='lat' dir='ltr'><strong>atque</strong></span> <span class='ocrx_word' id='word_1_138' title='bbox 1483 1862 1661 1920; x_wconf 87' lang='lat' dir='ltr'><strong>etiam</strong></span> <span class='ocrx_word' id='word_1_139' title='bbox 1694 1877 1829 1918; x_wconf 87' lang='lat' dir='ltr'><strong>cum</strong></span> <span class='ocrx_word' id='word_1_140' title='bbox 1859 1875 2109 1916; x_wconf 90' lang='lat' dir='ltr'><strong>assensu</strong></span> <span class='ocrx_word' id='word_1_141' title='bbox 2140 1850 2508 1920; x_wconf 88' lang='lat' dir='ltr'><strong>audiverant,</strong></span> <span class='ocrx_word' id='word_1_142' title='bbox 2541 1844 2689 1905; x_wconf 84' lang='lat' dir='ltr'><strong>adeo</strong></span> 
     </span>
     <span class='ocr_line' id='line_1_17' title="bbox 477 1941 2773 2036; baseline -0.01 -14"><span class='ocrx_word' id='word_1_143' title='bbox 477 1962 552 2021; x_wconf 79' lang='lat' dir='ltr'><strong>1-in</strong></span> <span class='ocrx_word' id='word_1_144' title='bbox 596 1961 954 2024; x_wconf 82' lang='lat' dir='ltr'><strong>contrarium</strong></span> <span class='ocrx_word' id='word_1_145' title='bbox 1000 1962 1210 2021; x_wconf 89' lang='lat' dir='ltr'><strong>mutati</strong></span> <span class='ocrx_word' id='word_1_146' title='bbox 1255 1970 1411 2032; x_wconf 87' lang='lat' dir='ltr'><strong>sunt,</strong></span> <span class='ocrx_word' id='word_1_147' title='bbox 1442 1969 1511 2018; x_wconf 90' lang='lat' dir='ltr'><strong>ut</strong></span> <span class='ocrx_word' id='word_1_148' title='bbox 1566 1957 1906 2036; x_wconf 87' lang='lat' dir='ltr'><strong>Philippum</strong></span> <span class='ocrx_word' id='word_1_149' title='bbox 1950 1953 2185 2011; x_wconf 89' lang='lat' dir='ltr'><strong>hostem</strong></span> <span class='ocrx_word' id='word_1_150' title='bbox 2229 1946 2593 2027; x_wconf 88' lang='lat' dir='ltr'><strong>judicarent,</strong></span> <span class='ocrx_word' id='word_1_151' title='bbox 2632 1941 2690 1999; x_wconf 91' lang='lat' dir='ltr'><strong>ni</strong></span> <span class='ocrx_word' id='word_1_152' title='bbox 2770 1988 2773 1993; x_wconf 89' lang='lat'><strong>.</strong></span> 
     </span>
     <span class='ocr_line' id='line_1_18' title="bbox 475 2042 2691 2140; baseline -0.011 -19"><span class='ocrx_word' id='word_1_153' title='bbox 475 2061 926 2140; x_wconf 44' lang='lat' dir='ltr'><strong>*quamprimum</strong></span> <span class='ocrx_word' id='word_1_154' title='bbox 972 2061 1096 2120; x_wconf 88' lang='lat' dir='ltr'><strong>suis</strong></span> <span class='ocrx_word' id='word_1_155' title='bbox 1150 2060 1563 2136; x_wconf 88' lang='lat' dir='ltr'><strong>sociorumque</strong></span> <span class='ocrx_word' id='word_1_156' title='bbox 1618 2055 1833 2115; x_wconf 85' lang='lat' dir='ltr'><strong>finibus</strong></span> <span class='ocrx_word' id='word_1_157' title='bbox 1885 2049 2233 2112; x_wconf 85' lang='lat' dir='ltr'><strong>decederet:</strong></span> <span class='ocrx_word' id='word_1_158' title='bbox 2280 2042 2691 2105; x_wconf 76' lang='lat' dir='ltr'><strong>Macedonicae</strong></span> 
     </span>
     <span class='ocr_line' id='line_1_19' title="bbox 492 2142 2694 2235; baseline -0.01 -18"><span class='ocrx_word' id='word_1_159' title='bbox 492 2158 1070 2223; x_wconf 81' lang='lat' dir='ltr'><strong>factionishomines</strong></span> <span class='ocrx_word' id='word_1_160' title='bbox 1113 2160 1256 2218; x_wconf 90' lang='lat' dir='ltr'><strong>urbe</strong></span> <span class='ocrx_word' id='word_1_161' title='bbox 1286 2157 1577 2235; x_wconf 88' lang='lat' dir='ltr'><strong>pellerent</strong></span> <span class='ocrx_word' id='word_1_162' title='bbox 1597 2147 1638 2213; x_wconf 74' lang='lat' dir='ltr'><strong>:b</strong></span> <span class='ocrx_word' id='word_1_163' title='bbox 1680 2166 1742 2213; x_wconf 89' lang='lat' dir='ltr'><strong>et</strong></span> <span class='ocrx_word' id='word_1_164' title='bbox 1768 2145 2216 2210; x_wconf 82' lang='lat' dir='ltr'><strong>Atheniensium</strong></span> <span class='ocrx_word' id='word_1_165' title='bbox 2251 2142 2458 2222; x_wconf 90' lang='lat' dir='ltr'><strong>copias</strong></span> <span class='ocrx_word' id='word_1_166' title='bbox 2502 2159 2580 2199; x_wconf 88' lang='lat' dir='ltr'><strong>eo</strong></span> <span class='ocrx_word' id='word_1_167' title='bbox 2608 2147 2694 2196; x_wconf 83' lang='lat' dir='ltr'><strong>r&#39;e-</strong></span> 
     </span>
     <span class='ocr_line' id='line_1_20' title="bbox 496 2238 2697 2334; baseline -0.01 -20"><span class='ocrx_word' id='word_1_168' title='bbox 496 2255 781 2332; x_wconf 85' lang='lat' dir='ltr'><strong>ciperent.</strong></span> <span class='ocrx_word' id='word_1_169' title='bbox 867 2260 925 2314; x_wconf 80' lang='lat'><strong>2.</strong></span> <span class='ocrx_word' id='word_1_170' title='bbox 970 2257 1050 2314; x_wconf 89' lang='lat' dir='ltr'><strong>At</strong></span> <span class='ocrx_word' id='word_1_171' title='bbox 1077 2254 1386 2334; x_wconf 87' lang='lat' dir='ltr'><strong>Philippus</strong></span> <span class='ocrx_word' id='word_1_172' title='bbox 1414 2253 1719 2330; x_wconf 85' lang='lat' dir='ltr'><strong>inopinata</strong></span> <span class='ocrx_word' id='word_1_173' title='bbox 1762 2249 2180 2307; x_wconf 88' lang='lat' dir='ltr'><strong>Thebanorum</strong></span> <span class='ocrx_word' id='word_1_174' title='bbox 2211 2238 2546 2300; x_wconf 86' lang='lat' dir='ltr'><strong>defectione</strong></span> <span class='ocrx_word' id='word_1_175' title='bbox 2577 2245 2697 2294; x_wconf 87' lang='lat' dir='ltr'><strong>tur·</strong></span> 
     </span>
     <span class='ocr_line' id='line_1_21' title="bbox 493 2332 2697 2430; baseline -0.01 -20"><span class='ocrx_word' id='word_1_176' title='bbox 493 2353 674 2410; x_wconf 89' lang='lat' dir='ltr'><strong>batus</strong></span> <span class='ocrx_word' id='word_1_177' title='bbox 702 2352 893 2430; x_wconf 85' lang='lat' dir='ltr'><strong>magis</strong></span> <span class='ocrx_word' id='word_1_178' title='bbox 922 2371 1100 2430; x_wconf 84' lang='lat' dir='ltr'><strong>quam</strong></span> <span class='ocrx_word' id='word_1_179' title='bbox 1129 2351 1387 2423; x_wconf 87' lang='lat' dir='ltr'><strong>territus,</strong></span> <span class='ocrx_word' id='word_1_180' title='bbox 1415 2348 1686 2410; x_wconf 87' lang='lat' dir='ltr'><strong>insistere</strong></span> <span class='ocrx_word' id='word_1_181' title='bbox 1732 2344 2046 2406; x_wconf 80' lang='lat' dir='ltr'><strong>destinatis</strong></span> <span class='ocrx_word' id='word_1_182' title='bbox 2077 2359 2198 2400; x_wconf 91' lang='lat' dir='ltr'><strong>non</strong></span> <span class='ocrx_word' id='word_1_183' title='bbox 2227 2335 2442 2398; x_wconf 89' lang='lat' dir='ltr'><strong>omisit.</strong></span> <span class='ocrx_word' id='word_1_184' title='bbox 2492 2372 2497 2373; x_wconf 27' lang='lat' dir='ltr'><em>ff</em></span> <span class='ocrx_word' id='word_1_185' title='bbox 2529 2332 2697 2391; x_wconf 90' lang='lat' dir='ltr'><strong>Duo·</strong></span> 
     </span>
     <span class='ocr_line' id='line_1_22' title="bbox 496 2441 2698 2529; baseline -0.01 -22"><span class='ocrx_word' id='word_1_186' title='bbox 496 2448 608 2508; x_wconf 91' lang='lat' dir='ltr'><strong>bus</strong></span> <span class='ocrx_word' id='word_1_187' title='bbox 635 2446 862 2508; x_wconf 86' lang='lat' dir='ltr'><strong>levibus</strong></span> <span class='ocrx_word' id='word_1_188' title='bbox 908 2448 1128 2529; x_wconf 84' lang='lat' dir='ltr'><strong>praeliis</strong></span> <span class='ocrx_word' id='word_1_189' title='bbox 1173 2449 1526 2521; x_wconf 89' lang='lat' dir='ltr'><strong>commissis,</strong></span> <span class='ocrx_word' id='word_1_190' title='bbox 1587 2465 1721 2506; x_wconf 88' lang='lat' dir='ltr'><strong>cum</strong></span> <span class='ocrx_word' id='word_1_191' title='bbox 1772 2441 2166 2503; x_wconf 86' lang='lat' dir='ltr'><strong>Athenienses</strong></span> <span class='ocrx_word' id='word_1_192' title='bbox 2210 2449 2527 2495; x_wconf 88' lang='lat' dir='ltr'><strong>successus</strong></span> <span class='ocrx_word' id='word_1_193' title='bbox 2582 2446 2698 2487; x_wconf 89' lang='lat' dir='ltr'><strong>non</strong></span> 
     </span>
     <span class='ocr_line' id='line_1_23' title="bbox 499 2526 2700 2628; baseline -0.01 -22"><span class='ocrx_word' id='word_1_194' title='bbox 499 2544 848 2625; x_wconf 77' lang='lat' dir='ltr'><strong>poeniteret:</strong></span> <span class='ocrx_word' id='word_1_195' title='bbox 893 2545 1134 2607; x_wconf 90' lang='lat' dir='ltr'><strong>tandem</strong></span> <span class='ocrx_word' id='word_1_196' title='bbox 1172 2548 1404 2628; x_wconf 89' lang='lat' dir='ltr'><strong>utrique</strong></span> <span class='ocrx_word' id='word_1_197' title='bbox 1450 2545 1527 2606; x_wconf 88' lang='lat' dir='ltr'><strong>ad</strong></span> <span class='ocrx_word' id='word_1_198' title='bbox 1559 2546 1948 2604; x_wconf 82' lang='lat' dir='ltr'><strong>Chaeroneam</strong></span> <span class='ocrx_word' id='word_1_199' title='bbox 1974 2536 2220 2597; x_wconf 82' lang='lat' dir='ltr'><strong>Boeotiae</strong></span> <span class='ocrx_word' id='word_1_200' title='bbox 2250 2529 2534 2612; x_wconf 90' lang='lat' dir='ltr'><strong>oppidum</strong></span> <span class='ocrx_word' id='word_1_201' title='bbox 2566 2526 2700 2587; x_wconf 85' lang='lat' dir='ltr'><strong>totis</strong></span> 
     </span>
     <span class='ocr_line' id='line_1_24' title="bbox 498 2623 2700 2718; baseline -0.01 -17"><span class='ocrx_word' id='word_1_202' title='bbox 498 2641 719 2705; x_wconf 83' lang='lat' dir='ltr'><strong>viribus</strong></span> <span class='ocrx_word' id='word_1_203' title='bbox 746 2643 1108 2705; x_wconf 89' lang='lat' dir='ltr'><strong>consedere.·</strong></span> <span class='ocrx_word' id='word_1_204' title='bbox 1178 2648 1237 2707; x_wconf 89' lang='lat'><strong>3.</strong></span> <span class='ocrx_word' id='word_1_205' title='bbox 1283 2644 1534 2704; x_wconf 88' lang='lat' dir='ltr'><strong>Graecos</strong></span> <span class='ocrx_word' id='word_1_206' title='bbox 1566 2642 1782 2702; x_wconf 88' lang='lat' dir='ltr'><strong>decora</strong></span> <span class='ocrx_word' id='word_1_207' title='bbox 1820 2638 2129 2718; x_wconf 88' lang='lat' dir='ltr'><strong>majorum,</strong></span> <span class='ocrx_word' id='word_1_208' title='bbox 2160 2641 2221 2692; x_wconf 91' lang='lat' dir='ltr'><strong>et</strong></span> <span class='ocrx_word' id='word_1_209' title='bbox 2249 2648 2392 2690; x_wconf 88' lang='lat' dir='ltr'><strong>cura</strong></span> <span class='ocrx_word' id='word_1_210' title='bbox 2418 2623 2700 2685; x_wconf 83' lang='lat' dir='ltr'><strong>libertatis</strong></span> 
     </span>
     <span class='ocr_line' id='line_1_25' title="bbox 412 2723 2701 2826; baseline -0.011 -21"><span class='ocrx_word' id='word_1_211' title='bbox 412 2780 421 2784; x_wconf 96' lang='lat'><em>-</em></span> <span class='ocrx_word' id='word_1_212' title='bbox 500 2746 947 2807; x_wconf 84' lang='lat' dir='ltr'><strong>accendebant:</strong></span> <span class='ocrx_word' id='word_1_213' title='bbox 979 2746 1289 2826; x_wconf 88' lang='lat' dir='ltr'><strong>Philippus</strong></span> <span class='ocrx_word' id='word_1_214' title='bbox 1319 2745 1573 2825; x_wconf 87' lang='lat' dir='ltr'><strong>egregiis</strong></span> <span class='ocrx_word' id='word_1_215' title='bbox 1602 2743 1812 2823; x_wconf 80' lang='lat' dir='ltr'><strong>copiiS‚</strong></span> <span class='ocrx_word' id='word_1_216' title='bbox 1834 2750 2041 2817; x_wconf 89' lang='lat' dir='ltr'><strong>totque</strong></span> <span class='ocrx_word' id='word_1_217' title='bbox 2066 2732 2355 2794; x_wconf 90' lang='lat' dir='ltr'><strong>bellorum</strong></span> <span class='ocrx_word' id='word_1_218' title='bbox 2380 2723 2701 2787; x_wconf 80' lang='lat' dir='ltr'><strong>victoribus</strong></span> 
     </span>
     <span class='ocr_line' id='line_1_26' title="bbox 503 2820 2704 2922; baseline -0.01 -22"><span class='ocrx_word' id='word_1_219' title='bbox 503 2838 764 2900; x_wconf 85' lang='lat' dir='ltr'><strong>fidebat:</strong></span> <span class='ocrx_word' id='word_1_220' title='bbox 809 2843 868 2900; x_wconf 92' lang='lat' dir='ltr'><strong>in</strong></span> <span class='ocrx_word' id='word_1_221' title='bbox 902 2860 965 2900; x_wconf 90' lang='lat' dir='ltr'><strong>se</strong></span> <span class='ocrx_word' id='word_1_222' title='bbox 1003 2861 1239 2922; x_wconf 90' lang='lat' dir='ltr'><strong>quoque</strong></span> <span class='ocrx_word' id='word_1_223' title='bbox 1281 2860 1399 2900; x_wconf 90' lang='lat' dir='ltr'><strong>non</strong></span> <span class='ocrx_word' id='word_1_224' title='bbox 1449 2859 1658 2919; x_wconf 88' lang='lat' dir='ltr'><strong>parum</strong></span> <span class='ocrx_word' id='word_1_225' title='bbox 1701 2836 1981 2897; x_wconf 89' lang='lat' dir='ltr'><strong>momenti</strong></span> <span class='ocrx_word' id='word_1_226' title='bbox 2023 2831 2378 2899; x_wconf 85' lang='lat' dir='ltr'><strong>collocabat,</strong></span> <span class='ocrx_word' id='word_1_227' title='bbox 2407 2823 2571 2905; x_wconf 90' lang='lat' dir='ltr'><strong>quod</strong></span> <span class='ocrx_word' id='word_1_228' title='bbox 2598 2820 2704 2880; x_wconf 73' lang='lat' dir='ltr'><strong>im·-</strong></span> 
     </span>
     <span class='ocr_line' id='line_1_27' title="bbox 506 2917 2705 3017; baseline -0.009 -22"><span class='ocrx_word' id='word_1_229' title='bbox 506 2937 814 3015; x_wconf 87' lang='lat' dir='ltr'><strong>peratoriis</strong></span> <span class='ocrx_word' id='word_1_230' title='bbox 843 2937 1069 2997; x_wconf 86' lang='lat' dir='ltr'><strong>artibus</strong></span> <span class='ocrx_word' id='word_1_231' title='bbox 1098 2939 1225 3016; x_wconf 91' lang='lat' dir='ltr'><strong>ipse</strong></span> <span class='ocrx_word' id='word_1_232' title='bbox 1255 2937 1678 3017; x_wconf 73' lang='lat' dir='ltr'><strong>praecelleret30</strong></span> <span class='ocrx_word' id='word_1_233' title='bbox 1721 2933 2065 2993; x_wconf 79' lang='lat' dir='ltr'><strong>Groecorum</strong></span> <span class='ocrx_word' id='word_1_234' title='bbox 2109 2919 2557 2986; x_wconf 82' lang='lat' dir='ltr'><strong>celebratissimi</strong></span> <span class='ocrx_word' id='word_1_235' title='bbox 2601 2917 2705 2977; x_wconf 91' lang='lat' dir='ltr'><strong>du-</strong></span> 
     </span>
     <span class='ocr_line' id='line_1_28' title="bbox 509 3012 2706 3112; baseline -0.01 -20"><span class='ocrx_word' id='word_1_236' title='bbox 509 3052 609 3092; x_wconf 89' lang='lat' dir='ltr'><strong>ces</strong></span> <span class='ocrx_word' id='word_1_237' title='bbox 653 3033 780 3112; x_wconf 91' lang='lat' dir='ltr'><strong>jam</strong></span> <span class='ocrx_word' id='word_1_238' title='bbox 834 3032 1236 3094; x_wconf 88' lang='lat' dir='ltr'><strong>decesserant.</strong></span> <span class='ocrx_word' id='word_1_239' title='bbox 1321 3036 1382 3093; x_wconf 87' lang='lat'><strong>4.</strong></span> <span class='ocrx_word' id='word_1_240' title='bbox 1428 3032 1776 3110; x_wconf 87' lang='lat' dir='ltr'><strong>Theagenes</strong></span> <span class='ocrx_word' id='word_1_241' title='bbox 1816 3025 2112 3087; x_wconf 87' lang='lat' dir='ltr'><strong>Thebanis</strong></span> <span class='ocrx_word' id='word_1_242' title='bbox 2154 3030 2426 3103; x_wconf 77' lang='lat' dir='ltr'><strong>praeerat,</strong></span> <span class='ocrx_word' id='word_1_243' title='bbox 2473 3012 2706 3075; x_wconf 88' lang='lat' dir='ltr'><strong>modico</strong></span> 
     </span>
     <span class='ocr_line' id='line_1_29' title="bbox 511 3111 2708 3209; baseline -0.01 -21"><span class='ocrx_word' id='word_1_244' title='bbox 511 3130 737 3190; x_wconf 84' lang='lat' dir='ltr'><strong>militiae</strong></span> <span class='ocrx_word' id='word_1_245' title='bbox 768 3151 906 3203; x_wconf 89' lang='lat' dir='ltr'><strong>usu,</strong></span> <span class='ocrx_word' id='word_1_246' title='bbox 935 3151 1126 3209; x_wconf 88' lang='lat' dir='ltr'><strong>neque</strong></span> <span class='ocrx_word' id='word_1_247' title='bbox 1160 3131 1303 3190; x_wconf 86' lang='lat' dir='ltr'><strong>satis</strong></span> <span class='ocrx_word' id='word_1_248' title='bbox 1334 3131 1538 3189; x_wconf 85' lang='lat' dir='ltr'><strong>firmus</strong></span> <span class='ocrx_word' id='word_1_249' title='bbox 1564 3127 1849 3189; x_wconf 84' lang='lat' dir='ltr'><strong>adversus</strong></span> <span class='ocrx_word' id='word_1_250' title='bbox 1875 3123 2220 3207; x_wconf 88' lang='lat' dir='ltr'><strong>pecuniam:</strong></span> <span class='ocrx_word' id='word_1_251' title='bbox 2263 3111 2708 3178; x_wconf 87' lang='lat' dir='ltr'><strong>Atheniensium</strong></span> 
     </span>
     <span class='ocr_line' id='line_1_30' title="bbox 512 3214 2708 3308; baseline -0.009 -21"><span class='ocrx_word' id='word_1_252' title='bbox 512 3239 747 3307; x_wconf 84' lang='lat' dir='ltr'><strong>quoque</strong></span> <span class='ocrx_word' id='word_1_253' title='bbox 779 3230 1195 3308; x_wconf 87' lang='lat' dir='ltr'><strong>imperatorum</strong></span> <span class='ocrx_word' id='word_1_254' title='bbox 1225 3229 1496 3289; x_wconf 88' lang='lat' dir='ltr'><strong>virtutem</strong></span> <span class='ocrx_word' id='word_1_255' title='bbox 1549 3238 1727 3306; x_wconf 87' lang='lat' dir='ltr'><strong>atque</strong></span> <span class='ocrx_word' id='word_1_256' title='bbox 1752 3223 2043 3304; x_wconf 82' lang='lat' dir='ltr'><strong>-peritiam</strong></span> <span class='ocrx_word' id='word_1_257' title='bbox 2073 3219 2196 3300; x_wconf 90' lang='lat' dir='ltr'><strong>ipse</strong></span> <span class='ocrx_word' id='word_1_258' title='bbox 2240 3214 2436 3274; x_wconf 87' lang='lat' dir='ltr'><strong>animo</strong></span> <span class='ocrx_word' id='word_1_259' title='bbox 2479 3224 2708 3288; x_wconf 84' lang='lat' dir='ltr'><strong>usuque</strong></span> 
     </span>
     <span class='ocr_line' id='line_1_31' title="bbox 512 3305 2708 3404; baseline -0.01 -20"><span class='ocrx_word' id='word_1_260' title='bbox 512 3344 702 3388; x_wconf 89' lang='lat' dir='ltr'><strong>rerum</strong></span> <span class='ocrx_word' id='word_1_261' title='bbox 747 3324 923 3404; x_wconf 81' lang='lat' dir='ltr'><strong>longe</strong></span> <span class='ocrx_word' id='word_1_262' title='bbox 973 3325 1254 3386; x_wconf 85' lang='lat' dir='ltr'><strong>anteibat.</strong></span> <span class='ocrx_word' id='word_1_263' title='bbox 1342 3329 1401 3385; x_wconf 89' lang='grc'><strong>5.</strong></span> <span class='ocrx_word' id='word_1_264' title='bbox 1446 3324 1566 3384; x_wconf 90' lang='lat' dir='ltr'><strong>Sed</strong></span> <span class='ocrx_word' id='word_1_265' title='bbox 1608 3322 1857 3382; x_wconf 89' lang='lat' dir='ltr'><strong>duorum</strong></span> <span class='ocrx_word' id='word_1_266' title='bbox 1898 3317 2227 3399; x_wconf 88' lang='lat' dir='ltr'><strong>potentium</strong></span> <span class='ocrx_word' id='word_1_267' title='bbox 2273 3309 2623 3391; x_wconf 88' lang='lat' dir='ltr'><strong>populorum</strong></span> <span class='ocrx_word' id='word_1_268' title='bbox 2651 3305 2708 3363; x_wconf 92' lang='lat' dir='ltr'><strong>in</strong></span> 
     </span>
     <span class='ocr_line' id='line_1_32' title="bbox 516 3400 2709 3502; baseline -0.01 -21"><span class='ocrx_word' id='word_1_269' title='bbox 516 3442 700 3481; x_wconf 88' lang='lat' dir='ltr'><strong>unum</strong></span> <span class='ocrx_word' id='word_1_270' title='bbox 729 3441 1030 3483; x_wconf 79' lang='lat' dir='ltr'><strong>conversae</strong></span> <span class='ocrx_word' id='word_1_271' title='bbox 1059 3425 1237 3496; x_wconf 84' lang='lat' dir='ltr'><strong>vires,</strong></span> <span class='ocrx_word' id='word_1_272' title='bbox 1269 3442 1515 3502; x_wconf 85' lang='lat' dir='ltr'><strong>quorum</strong></span> <span class='ocrx_word' id='word_1_273' title='bbox 1555 3419 1962 3480; x_wconf 84' lang='lat' dir='ltr'><strong>auctoritatem</strong></span> <span class='ocrx_word' id='word_1_274' title='bbox 2005 3408 2293 3473; x_wconf 88' lang='lat' dir='ltr'><strong>Corinthii</strong></span> <span class='ocrx_word' id='word_1_275' title='bbox 2323 3423 2558 3485; x_wconf 76' lang='lat' dir='ltr'><strong>quoque</strong></span> <span class='ocrx_word' id='word_1_276' title='bbox 2587 3400 2709 3462; x_wconf 88' lang='lat' dir='ltr'><strong>alii-</strong></span> 
     </span>
     <span class='ocr_line' id='line_1_33' title="bbox 516 3496 2709 3600; baseline -0.011 -20"><span class='ocrx_word' id='word_1_277' title='bbox 516 3540 631 3599; x_wconf 92' lang='lat' dir='ltr'><strong>que</strong></span> <span class='ocrx_word' id='word_1_278' title='bbox 651 3524 1084 3600; x_wconf 80' lang='lat' dir='ltr'><strong>sequebantur,</strong></span> <span class='ocrx_word' id='word_1_279' title='bbox 1113 3521 1436 3600; x_wconf 88' lang='lat' dir='ltr'><strong>injecerant</strong></span> <span class='ocrx_word' id='word_1_280' title='bbox 1485 3517 1731 3590; x_wconf 81' lang='lat' dir='ltr'><strong>curam‚‘¹</strong></span> <span class='ocrx_word' id='word_1_281' title='bbox 1767 3514 2009 3574; x_wconf 87' lang='lat' dir='ltr'><strong>minima</strong></span> <span class='ocrx_word' id='word_1_282' title='bbox 2047 3508 2222 3568; x_wconf 89' lang='lat' dir='ltr'><strong>unius</strong></span> <span class='ocrx_word' id='word_1_283' title='bbox 2260 3504 2374 3564; x_wconf 89' lang='lat' dir='ltr'><strong>diei</strong></span> <span class='ocrx_word' id='word_1_284' title='bbox 2421 3511 2611 3581; x_wconf 86' lang='lat' dir='ltr'><strong>parte,</strong></span> <span class='ocrx_word' id='word_1_285' title='bbox 2638 3496 2709 3556; x_wconf 78' lang='lat' dir='ltr'><strong>de</strong></span> 
     </span>
     <span class='ocr_line' id='line_1_34' title="bbox 517 3593 2710 3698; baseline -0.011 -21"><span class='ocrx_word' id='word_1_286' title='bbox 517 3618 711 3696; x_wconf 86' lang='lat' dir='ltr'><strong>capite</strong></span> <span class='ocrx_word' id='word_1_287' title='bbox 741 3618 1110 3698; x_wconf 84' lang='lat' dir='ltr'><strong>fortunisque</strong></span> <span class='ocrx_word' id='word_1_288' title='bbox 1154 3616 1427 3676; x_wconf 89' lang='lat' dir='ltr'><strong>omnibus</strong></span> <span class='ocrx_word' id='word_1_289' title='bbox 1471 3613 1840 3675; x_wconf 88' lang='lat' dir='ltr'><strong>dimicaturo.</strong></span> <span class='ocrx_word' id='word_1_290' title='bbox 1923 3610 1981 3667; x_wconf 90' lang='lat'><strong>6.</strong></span> <span class='ocrx_word' id='word_1_291' title='bbox 2027 3607 2119 3666; x_wconf 91' lang='lat' dir='ltr'><strong>Ne</strong></span> <span class='ocrx_word' id='word_1_292' title='bbox 2145 3603 2558 3682; x_wconf 86' lang='lat' dir='ltr'><strong>Thebanorum</strong></span> <span class='ocrx_word' id='word_1_293' title='bbox 2586 3593 2710 3674; x_wconf 88' lang='lat' dir='ltr'><strong>qui-</strong></span> 
     </span>
     <span class='ocr_line' id='line_1_35' title="bbox 520 3692 2710 3796; baseline -0.012 -23"><span class='ocrx_word' id='word_1_294' title='bbox 520 3714 653 3774; x_wconf 87' lang='lat' dir='ltr'><strong>dem</strong></span> <span class='ocrx_word' id='word_1_295' title='bbox 701 3716 994 3796; x_wconf 90' lang='lat' dir='ltr'><strong>principes</strong></span> <span class='ocrx_word' id='word_1_296' title='bbox 1045 3736 1082 3775; x_wconf 92' lang='lat' dir='ltr'><strong>a</strong></span> <span class='ocrx_word' id='word_1_297' title='bbox 1129 3715 1293 3795; x_wconf 87' lang='lat' dir='ltr'><strong>pacis</strong></span> <span class='ocrx_word' id='word_1_298' title='bbox 1343 3711 1609 3773; x_wconf 89' lang='lat' dir='ltr'><strong>consiliis</strong></span> <span class='ocrx_word' id='word_1_299' title='bbox 1657 3707 2084 3771; x_wconf 74' lang='lat' dir='ltr'><strong>abhorrebant:</strong></span> <span class='ocrx_word' id='word_1_300' title='bbox 2132 3698 2240 3760; x_wconf 87' lang='lat' dir='ltr'><strong>sed</strong></span> <span class='ocrx_word' id='word_1_301' title='bbox 2267 3692 2710 3756; x_wconf 89' lang='lat' dir='ltr'><strong>Atheniensium</strong></span> 
     </span>
     <span class='ocr_line' id='line_1_36' title="bbox 501 3790 2709 3889; baseline -0.013 -18"><span class='ocrx_word' id='word_1_302' title='bbox 501 3813 696 3872; x_wconf 43' lang='lat' dir='ltr'><strong>*ardor</strong></span> <span class='ocrx_word' id='word_1_303' title='bbox 724 3814 914 3884; x_wconf 87' lang='lat' dir='ltr'><strong>evicit,</strong></span> <span class='ocrx_word' id='word_1_304' title='bbox 945 3824 1012 3874; x_wconf 89' lang='lat' dir='ltr'><strong>ut</strong></span> <span class='ocrx_word' id='word_1_305' title='bbox 1041 3833 1247 3874; x_wconf 88' lang='lat' dir='ltr'><strong>omnes</strong></span> <span class='ocrx_word' id='word_1_306' title='bbox 1282 3811 1535 3871; x_wconf 79' lang='lat' dir='ltr'><strong>Graeciae</strong></span> <span class='ocrx_word' id='word_1_307' title='bbox 1577 3828 1712 3889; x_wconf 87' lang='lat' dir='ltr'><strong>spes</strong></span> <span class='ocrx_word' id='word_1_308' title='bbox 1753 3821 2016 3884; x_wconf 90' lang='lat' dir='ltr'><strong>opesque</strong></span> <span class='ocrx_word' id='word_1_309' title='bbox 2054 3792 2439 3874; x_wconf 82' lang='lat' dir='ltr'><strong>unius-praelii</strong></span> <span class='ocrx_word' id='word_1_310' title='bbox 2465 3790 2709 3849; x_wconf 79' lang='lat' dir='ltr'><strong>fortunae</strong></span> 
     </span>
     <span class='ocr_line' id='line_1_37' title="bbox 521 3887 2712 3990; baseline -0.015 -20"><span class='ocrx_word' id='word_1_311' title='bbox 521 3910 1008 3990; x_wconf 87' lang='lat' dir='ltr'><strong>permitterentur.</strong></span> <span class='ocrx_word' id='word_1_312' title='bbox 1088 3909 1427 3970; x_wconf 88' lang='lat' dir='ltr'><strong>Alexander</strong></span> <span class='ocrx_word' id='word_1_313' title='bbox 1486 3895 1664 3966; x_wconf 86' lang='lat' dir='ltr'><strong>etiam</strong></span> <span class='ocrx_word' id='word_1_314' title='bbox 1722 3893 2103 3962; x_wconf 76' lang='lat' dir='ltr'><strong>immodicus‘</strong></span> <span class='ocrx_word' id='word_1_315' title='bbox 2157 3892 2337 3954; x_wconf 91' lang='lat' dir='ltr'><strong>animi</strong></span> <span class='ocrx_word' id='word_1_316' title='bbox 2393 3887 2712 3951; x_wconf 87' lang='lat' dir='ltr'><strong>testabatur</strong></span> 
     </span>
    </p>
   </div>
   <div class='ocr_carea' id='block_1_3' title="bbox 588 4039 2441 4210">
    <p class='ocr_par' dir='ltr' id='par_1_4' title="bbox 588 4039 2441 4210">
     <span class='ocr_line' id='line_1_38' title="bbox 588 4039 2123 4148; baseline -0.008 -19"><span class='ocrx_word' id='word_1_317' title='bbox 588 4088 613 4114; x_wconf 79' lang='lat'>⁸</span> <span class='ocrx_word' id='word_1_318' title='bbox 646 4081 787 4131; x_wconf 82' lang='lat' dir='ltr'><strong>Plnt.</strong></span> <span class='ocrx_word' id='word_1_319' title='bbox 812 4082 1082 4132; x_wconf 85' lang='lat' dir='ltr'><strong>Demosth.</strong></span> <span class='ocrx_word' id='word_1_320' title='bbox 1104 4097 1157 4148; x_wconf 85' lang='lat' dir='ltr'><strong>p.</strong></span> <span class='ocrx_word' id='word_1_321' title='bbox 1177 4087 1290 4131; x_wconf 82' lang='grc'><strong>854.</strong></span> <span class='ocrx_word' id='word_1_322' title='bbox 1667 4039 1836 4125; x_wconf 82' lang='lat' dir='ltr'><strong>contr.</strong></span> <span class='ocrx_word' id='word_1_323' title='bbox 1857 4069 2123 4121; x_wconf 81' lang='lat' dir='ltr'><strong>Demosth.</strong></span> 
     </span>
     <span class='ocr_line' id='line_1_39' title="bbox 589 4140 2441 4210; baseline -0.014 0"><span class='ocrx_word' id='word_1_324' title='bbox 589 4156 613 4191; x_wconf 67' lang='lat' dir='ltr'><strong>b</strong></span> <span class='ocrx_word' id='word_1_325' title='bbox 646 4149 838 4209; x_wconf 73' lang='lat' dir='ltr'><strong>Justih.</strong></span> <span class='ocrx_word' id='word_1_326' title='bbox 861 4173 937 4210; x_wconf 82' lang='lat' dir='ltr'><strong>rx.</strong></span> <span class='ocrx_word' id='word_1_327' title='bbox 960 4164 1010 4209; x_wconf 83' lang='grc'><strong>4.</strong></span> <span class='ocrx_word' id='word_1_328' title='bbox 1032 4164 1082 4209; x_wconf 85' lang='grc'><strong>8.</strong></span> <span class='ocrx_word' id='word_1_329' title='bbox 1729 4151 1753 4186; x_wconf 72' lang='lat'><strong>‘¹</strong></span> <span class='ocrx_word' id='word_1_330' title='bbox 1787 4150 1935 4198; x_wconf 77' lang='lat' dir='ltr'><strong>Plut.</strong></span> <span class='ocrx_word' id='word_1_331' title='bbox 1957 4142 2230 4196; x_wconf 85' lang='lat' dir='ltr'><strong>Demosth.</strong></span> <span class='ocrx_word' id='word_1_332' title='bbox 2249 4153 2302 4201; x_wconf 87' lang='lat' dir='ltr'><strong>p.</strong></span> <span class='ocrx_word' id='word_1_333' title='bbox 2327 4140 2441 4186; x_wconf 81' lang='grc'><strong>854.</strong></span> 
     </span>
    </p>
   </div>
   <div class='ocr_carea' id='block_1_4' title="bbox 591 4211 2335 4299">
    <p class='ocr_par' dir='ltr' id='par_1_5' title="bbox 591 4211 2335 4299">
     <span class='ocr_line' id='line_1_40' title="bbox 591 4211 2335 4299; baseline -0.008 -15"><span class='ocrx_word' id='word_1_334' title='bbox 591 4244 612 4270; x_wconf 73' lang='lat'>0</span> <span class='ocrx_word' id='word_1_335' title='bbox 646 4236 807 4286; x_wconf 90' lang='lat' dir='ltr'><strong>Diod.</strong></span> <span class='ocrx_word' id='word_1_336' title='bbox 829 4236 934 4286; x_wconf 82' lang='lat' dir='ltr'><strong>Sic.</strong></span> <span class='ocrx_word' id='word_1_337' title='bbox 960 4250 1084 4287; x_wconf 82' lang='lat' dir='ltr'><strong>xvr.</strong></span> <span class='ocrx_word' id='word_1_338' title='bbox 1109 4250 1160 4299; x_wconf 85' lang='lat' dir='ltr'><strong>p.</strong></span> <span class='ocrx_word' id='word_1_339' title='bbox 1185 4240 1298 4284; x_wconf 82' lang='lat'><strong>555.</strong></span> <span class='ocrx_word' id='word_1_340' title='bbox 1332 4223 1584 4283; x_wconf 84' lang='lat' dir='ltr'><strong>Dinarch.</strong></span> <span class='ocrx_word' id='word_1_341' title='bbox 1731 4237 1753 4263; x_wconf 63' lang='grc' dir='ltr'><strong>θ</strong></span> <span class='ocrx_word' id='word_1_342' title='bbox 1790 4228 1897 4278; x_wconf 87' lang='lat' dir='ltr'><strong>Dio</strong></span> <span class='ocrx_word' id='word_1_343' title='bbox 1917 4240 1997 4289; x_wconf 88' lang='lat' dir='ltr'><strong>pr.</strong></span> <span class='ocrx_word' id='word_1_344' title='bbox 2017 4222 2164 4272; x_wconf 84' lang='lat' dir='ltr'><strong>Orat.</strong></span> <span class='ocrx_word' id='word_1_345' title='bbox 2187 4211 2235 4269; x_wconf 66' lang='lat'><strong>2.</strong></span> <span class='ocrx_word' id='word_1_346' title='bbox 2328 4289 2335 4294; x_wconf 29' lang='lat'>¹</span> 
     </span>
    </p>
   </div>
  </div>
 </body>
</html>
