2978 4933
763 382 767 388 '
838 396 958 445 οι..
1005 394 1195 444 oxu.
1240 376 1304 441 3.
1380 395 1454 443 A.
1507 396 1627 443 cn.
1675 395 1752 443 N.
1793 378 1944 446 329.
1987 445 1999 457 ,
2363 382 2493 450 529

286 549 556 608 traxere
605 541 832 607 vitam.
919 541 1030 606 26.
1079 540 1463 606 Bactrianae
1484 550 1513 591 P
1561 546 1753 606 terrae
1798 540 2147 626 multiplex
2193 549 2258 608 et
2306 546 2501 610 variar

283 655 523 710 natura
547 650 709 709 est:
756 644 919 709 alibi
948 643 1157 708 multa
1188 644 1385 709 arbor
1412 652 1484 708 et
1511 644 1670 710 vitis
1695 645 1917 727 largos
1951 646 2276 731 mitesque
2318 648 2494 712 fruc-t

286 756 403 812 tus
434 750 590 814 alit:
635 749 855 813 solum
903 748 1147 832 pingue
1199 749 1412 813 crebri
1456 748 1676 813 sontes
1724 748 1985 832 rig‘ant:
2031 770 2186 834 quae
2231 750 2492 815 mitiora

289 858 464 929 sunt,
510 851 840 924 frumento
883 836 1337 929 conseruntur,
1369 858 1599 916 cetera
1630 856 2068 916 armentorum
2098 854 2349 937 pabulo
2381 874 2489 918 cc-

288 958 468 1021 dunt.
554 957 660 1021 27.
709 955 1023 1038 Magnam
1054 954 1290 1019 deinde
1335 963 1600 1037 partem
1646 954 1947 1038 ejusdem
1984 963 2187 1021 <terrae
2234 960 2493 1022 steriles

287 1078 505 1123 arenae
538 1065 796 1125 tenent:
842 1059 1156 1143 squalida
1202 1058 1507 1121 siccitate
1550 1059 1734 1141 regio
1779 1078 1918 1122 non
1960 1058 2312 1133 hominem,
2357 1082 2491 1125 non

287 1162 538 1245 frugem
569 1162 725 1228 alit:
772 1183 926 1227 cum
959 1182 1119 1227 vero
1151 1162 1406 1228 ventia
1434 1161 1724 1227 Pontico
1746 1170 1772 1208 ‘¹
1801 1162 1968 1226 mari
2000 1164 2282 1246 spirant,
2308 1164 2493 1247 quic-

288 1265 451 1349 quid
480 1266 697 1331 sabuli
726 1266 794 1330 in
825 1265 1087 1350 campis
1104 1265 1315 1349 jacet,
1344 1272 1762 1331 converrunt.
1854 1265 2075 1344 Quod.
2101 1268 2217 1332 ubi
2258 1288 2492 1333 cumu-

288 1369 502 1433 latum
533 1376 657 1445 est,
686 1388 1073 1453 magnorum
1105 1367 1378 1432 collium
1409 1366 1651 1450 procul
1684 1369 1953 1451 species
1979 1376 2107 1447 est.
2136 1370 2491 1452 omniaque

288 1472 552 1556 pristini
600 1471 857 1537 itineris
889 1471 1191 1554 vestigia.
1216 1472 1568 1536 intereunt.
1659 1470 1769 1535 28.
1817 1471 2058 1555 Itaque
2090 1474 2210 1556 qui
2238 1478 2493 1537 transe-

290 1581 409 1639 unt
438 1594 735 1659 campoS‚
757 1574 1255 1656 navigantiumr
1281 1573 1481 1637 modo
1511 1579 1710 1638 noctu
1745 1574 1968 1638 sidera
1998 1576 2378 1653 observant,
2409 1575 2496 1639 ad

287 1697 572 1761 quorum
597 1697 864 1743 cursum
907 1677 1033 1742 iter
1079 1677 1389 1759 dirigunt,
1437 1685 1504 1741 et
1553 1677 2042 1760 propemodum
2083 1677 2326 1742 clarior
2352 1685 2499 1741 estf

287 1781 507 1846 noctis
538 1781 796 1859 umbra,
824 1800 1027 1865 quam
1057 1780 1221 1843 lux:
1264 1778 1371 1844 29.
1404 1798 1563 1861 ergo
1610 1779 1897 1844 interdiu
1940 1780 2124 1844 invia
2154 1787 2260 1845 est
2287 1780 2494 1862 regi0‚

287 1884 446 1967 quia
491 1903 610 1947 nec
660 1883 1037 1967 vestigium,
1085 1880 1269 1967 quod
1316 1890 1708 1965 sequantur,
1759 1883 2125 1960 inveniunt,
2176 1891 2247 1948 et
2307 1884 2488 1946 nitor

1210 2047 1298 2068 ”O
1304 2048 1571 2069 WdOO

287 2147 451 2196 cedere
464 2145 588 2208 iussi
608 2153 734 2198 sunt.
798 2148 948 2199 Voss.
969 2152 1020 2197 2.
1044 2150 1292 2199 extrahere
1308 2149 1604 2199 vitam—26
1637 2149 1754 2198 Pal.
1782 2153 1828 2199 1.
1846 2164 1909 2198 ex
1929 2148 2083 2198 varia.
2149 2148 2296 2196 Voss.
2318 2150 2367 2197 2.
2393 2148 2493 2195 lar·

283 2226 372 2274 gos
390 2214 663 2275 multosque.
728 2213 866 2276 Dan.
888 2215 1035 2263 solum
1051 2214 1213 2277 pinge.
1276 2216 1430 2265 Voss.
1451 2219 1503 2264 2.
1523 2215 1686 2263 bubulo
1706 2215 1909 2272 cedam,-
1959 2212 2079 2263 Ald.
2096 2212 2264 2277 pabulo
2281 2213 2492 2262 coedunt.

288 2280 418 2325 -27
454 2278 685 2328 Florent.
705 2286 762 2327 et
787 2278 932 2328 Leid.
953 2279 1138 2327 steriles
1158 2293 1333 2328 arenoe.
1403 2280 1556 2329 Voss.
1591 2285 1640 2329 2.
1673 2294 1758 2327 nec
1779 2280 1996 2339 frugem.
2064 2278 2297 2327 Florent.
2341 2277 2491 2326 Leid.

287 2342 444 2392 Voss,
479 2347 527 2390 1.
560 2342 701 2392 Pitb.
723 2349 778 2392 et
800 2344 934 2393 Mer.
952 2345 1116 2406 pabuli
1134 2345 1186 2393 in
1222 2345 1433 2409 «κοπρίῃ
1479 2345 1632 2394 Voss.
1656 2348 1706 2392 2.
1729 2349 1784 2392 et
1806 2344 1976 2406 Bong.
1994 2342 2202 2407 pulveris
2224 2343 2275 2391 in
2297 2341 2492 2403 eampis.

290 2408 443 2456 Voss.
476 2411 527 2455 2.
559 2412 613 2455 et
641 2408 758 2457 Pal.
785 2412 829 2458 1.
851 2410 1143 2469 convehunt3
1194 2410 1334 2458 Mer.
1358 2417 1411 2459 et
1441 2410 1563 2458 Bas.
1585 2413 1877 2459 convertunt.
1948 2409 2118 2475 Bong.
2145 2414 2191 2457 l.
2218 2408 2357 2463 Quod
2376 2407 2490 2457 illic.

291 2473 522 2522 Floreat.
545 2475 843 2523 cumulatum.
909 2476 1026 2524 Pal.
1054 2479 1099 2523 1.
1122 2476 1316 2526 omittit
1336 2477 1517 2539 procul.
1586 2476 1725 2525 Dan.
1747 2482 1802 2523 et
1825 2474 1940 2523 Pal.
1966 2479 2011 2524 1.
2044 2474 2273 2536 omnique.
2341 2473 2492 2522 Voss.

288 2542 337 2587 2.
360 2537 564 2599 vestigia
587 2543 931 2601 pereunte—28
966 2541 1120 2589 Voss.
1152 2545 1203 2590 2.
1240 2541 1412 2605 Itaque
1439 2556 1528 2603 per
1561 2545 1827 2600 transeunt,
1849 2547 1904 2588 et
1928 2554 2046 2588 mox
2069 2544 2200 2588 motu
2223 2553 2315 2601 pro
2337 2543 2498 2595 noctu,

290 2604 428 2666 quod
451 2603 600 2652 deest
625 2604 674 2651 in
695 2603 834 2653 Pitb.
890 2604 1045 2652 carior
1077 2610 1150 2654 est
1170 2606 1319 2655 Voss.
1344 2609 1525 2654 1.-29
1559 2605 1790 2653 Florent.
1816 2604 1963 2653 Leid.
1989 2605 2138 2653 Voss.
2162 2607 2212 2650 l.
2241 2604 2412 2664 Bong.
2438 2610 2494 2650 et

216 2705 222 2708 .
290 2669 429 2716 Dan.
450 2682 563 2728 ergo
583 2668 635 2716 in
657 2668 735 2717 die
749 2684 769 2727 ,-
818 2669 986 2731 Bong.
1013 2671 1194 2730 hergo
1219 2670 1373 2731 india,
1395 2677 1450 2719 et
1485 2678 1604 2733 post
1639 2670 1853 2732 primam
1879 2669 1996 2732 syll.
2018 2681 2271 2730 suprascr.
2297 2674 2317 2714 t
2343 2667 2497 2714 litera

289 2747 408 2782 cum
433 2733 533 2781 alia
556 2733 769 2797 insuper
788 2733 979 2782 lineola
1004 2748 1096 2796 per
1118 2735 1280 2797 ipsam
1304 2735 1478 2784 ducta.
1546 2733 1693 2783 Leid.
1737 2741 1791 2783 et
1826 2734 1980 2782 Voss.
2021 2738 2068 2781 l.
2111 2732 2219 2794 quia
2253 2731 2334 2794 qui
2371 2745 2492 2787 nec,-

289 2799 456 2862 Βοῦς.
492 2798 781 2861 2.(ιιιίπεσς
830 2797 923 2849 sed
963 2799 1016 2848 in
1054 2799 1219 2864 Βοῦς.
1244 2805 1292 2851 1.
1328 2799 1410 2863 qui
1446 2799 1703 2862 exscalpt.
1769 2798 1891 2848 Ald.
1912 2797 2025 2861 quia
2046 2813 2077 2846 α
2098 2796 2236 2845 mari.
2304 2794 2422 2845 Pal.
2449 2800 2493 2844 l.

1272 2944 1489 2998 NOTAE

352 3065 379 3098 Ρ
414 3052 715 3123 Βασὰ-ἔωσε]
758 3058 805 3108 Α
825 3061 1029 3112 Bactris
1051 3062 1180 3113 urbe
1205 3063 1348 3128 regia

243 3182 250 3187 .
288 3135 399 3184 sive
436 3150 467 3184 a
500 3136 697 3187 Bactro
738 3133 894 3187 fluvio
929 3152 1117 3188 nomen
1140 3140 1351 3203 accepit

287 3213 571 3261 Bactriana
603 3212 762 3276 regio,
785 3214 935 3277 cujus
960 3217 1167 3266 termini
1200 3224 1353 3267 erant

288 3288 354 3337 ab
374 3288 578 3338 Occasu
594 3290 867 3354 Margiana
884 3308 899 3353 3
918 3307 949 3341 a
964 3293 1189 3342 Meridie
1208 3293 1352 3356 Aria,

292 3371 346 3414 et
366 3365 761 3429 Parapamisu83
789 3367 853 3416 ab
867 3368 1006 3418 Ortu
1021 3369 1188 3418 lndioe
1204 3382 1350 3434 pars;

289 3460 320 3494 a
339 3445 730 3508 Septemtrione
755 3446 901 3496 Oxus
923 3446 1109 3498 fluvius
1136 3449 1351 3513 Sogdia-

289 3536 408 3570 nam
453 3536 483 3569 a
522 3522 805 3572 Bactriana
841 3524 1105 3576 dirimens,
1173 3528 1351 3578 Quan-

290 3613 444 3662 quam
471 3598 772 3661 Bactriana,
803 3615 919 3651 cum
955 3603 1109 3653 latius
1139 3603 1352 3665 dicitur,

288 3676 602 3740 Sogdianam
625 3692 828 3742 qnoque
859 3679 1110 3730 continet.
1177 3681 1349 3731 Hodie

292 3769 411 3818 pars
455 3761 535 3823 est
574 3753 796 3816 regionis
836 3771 987 3821 quam
1023 3759 1351 3822 appellarunt

294 3833 559 3882 chorasan.
871 3834 878 3835 ’
1025 3860 1028 3863 η

355 3917 380 3950 ίι
409 3908 631 3972 Pontico]
657 3909 901 3972 Caspium
923 3910 1033 3961 sive
1051 3910 1353 3976 Hyrcanum

284 3985 545 4048 intellige,
584 3998 804 4048 quocum
842 3986 1099 4035 Euxinum
1134 3978 1351 4035 'confun-

288 4063 392 4124 dit,
416 4070 474 4112 ut
488 4060 706 4111 diximus
729 4076 847 4125 cap.
864 4065 912 4110 3.
945 4061 1058 4111 Etsi
1071 4067 1353 4125 utrumque

292 4153 471 4188 verum
516 4143 615 4197 est,
655 4143 833 4187 ventos
874 4137 962 4202 qui
1004 4137 1068 4186 ab
1100 4138 1351 4201 Hyrcano

291 4215 431 4264 Mari
463 4213 798 4263 Bactrianam
825 4213 1068 4277 perflant,
1091 4215 1296 4266 eosdem
1323 4230 1353 4264 a

292 4290 513 4341 Pontico
538 4290 694 4339 etiam
720 4289 936 4353 spirare.

422 4371 599 4436 Delpla.
619 4379 670 4423 et
687 4372 803 4423 Var.
825 4372 957 4426 ctas.

1292 4373 1354 4429 Q.
1380 4373 1518 4424 Cure.

1493 3070 1514 3096 ¹·
1546 3061 1920 3125 Navigantium]
1964 3060 2140 3112 Simile
2161 3058 2404 3124 quiddam
2432 3058 2497 3107 de

1430 3138 1600 3202 Libya
1634 3139 1836 3189 dixerat
1876 3139 1962 3189 lib.
1980 3152 2055 3189 ιν.
2089 3152 2204 3202 cap.
2226 3142 2273 3186 7.
2308 3138 2496 3186 multo-

1430 3232 1531 3281 que
1573 3217 1866 3281 expressius
1902 3217 2156 3279 Arrianus
2179 3215 2270 3265 lib.
2292 3229 2376 3263 ιιι.
2413 3214 2498 3262 ubi

1431 3293 1718 3341 Alexandri
1742 3293 1842 3341 iter
1861 3291 1927 3340 ad
1948 3293 2288 3341 Hammonem
2307 3288 2500 3338 descri-

1434 3368 1530 3419 bit.
1596 3369 1733 3417 Item
1757 3367 2072 3421 Plutarchus
2094 3368 2146 3415 in
2173 3367 2325 3415 Alex.

1498 3453 1516 3477 ⁸
1553 3446 1744 3494 clarior
1766 3447 1862 3510 est]
1909 3443 2049 3495 Quid
2091 3444 2197 3493 ita?
2232 3456 2351 3492 nam
2390 3441 2498 3490 sive

1432 3529 1593 3572 noctu
1615 3536 1820 3586 quoque
1851 3521 1992 3570 venti
2027 3521 2247 3584 spirant,
2275 3534 2354 3568 nae
2375 3517 2501 3569 faci-

1437 3599 1536 3647 lius
1560 3598 1818 3648 modicum
1840 3599 1973 3647 lunae
1998 3604 2085 3646 aut
2106 3597 2371 3646 stellarum
2397 3595 2496 3644 ful-

1436 3690 1610 3740 gorem
1631 3674 1976 3724 obscurabant
1993 3689 2162 3725 arena·
2183 3670 2350 3723 ventis
2369 3671 2498 3722 effu·

1433 3767 1528 3814 sae,
1561 3765 1711 3816 qnam
1737 3750 1971 3800 diurnam
2003 3751 2123 3801 solis
2147 3753 2349 3801 lucem:
2389 3751 2498 3799 sive

1433 3829 1561 3879 nulli
1588 3829 1786 3892 spirant
1809 3830 1971 3891 venti,
1992 3828 2115 3892 quid
2141 3836 2220 3877 est
2239 3843 2340 3892 quo
2364 3826 2502 3876 diur-

1434 3921 1553 3955 nam
1611 3906 1775 3954 lucem
1834 3905 2000 3954 noctis
2058 3904 2240 3954 umbra
2288 3904 2497 3955 vincere
2544 3910 2547 3913 ’

1437 3983 1633 4047 queat?
1685 3983 1774 4033 Sic
1809 3982 1968 4046 igitur
2010 3981 2368 4045 accipiendum
2408 3997 2499 4045 pu·

1437 4068 1561 4123 tem,
1579 4068 1634 4110 ut
1657 4075 1759 4109 non
1784 4060 1946 4122 major
1963 4059 2169 4124 quidem
2190 4059 2279 4107 illa
2295 4059 2364 4107 sit
2379 4073 2500 4105 noc-

1437 4138 1503 4186 tis
1526 4152 1680 4200 quam
1704 4137 1809 4185 diei
1842 4136 1947 4197 lux,
1971 4135 2065 4185 sed
2097 4134 2378 4187 viatoribus
2409 4149 2503 4196 op·

1436 4213 1723 4276 portunior,
1764 4212 1884 4276 quia
1918 4220 2078 4264 noctu
2116 4213 2289 4261 stellas
2329 4209 2502 4258 obser-

1435 4304 1557 4339 vare
1600 4297 1832 4356 possunt,
1876 4304 2090 4355 quarum
2133 4294 2350 4354 aspectu
2397 4288 2499 4337 iter

2261 4373 2292 4417 2
2332 4370 2370 4418 L
2419 4407 2427 4413 .
