2978 4933
1187 419 1629 471 Pnotnunm.
2241 408 2252 413 “
2409 411 2495 478 11

310 568 418 629 tur
446 561 815 629 Alexandri
846 560 1177 643 Historia,
1205 583 1411 648 quam
1440 564 1616 632 inter
1641 561 1948 642 Graecos,
1975 563 2209 630 eodem
2238 569 2319 628 ut
2352 580 2493 633 cre-

310 666 487 731 ditur
517 665 830 742 consilio,
851 664 996 749 jam
1021 666 1380 750 scripserat
1402 663 1801 732 Clitarchus.
1854 665 2166 732 Romano
2185 663 2495 741 Rhetori,

308 767 484 839 unde
507 767 770 833 veriora
787 767 1048 833 haurire
1074 776 1328 853 posset,
1350 789 1484 834 non
1505 772 1749 852 magna
1770 775 1913 834 erat
1930 788 2090 835 cura
2113 789 2132 850 3
2163 785 2495 851 campum,

308 871 380 936 in
400 889 540 954 quo
570 890 681 936 ars
709 871 1007 937 exultare
1026 876 1293 954 posset,
1323 870 1676 949 invenisse,
1707 872 1873 938 satis
1898 871 2212 938 habebat.
2298 869 2497 935 Sum-

308 991 424 1036 ma
448 980 590 1038 tum
617 993 778 1039 cura
803 980 970 1052 erat,
989 979 1065 1038 ut
1093 975 1430 1041 orationes
1451 973 1898 1039 ornatissimae
1930 979 1997 1038 et
2021 971 2497 1056 descriptiones

309 1074 587 1156 tragicae
628 1074 742 1139 vel
790 1094 881 1139 ex
910 1073 1158 1140 Graeco
1188 1076 1602 1161 transcriptae
1654 1075 1767 1143 vel
1812 1094 2048 1142 recens
2097 1072 2494 1158 composita»,

308 1195 526 1245 rerum
556 1184 899 1260 gestarum·
921 1176 1114 1242 seriei
1143 1197 1268 1243 suo
1301 1196 1597 1262 quaeque
1630 1177 1785 1247 loco
1812 1178 2267 1254 insererentur,
2292 1179 2496 1259 atque

308 1279 593 1344 invicem
617 1278 991 1344 Historiam
1021 1286 1350 1346 ornarent.
1438 1279 1735 1364 Reliqua
1759 1297 1943 1359 vero,
1971 1285 2045 1344 ut
2069 1280 2241 1344 bene
2269 1295 2496 1357 narra-

303 1388 547 1459 rentur,
586 1401 861 1466 operam
891 1382 1165 1466 quidem
1194 1382 1398 1463 dedit,
1428 1381 1550 1448 sed
1577 1389 1854 1467 propter
1880 1383 2348 1467 ‚imperfectam
2391 1403 2495 1448 re-

304 1504 456 1550 rum
486 1484 841 1565 Historico
868 1481 1393 1551 necessariarum
1421 1486 1790 1553 doctrinam
1841 1485 1910 1551 in
1950 1485 2196 1551 multos
2240 1504 2495 1552 errores

311 1587 643 1671 abreptus
673 1590 796 1657 est.
974 1650 977 1653 .

322 1744 337 1751 -
397 1687 1160 1774 Exemplarium'curtii.
1184 1674 2018 1778 manuscriptorumplura
2062 1691 2150 1757 ad
2195 1697 2495 1761 nostram

301 1800 578 1861 aetatem
600 1801 1068 1878 pervenerunt,
1088 1794 1205 1859 sed
1233 1795 1483 1862 accidit
1508 1797 1767 1875 Curtio,
1796 1795 1977 1880 quod
1994 1794 2278 1863 Arriano
2311 1794 2496 1859 aliis-2

304 1916 467 1983 que,
495 1902 570 1962 ut
595 1914 824 1960 omnes
853 1894 1146 1961 Codices
1197 1898 1585 1980 superstites
1630 1918 1721 1962 ex
1766 1915 1900 1962 uno
1954 1897 2229 1981 antiquo
2271 1915 2495 1961 exem-

300 1999 479 2082 plari
510 2017 728 2081 eoque
749 1997 895 2081 jam
939 1998 1179 2064 mutilo
1209 1997 1525 2080 originem
1557 1999 1927 2080 traxerint3
1970 1998 2305 2082 perierunt
2328 1997 2499 2062 liber

297 2101 563 2185 primus
591 2107 660 2165 et
678 2101 1044 2176 secunduS,
1068 2106 1276 2183 atque
1297 2100 1366 2163 in
1394 2100 1863 2185 superstitibus
1882 2100 2103 2183 plures
2126 2099 2268 2164 loci.
2289 2099 2494 2164 modo

298 2202 612 2288 majoris,
655 2201 855 2267 modo
896 2201 1173 2269 minoris
1221 2202 1535 2269 ambitus.
1567 2222 1580 2235 ·
1623 2201 1842 2281 Quem
1872 2199 2202 2288 defectum
2233 2206 2310 2266 ut
2337 2221 2506 2287 supr

297 2305 591 2389 plorent,-
664 2309 798 2369 tres
871 2305 1302 2389 potissimum
1368 2303 1494 2368 viri
1562 2305 1746 2369 docti
1823 2321 2093 2387 operam
2149 2301 2494 2369 dederunt.

268 2481 271 2484 Α
300 2396 692 2492 christoph.
721 2407 973 2486 Bruno,
1000 2405 1045 2472 J
1051 2406 1188 2473 uris
1216 2405 1563 2491 utriusque
1591 2406 2020 2483 Licentiatus,
2065 2403 2506 2490 ejusdemque,

304 2530 393 2578 ac
443 2513 763 2576 bonarum
811 2510 1147 2575 literarum
1204 2510 1548 2594 quondam
1619 2510 1969 2576 Professor
2022 2506 2371 2578 Monachii
2395 2568 2400 2574 ,
2424 2510 2495 2573 in

301 2613 564 2684 Schola
614 2611 919 2690 Poetica,
964 2612 1333 2690 amborum,
1378 2613 1612 2697 quiin
1666 2610 1994 2696 principio
2037 2608 2504 2684 desiderantur*

299 2718 627 2784 librorum
658 2715 1205 2799 supplementum
1232 2715 1788 2798 compendiosum
1817 2713 2103 2796 collegit,
2124 2711 2310 2796 quod
2338 2731 2494 2778 cum

301 2819 540 2888 Curtio
570 2817 890 2884 edebatur
915 2818 1212 2885 Basileae
1240 2819 1436 2883 1545.
1482 2815 1629 2882 Fol.
1657 2821 1725 2881 et
1751 2823 2014 2900 postea*
2033 2834 2222 2900 saepe
2245 2813 2498 2898 repeti-

306 2927 446 2987 tum
498 2926 621 2986 est.
668 2985 671 2988 ,
706 2919 931 3004 AEque
979 2920 1475 3005 compendiosa„
1505 2922 1658 2984 sunt
1705 2918 2170 3002 Christophori
2222 2915 2496 2982 Cellarii

303 3023 789 3107 supplementa
835 3022 991 3090 libri
1025 3041 1074 3086 ι.
1117 3029 1209 3096 εἰ,
1234 3040 1314 3088 ιι.
1363 3030 1565 3107 atque
1614 3021 2003 3090 lacunarum
2049 3020 2497 3104 posteriorum

301 3125 645 3202 librorum,
694 3123 887 3191 1688.
984 3124 1172 3204 ,Quae
1221 3125 1613 3204 exciderint,
1664 3121 1999 3208 quomodo
2052 3122 2311 3205 singula
2355 3121 2495 3187 dis-

303 3233 592 3313 pensata
614 3227 880 3306 fuerint,
908 3227 1150 3310 paucis
1197 3227 1502 3311 exponit,
1552 3232 1747 3310 atque
1793 3224 1862 3289 in
1906 3222 2157 3289 notulis
2183 3221 2496 3306 ,adjectis

298 3338 616 3396 auctores
674 3348 836 3394 suos
894 3334 1208 3396 recenset.
1327 3329 1631 3413 Utroque
1699 3327 1920 3408 longe.
1959 3325 2296 3409 copiosior
2353 3325 2490 3391 fuit

306 3431 824 3507 Freinshemius,
852 3430 967 3514 qui
1005 3449 1238 3496 omnes
1266 3431 1544 3498 lacunas
1571 3429 1876 3512 explevit
1902 3428 2097 3502 1648.
2183 3427 2295 3492 Ex
2322 3443 2493 3512 quo-

302 3535 408 3600 vis
435 3554 674 3618 genere
703 3535 1106 3616 scriptorum
1152 3531 1480 3616 quicquid
1520 3533 1650 3605 huc
1700 3530 2082 3614 spectabat,
2111 3529 2345 3594 multo
2390 3530 2494 3596 la·—

304 3639 463 3704 bore
502 3636 791 3719 collegit,
818 3643 901 3700 ¹et
940 3636 1009 3699 in
1063 3654 1264 3702 unum
1318 3653 1563 3717 corpus
1608 3633 1971 3717 congessit,
2015 3632 2192 3696 unde
2237 3632 2494 3704 sactum

307 3739 575 3825 quidem
623 3746 748 3815 est,
794 3743 869 3803 ut
895 3756 1055 3802 vera
1083 3744 1152 3803 et
1176 3736 1354 3802 salsa
1375 3734 1402 3773 ¹³
1442 3736 1844 3820 promiscue.
1869 3734 2203 3817 legantur,-
2253 3735 2494 3801 merito

309 3862 459 3908 vero
487 3860 628 3927 prae
655 3839 924 3923 reliquis
951 3858 1102 3905 eam
1122 3839 1218 3924 ‘ob
1237 3858 1517 3905 causam
1543 3837 1876 3916 laudatur,
1896 3835 2083 3921 quod
2111 3855 2235 3901 suo
2262 3836 2491 3903 labore

367 4049 391 4085 Β
423 4051 523 4106 Ex.
563 4064 612 4101 e.
655 4050 831 4102 statim
869 4050 923 4100 in
954 4049 1232 4115 principio,
1269 4043 1360 4099 ubi
1441 4049 1782 4104 Ptolcmaeum
1807 4049 2122 4116 potissimum
2143 4058 2201 4101 et
2220 4049 2493 4101 Aristobu-

307 4126 469 4177 Cnrtii
490 4126 697 4176 nomine
719 4124 786 4174 de
807 4122 1040 4177 fontibus
1064 4125 1213 4188 hujus
1236 4124 1355 4174 His·
1436 4127 1542 4177 lum
1582 4134 1820 4178 auctores
1852 4133 2090 4177 secutum
2128 4141 2277 4188 esse3
2314 4134 2369 4176 at
2391 4125 2487 4176 fal·
2541 4131 2549 4138 ‘

310 4200 452 4252 'toriae
480 4202 691 4266 scripsit
711 4203 740 4265 ξ
764 4205 906 4250 1-6.
972 4199 1149 4249 Habet
1172 4201 1259 4250 illa
1287 4216 1353 4251 ex
1435 4218 1548 4254 sum
1568 4212 1650 4258 est
1671 4204 1736 4256 de
1761 4204 1961 4267 Curtio,
1981 4209 2039 4256 ut
2062 4218 2219 4270 supra
2241 4203 2431 4255 monui.

309 4275 869 4341 attaminandum,
899 4290 1050 4344 quem
1073 4291 1249 4329 verum
1273 4287 1353 4329 est
