2978 4933
527 373 661 440 318
966 393 1037 451 Q.
1083 388 1349 440 cua'rn
1405 387 1587 438 aum
1640 389 1786 438 ma.
1831 389 1933 438 ιν.
1980 391 2146 440 oAr.
2178 375 2300 441 213.

527 532 697 601 nas
744 554 944 599 manu
983 535 1368 619 praeferens,
1419 536 1645 621 eapite
1679 533 1968 602 velato¹
1988 537 2274 623 praeibat
2302 541 2545 623 preces
2564 532 2720 622 regi,

527 639 795 717 Jovem,
829 638 1225 719 Minervam,
1256 638 1828 725 Victoriamquem
1876 642 2294 726 propitianti.
2380 641 2487 706 16.
2533 640 2719 705 Tunc

457 817 466 826 ‚
528 743 798 828 quidem
828 743 1168 809 sacrificio
1206 744 1331 808 rite
1378 747 1776 828 perpetrato,
1812 743 2147 826 reliquum
2197 745 2424 809 noctis
2454 739 2721 828 acq'uie-

527 852 713 911 turus
761 847 829 911 in
873 847 1374 913 tabernaculum
1418 847 1643 914 rediit.
1733 848 1870 913 Sed
1916 867 2041 913 nee
2095 865 2399 913 somnum
2460 847 2722 931 capere,

526 970 650 1015 neo
694 951 990 1035 quietem
1039 951 1188 1035 pati
1233 956 1531 1035 poterat:
1575 951 1782 1016 modo
1829 972 1868 1015 e
1896 950 2071 1037 jugo
2118 951 2367 1017 montis
2413 950 2635 1016 aciem
2663 951 2723 1015 in

528 1051 841 1118 dextrum
872 1055 1233 1120 Persarum
1265 1074 1470 1120 cornu
1504 1054 1853 1119 demittere
1896 1055 2242 1139 agitabat;
2287 1051 2494 1119 modo
2540 1062 2723 1119 recta
2808 1084 2812 1088 ·

525 1157 742 1222 fronte
794 1177 1178 1224 concurrere
1228 1158 1445 1223 hosti:
1491 1158 1823 1222 interdum
1866 1158 2202 1236 haesitare,
2250 1176 2336 1222 an
2378 1158 2615 1241 potius
2656 1157 2723 1221 in

524 1262 769 1326 laevum
798 1266 1133 1346 torqueret
1161 1262 1443 1345 agmen?
1492 1261 1755 1326 tandem
1787 1269 2126 1345 gravatum
2158 1260 2360 1325 animi
2389 1262 2724 1325 anxietate

526 1383 775 1448 eorpus
832 1365 1034 1429 altior
1082 1384 1361 1429 somnus
1411 1365 1772 1448 oppressit.
1880 1365 1990 1430 17.
2033 1363 2325 1448 Jamque
2379 1364 2535 1428 luce
2585 1370 2725 1430 orta

527 1465 733 1530 duoes
780 1467 868 1531 ad
928 1466 1327 1551 accipienda
1371 1464 1659 1549 imperia
1704 1473 2178 1545 convenerant,
2228 1465 2497 1530 insolito
2546 1466 2726 1531 eirca

513 1568 913 1653 ‘praetorium
968 1571 1236 1635 silentio
1296 1570 1594 1637 attoniti:
1659 1570 1764 1634 18.
1815 1570 2073 1655 quippe
2120 1570 2290 1634 alias
2348 1577 2727 1633 arcessere¹²

526 1673 739 1757 ipsoS,
762 1681 833 1738 et
859 1674 1193 1738 interdum
1221 1679 1559 1740 morantes
1592 1675 1926 1758 castigare
1957 1671 2391 1737 assueverat:
2437 1676 2597 1735 tuno
2639 1691 2723 1735 ne

525 1776 760 1843 ultimo
797 1777 1065 1862 quidem
1104 1798 1324 1846 rerum
1369 1779 1752 1846 discrimine
1800 1777 2170 1843 excitatum
2214 1794 2371 1840 esse
2397 1774 2728 1840 miraban⁴

1444 1960 1505 1980 Ν
1508 1959 1809 1982 Qum

525 2063 573 2110 l.
613 2067 668 2109 et
699 2061 851 2112 Voss.
889 2066 940 2111 2.
964 2060 1282 2112 Ari-stantum.
1346 2060 1454 2111 Pro
1492 2060 1601 2122 regi
1638 2059 1728 2109 alu
1748 2074 1895 2123 regis
1927 2059 2065 2108 Dan.
2088 2065 2145 2108 et
2168 2056 2313 2108 Leid.
2345 2058 2514 2105 Jovem
2535 2054 2723 2105 Miner·

524 2137 717 2189 namque
750 2127 998 2177 victoriam
1025 2126 1345 2189 propitianti,·
1394 2126 1626 2174 Florent.
1657 2127 1828 2175 Jovem
1850 2125 2120 2174 Minervam
2140 2139 2244 2187 quoe
2264 2123 2510 2171 victoriam
2528 2122 2725 2184 propiti-

523 2191 664 2249 aati,·
714 2191 830 2242 Pal.
869 2196 916 2241 1.
940 2193 1061 2241 Jove
1094 2192 1407 2255 Minervaque
1426 2191 1679 2240 victoriam
1712 2191 2035 2255 propitiant53
2065 2191 2216 2240 Voss.
2239 2192 2288 2238 2.
2313 2189 2448 2237 Mer.
2470 2188 2591 2236 Bas.
2615 2186 2722 2236 Col.

524 2262 581 2303 et
602 2255 724 2304 Ald.
756 2258 877 2306 Jove
899 2257 1212 2320 Minervaque
1226 2256 1472 2306 victoriam
1489 2256 1793 2319 propitiante.
1795 2260 1926 2305 —16
1963 2256 2094 2304 Tunc
2112 2269 2222 2303 vero
2242 2254 2394 2303 Voss.
2415 2257 2466 2302 2.
2488 2252 2724 2316 acquietum

526 2320 671 2371 Pith.
692 2322 797 2382 pati
815 2326 1034 2385 poterant
1057 2321 1212 2370 Voss.
1235 2326 1283 2372 1.
1306 2336 1448 2371 cornu
1468 2321 1710 2371 dimittere
1731 2321 1965 2371 Floreat.
1988 2320 2136 2370 Leid-
2160 2328 2214 2369 et
2235 2319 2385 2368 Voss.
2410 2323 2456 2367 1.
2477 2320 2526 2365 2.
2549 2317 2723 2378 rejecta

511 2384 681 2442 sroate
710 2386 863 2435 Voss.
896 2390 945 2436 2.
984 2386 1037 2435 in
1071 2388 1239 2435 laevam
1268 2388 1563 2450 detorqueret
1593 2387 1827 2436 Florent.
1866 2385 2011 2435 Leid.
2036 2386 2189 2435 Voss.
2229 2388 2275 2433 1.
2310 2389 2362 2434 2.
2401 2391 2459 2433 et
2492 2383 2721 2445 Bon&—

527 2452 591 2500 17
623 2449 765 2502 Pitb.
789 2451 983 2502 omittit
1003 2456 1333 2509 convenerant,
1355 2460 1410 2502 et
1443 2466 1540 2515 pro
1559 2451 1747 2502 insolito
1775 2451 1934 2502 babet
1964 2451 2174 2501 insolita.
2179 2454 2306 2500 —18
2338 2450 2490 2500 Voss.
2511 2452 2562 2498 2.
2584 2462 2720 2498 aur·

523 2530 626 2564 sere
641 2517 804 2596 ipsos,-
838 2516 1546 2594 Ald.colin.Gry13h.F.rob
1572 2518 1708 2567 Mer.
1736 2520 1857 2567 Bas.
1882 2522 1936 2567 et
1959 2517 2071 2567 Col.
2092 2530 2322 2567 accersire
2342 2531 2505 2578 ipsos
2540 2513 2658 2563 Pal.
2677 2519 2720 2562 1.

522 2584 752 2633 arcessire
784 2584 925 2646 ipsos.
995 2583 1109 2632 Col.
1144 2583 1341 2633 omittit
1374 2588 1424 2632 et
1464 2589 1588 2632 ante
1628 2584 1882 2633 interdum.
1956 2582 2109 2632 Voss.
2130 2586 2176 2632 2.
2196 2581 2432 2642 castigare
2450 2583 2724 2634 morantes:

524 2647 639 2697 Pal.
664 2653 708 2700 1.
729 2654 1022 2700 morantesc.
1040 2654 1292 2700 asseverat.
1342 2648 1485 2701 Pith.
1509 2648 1783 2699 discrimine
1801 2662 1977 2700 rerum.
2013 2648 2248 2701 Florent.
2267 2659 2547 2697 marcessere
2566 2645 2718 2697 crede·

1517 2794 1731 2846 NOTAE

588 2905 614 2940 ¹¹
651 2907 910 2973 Ver-bemus]
940 2910 1184 2961 Ver-bena
1199 2925 1292 2960 seu
1314 2910 1584 2961 verbena·
1665 2911 1832 2960 ronati
1855 2909 2088 2975 fuerunt.
2153 2908 2290 2958 Plin.
2312 2906 2405 2958 lib.
2436 2918 2585 2956 xxu.
2607 2917 2713 2967 cap.

526 2997 609 3046 oa,
648 2993 846 3034 notum-
862 2986 1038 3035 berbae
1072 3003 1256 3051 genus,
1292 2987 1493 3038 Gallice
1525 2988 1585 3036 de
1662 2988 1819 3052 2.'qui
1845 2990 1859 3017 ‘
1885 2985 2138 3052 sagmina‘
2161 2985 2300 3035 idem
2325 2991 2486 3048 atque
2508 2985 2524 3011 ‘
2546 2983 2717 3033 verbe·

524 3063 573 3112 la
610 3062 860 3113 veroniae:
894 3079 1009 3128 quae
1033 3064 1233 3115 Graecis
1262 3063 1584 3128 περιστερεὼν,
1663 3079 1757 3114 333
1774 3064 1791 3087 '
1814 3079 1928 3114 esse
1953 3064 2128 3114 docet.

525 3137 672 3202 quasi
704 3137 1009 3202 columbaria,
1034 3140 1168 3206 quod
1193 3156 1306 3190 earn
1330 3140 1582 3189 oolumbae
1726 3138 1743 3174 ¹
1777 3141 1948 3204 Capite
1968 3140 2146 3204 velato]
2180 3139 2304 3190 Fuit
2323 3136 2407 3187 hio
2431 3137 2589 3188 etiam
2613 3149 2712 3186 mos

527 3228 701 3264 amare
722 3215 991 3278 dicantur:
1021 3227 1074 3268 et
1098 3216 1196 3282 ἱερὰ
1215 3217 1416 3279 βοτανὴ,
1437 3216 1584 3267 herba

520 3305 676 3352 saera,
721 3292 858 3357 quod
904 3294 1192 3359 precipuus
1226 3294 1338 3358 ejus
1372 3310 1494 3345 usus
1527 3294 1580 3344 in

520 3368 681 3418 sacris
723 3377 883 3421 esset.
948 3370 1087 3421 Illud
1144 3386 1298 3436 porro
1341 3372 1580 3436 observa,

521 3457 622 3494 non
644 3446 804 3495 solam
825 3447 959 3496 hanc
987 3447 1219 3510 herbam,
1252 3448 1337 3498 cui
1370 3449 1582 3513 proprie

521 3521 576 3571 id
599 3538 787 3573 nomen
811 3526 1076 3586 convenit,
1098 3527 1192 3576 sed
1227 3526 1383 3575 etiam
1418 3525 1583 3591 quod-

523 3600 601 3650 vis
639 3601 657 3629 ‘
678 3615 888 3665 gramen
922 3616 990 3651 ex
1022 3617 1143 3655 arce
1177 3618 1293 3653 cum
1323 3618 1418 3652 sua
1441 3610 1584 3652 terra

524 3677 791 3736 evulsum,'
827 3685 887 3727 ut
922 3679 997 3729 ait
1019 3679 1238 3740 Plinius,
1270 3684 1285 3706 ⁴
1305 3677 1582 3728 verbenas'

523 3755 717 3817 vocari,
737 3754 884 3820 quasi
917 3756 933 3783 ‘
956 3756 1214 3805 herbenas
1229 3773 1244 3816 3
1259 3755 1273 3777 ’
1309 3756 1463 3805 immo
1485 3755 1583 3806 eti-

522 3845 607 3880 am
649 3845 814 3881 ramos
852 3829 1165 3898 frondesque
1198 3831 1357 3883 festas
1391 3833 1580 3898 quibus

522 3922 628 3957 arie
651 3908 1050 3973 coronabantur,
1066 3919 1127 3977 ut
1142 3911 1386 3961 observat
1407 3911 1581 3961 Dona·

523 3991 608 4035 tus
628 3984 694 4034 ad
715 3985 843 4035 illud
876 3987 1107 4036 Terentii
1142 3986 1308 4038 Andr.
1342 3986 1461 4036 Act.
1495 4000 1576 4038 xv,

519 4061 606 4111 83.
647 4065 697 4111 4.
729 4063 745 4090 ‘
767 4063 849 4111 Ex
888 4076 980 4111 ara
1006 4064 1126 4113 binc
1159 4078 1302 4113 sume
1326 4063 1579 4114 verbenas

522 4137 654 4189 tibi.’
718 4138 937 4188 Romani
960 4155 1167 4205 quoque
1198 4139 1430 4202 fecialeS,
1451 4157 1578 4206 quo-

520 4215 619 4265 ties
663 4215 971 4278 clarigatum
1013 4217 1177 4278 ibant,
1220 4216 1316 4267 boc
1354 4223 1450 4276 est,
1497 4232 1577 4268 res

521 4298 698 4357 raptas
737 4293 877 4362 clare
913 4294 1213 4358 repetitum,
1248 4294 1473 4345 verbena
1494 4309 1575 4346 30-

1665 3227 1897 3271 veterum
1918 3220 1968 3269 in
1987 3219 2266 3270 sacrificiis.
2294 3216 2534 3280 Proeibat]
2547 3219 2562 3245 ‘
2580 3216 2716 3267 Prae-

1662 3296 1738 3346 ire
1762 3296 1917 3347 alicui
1952 3312 2137 3361 preces
2155 3295 2177 3353 ’⁷
2203 3302 2295 3347 aut
2337 3297 2353 3324 ‘
2375 3293 2560 3344 verba’
2596 3290 2713 3342 dici·

1662 3380 1766 3436 tur,
1811 3374 1900 3439 qui
1945 3373 2196 3424 verbatim
2251 3374 2493 3423 solennes
2547 3383 2712 3435 preces

1666 3449 1891 3514 profert,
1935 3451 2101 3501 altero
2148 3449 2361 3500 subinde
2406 3455 2708 3514 repetente:

1661 3526 1799 3592 quod
1824 3525 2054 3590 profanis
2074 3541 2275 3592 quoque
2297 3534 2614 3576 consuetum.

1710 3610 1763 3637 *¹¹¹
1803 3603 2170 3667 Victoriamque]
2236 3603 2411 3667 Hujus
2447 3603 2585 3652 enim
2628 3614 2712 3651 nn·

1620 3746 1625 3749 ‚
1663 3694 1781 3729 men
1820 3679 1979 3729 etiam
2018 3679 2226 3744 aliquod
2267 3694 2383 3728 3333
2416 3677 2712 3738 eredebant,

1662 3756 1788 3806 item
1811 3761 1871 3804 ut
1894 3756 2103 3818 Mortis,
2128 3756 2321 3817 Famae,
2355 3754 2601 3819 Honoris,
2618 3755 2709 3803 633.

1661 3831 1730 3882 de
1770 3831 1958 3897 quibus
1993 3831 2110 3883 vide
2151 3832 2459 3883 Ciceronem
2494 3831 2560 3882 de
2596 3832 2711 3882 Nat.

1661 3910 1829 3960 Deor.
1850 3908 1941 3960 lib.
1962 3923 2027 3960 ιι.

1724 3993 1749 4020 “
1781 3987 2031 4037 Arceseere
2053 3986 2331 4053 [accersere]
2370 3985 2550 4050 Negat
2572 3985 2709 4035 Lam·

1657 4062 1830 4120 binus,
1848 4065 2087 4117 Latinum
2103 4077 2215 4119 esse
2230 4063 2441 4113 verbum
2458 4073 2710 4117 accersere-‚⁶

1659 4149 1714 4191 et
1757 4156 1903 4205 vero,
1946 4142 2114 4207 inquit
2165 4142 2572 4203 Freinshemius,
2610 4139 2708 4202 ejus

1616 4277 1622 4283 ·
1659 4220 1771 4269 loco
1794 4218 2210 4286 frequentissime
2247 4219 2301 4268 in
2332 4219 2463 4270 Mss.
2485 4219 2622 4283 legas
2643 4226 2714 4265 ar-

1657 4310 1830 4346 00880'8
1835 4332 1848 4347 ι
