2978 4933
781 374 896 422 01..
944 373 1135 424 cxn.
1179 359 1246 423 3.
1325 372 1398 423 Α.
1445 373 1565 421 cn.
1612 373 1687 422 N.
1731 358 1878 423 330.
2301 360 2431 424 505

251 539 400 583 num
428 519 634 599 libet;
669 520 874 590 modo
902 521 1269 605 conjugum
1298 525 1368 583 et
1396 519 1754 583 liberorum
1786 520 2156 603 patriaeque
2185 536 2439 582 memo-

250 624 347 687 ria
374 624 682 689 occurrit.
766 624 874 688 25.
921 624 1055 689 Sed
1101 624 1226 689 has
1268 623 1726 706 cogitationes,
1768 621 1888 685 has
1936 622 2100 685 inter
2131 640 2205 684 se
2236 622 2441 685 collo*

251 727 580 807 quentium
612 745 835 803 voceS‚
867 726 1128 808 signum
1158 726 1321 790 tuba
1350 724 1580 789 datum
1610 723 1790 788 finit:
1841 724 1913 788 in
1964 742 2130 788 suos
2162 724 2435 789 ordines

251 829 528 913 quisque
557 830 902 906 currimus,
932 835 997 894 et
1028 828 1349 913 quicquid
1399 829 1640 892 irarum
1687 828 1756 892 in
1806 828 2237 893 tabernaculo
2281 848 2439 892 con-

251 937 507 1013 ceptum
569 940 699 1010 est,
755 932 824 996 in
883 933 1175 997 hostium
1233 929 1583 996 effunditur
1641 929 1891 1013 capita.
2002 930 2113 995 26.
2160 929 2439 995 Utinam

250 1031 552 1097 Philotas
598 1054 859 1116 quoque
907 1034 1081 1098 intra
1133 1034 1336 1097 verba
1383 1025 1801 1117 peccassetst
1889 1032 2185 1098 Proinde
2236 1032 2325 1097 ad
2367 1031 2440 1096 id

248 1140 552 1211 revertar,
599 1143 876 1219 propter
925 1135 1110 1219 quod
1159 1137 1251 1199 rei
1310 1154 1567 1199 sumus·
1656 1132 2070 1213 Amicitiam,
2116 1155 2267 1218 quae
2324 1152 2441 1197 no-

248 1236 350 1300 bis
394 1257 546 1320 cum
590 1238 869 1302 Philota
911 1238 1061 1313 fuit,
1112 1237 1280 1302 adeo
1325 1256 1458 1301 non
1506 1256 1588 1301 eo
1627 1236 1929 1319 infitias?
1974 1245 2047 1303 ut
2084 1238 2439 1322 expetisse

250 1359 511 1423 quoque
541 1360 690 1419 noS,
721 1360 1134 1426 magnosque
1166 1361 1255 1406 ex
1284 1360 1366 1405 ea
1390 1339 1651 1405 fructus
1681 1342 2072 1425 percepisse
2102 1341 2439 1408 confitear.

248 1441 350 1505 27.
375 1438 483 1505 An
518 1464 676 1507 vero
708 1442 1195 1521 Parmenionis,
1243 1463 1439 1528 quem
1484 1442 1608 1508 tibi
1662 1444 2041 1526 proximum
2071 1463 2227 1508 esse
2254 1444 2445 1507 volu-

245 1541 375 1620 isti,
400 1542 632 1621 filium,
664 1562 893 1609 ornnes
922 1565 1116 1628 paene
1149 1546 1402 1611 amicos
1425 1551 1580 1610 tuos
1600 1545 1980 1628 dignatione
2015 1545 2443 1621 vincentemf

159 1712 164 1723 ¹
247 1645 490 1709 cultum
539 1665 582 1709 a
627 1645 826 1710 nobis
865 1666 1013 1711 esse
1060 1646 1371 1711 miraris?
1459 1646 1567 1711 28.
1609 1647 1719 1711 'I'u
1759 1648 2045 1726 hercule,
2101 1648 2162 1711 si
2214 1667 2444 1720 verum

247 1746 474 1811 audire
517 1747 646 1825 vis,
684 1766 829 1825 rex,
861 1748 1059 1831 hujus
1088 1748 1280 1812 nobis
1310 1747 1599 1832 periculi
1629 1768 1841 1813 causa
1869 1768 1967 1813 es.
2059 1747 2236 1828 Quis
2266 1749 2443 1813 enim

248 1848 417 1913 alius
447 1848 691 1927 effecit,
720 1858 796 1916 ut
824 1850 912 1914 ad
942 1850 1254 1914 Philotan
1283 1849 1726 1928 decurrerent,
1757 1851 1870 1933 qui
1901 1851 2164 1934 placere
2192 1851 2443 1915 vellent

246 1949 363 2014 tibi
382 1954 413 2016 ‘t
505 1951 616 2017 Ab
659 1953 777 2017 illo
813 1952 1045 2018 traditi
1074 1951 1163 2016 ad
1191 1951 1365 2016 hunc
1399 1951 1677 2034 gradum
1707 1952 2024 2017 amicitiae
2056 1957 2187 2016 tuae
2217 1972 2449 2017 ascen·

247 2051 486 2119 dimus.
579 2054 652 2118 Is
698 2056 880 2149 apud
930 2061 992 2119 te
1038 2054 1188 2132 suit,
1236 2054 1430 2139 cujus
1476 2056 1755 2136 gratiam
1808 2060 2148 2138 expetere,
2180 2063 2251 2119 et
2277 2055 2445 2129 iram

244 2154 473 2220 timere
521 2175 897 2240 possemus,
985 2155 1093 2220 29.
1138 2154 1380 2219 Annon
1426 2156 1912 2239 propemodum
1960 2158 2031 2221 in
2079 2164 2200 2221 tua
2245 2157 2448 2222 verba

244 2259 335 2322 tui
364 2277 604 2324 omnes
635 2265 700 2325 te
729 2264 1117 2344 praeeunte‘
1153 2257 1558 2343 juravimus,
1604 2258 1916 2330 ‘eosdem
1959 2278 2092 2324 non
2138 2257 2446 2324 inimicos

297 2419 344 2466 ἐν
364 2423 565 2474 Utinam
585 2437 677 2472 non
696 2423 827 2474 ultra
847 2425 1073 2475 sermonis
1092 2423 1363 2477 libertatem
1382 2424 1670 2488 deliquisset.

306 2485 331 2520 ¹⁸
365 2489 466 2545 Qui
496 2489 743 2539 universos
759 2488 871 2548 fere
900 2490 1152 2554 superabat
1180 2491 1346 2553 gratia
1377 2494 1503 2554 apud
1536 2496 1597 2541 te.

1162 2621 1524 2642 OOOOOOOOOOO

246 2698 644 2751 liberorum—25
680 2701 891 2752 Modius
914 2716 982 2753 ex
1004 2705 1185 2755 Colon.
1207 2705 1408 2755 edidit:
1452 2706 1539 2755 has
1559 2705 1689 2754 inter
1703 2719 1752 2753 se
1775 2703 2060 2768 loquentium
2081 2705 2205 2754 vices
2216 2720 2236 2762 ‚-
2270 2717 2448 2753 omnes

246 2778 367 2815 vero
390 2765 549 2816 codd.
572 2775 627 2816 et
649 2767 768 2817 edd.
791 2767 982 2818 habent
1014 2778 1071 2819 ut
1095 2771 1145 2818 in
1170 2776 1337 2819 textu.
1404 2771 1557 2819 Voss.
1584 2773 1630 2819 1.
1656 2768 1824 2832 Lugd.
1851 2777 1906 2819 et
1940 2768 2110 2818 Amst.
2149 2770 2340 2832 quisque
2371 2784 2463 2818 or·-·

246 2829 535 2880 dinem—26
558 2831 705 2880 Leid.
728 2841 782 2880 et
800 2834 955 2882 Voss.
982 2838 1027 2883 1¹.
1050 2837 1115 2883 ad
1136 2834 1189 2884 id
1204 2840 1491 2898 proevertar,
1507 2842 1568 2894 ⁴ut
1591 2834 1887 2884 emendavit
1905 2833 2193 2883 AcidaliuS.
2226 2833 2379 2883 Voss.
2399 2837 2450 2882 2.
2510 2863 2527 2869 —

245 2894 494 2946 Amicitia.
563 2895 699 2946 Edd.
724 2897 901 2961 vulgg.
924 2905 1046 2948 ante
1071 2900 1304 2948 Freinsh.
1325 2915 1377 2950 eo
1396 2899 1586 2965 inficior
1602 2915 1622 2957 ‚·
1671 2899 1789 2949 Pau.
1806 2902 1850 2947 1.
1874 2914 1926 2948 eo
1947 2898 2172 2964 inflictu-,-
2221 2899 2450 2948 Florent.

246 2959 395 3010 Leid.
433 2962 589 3011 Voss.
612 2965 661 3011 1.
684 2965 734 3011 2.
767 2962 902 3011 Dan.
926 2963 1093 3025 Bong.
1118 2964 1353 3028 Gruteri,
1383 2965 1503 3014 Pal.
1543 2968 1593 3014 2.
1634 2963 1824 3013 Venet.
1855 2964 2050 3013 Veron.
2075 2963 2295 3014 Mediol.
2327 2962 2453 3012 Ald.

249 3024 415 3076 Colin.
441 3025 650 3101 Οτι-γρῦ.
673 3025 829 3077 Frob.
852 3027 990 3078 Mer.
1015 3030 1138 3078 BaS.
1175 3029 1288 3080 Col.
1322 3036 1376 3079 et
1419 3036 1642 3079 recentt.
1678 3043 1733 3078 eo
1764 3028 1966 3142 ivi-fiius,
1998 3029 2084 3078 vel
2117 3028 2453 3094 inficiam—»28

249 3090 394 3139 Voss.
418 3095 466 3140 1.
490 3091 721 3154 pem-uteo
744 3107 888 3142 causa
901 3108 921 3151 ,·
955 3093 1185 3145 Florent.
1210 3093 1361 3144 Leid.
1380 3094 1536 3146 Voss.
1558 3098 1607 3143 2.
1631 3095 1772 3144 Dan.
1841 3094 1904 3143 al.
1921 3099 1969 3143 2.
1991 3100 2048 3144 et
2070 3093 2238 3156 Bong.
2252 3093 2456 3156 periculi

246 3167 295 3202 ee
314 3171 477 3206 causa.
509 3155 525 3183 ‘
546 3156 718 3205 Causa
753 3171 855 3207 non
891 3164 990 3218 est,
1028 3174 1122 3209 cur
1157 3175 1274 3210 cum
1312 3158 1583 3210 Scheffero
1619 3159 1790 3222 legas:
1835 3159 1933 3215 Qui
1950 3160 2135 3221 placere
2155 3159 2327 3207 vellent
2344 3157 2453 3208 tibi.

251 3218 365 3285 Tibi
387 3221 557 3271 abillo
577 3221 766 3279 traditi,
785 3220 883 3284 &cf
900 3223 1358 3275 Schmieder.—-29
1391 3226 1624 3274 Florem.
1644 3224 1794 3274 Leid.
1819 3232 1875 3274 et
1897 3225 2050 3273 Voss·
2065 3229 2114 3273 2.
2152 3222 2322 3272 Sinon
2338 3235 2451 3284 pro-

239 3288 489 3346 pemodum
510 3290 591 3334 tuo
612 3286 861 3337 verberat-‘u
879 3293 926 3337 et
942 3304 963 3346 ,·
1013 3290 1166 3339 VosS.
1200 3294 1246 3339 1.
1270 3289 1442 3339 Sinon
1458 3306 1510 3352 p.
1535 3295 1616 3338 tuo
1637 3289 1854 3338 verberat
1875 3304 1930 3337 ve
1944 3305 1964 3346 ‚-
2004 3288 2221 3338 Gruter-i
2254 3300 2451 3347 omnes,

249 3348 387 3401 Dan.
414 3352 551 3400 Mer.
575 3349 699 3401 And.
719 3352 842 3402 Bas.
864 3360 919 3401 et
941 3353 1053 3403 Col.
1092 3355 1205 3404 Non
1232 3356 1566 3418 propemodum
1583 3358 1664 3402 tuo
1684 3353 1933 3402 verberam
1951 3353 1994 3402 ei
2013 3366 2170 3401 omnes
2189 3356 2235 3400 te
2250 3355 2449 3413 praeter-

255 3420 393 3466 eunte
415 3415 693 3478 juravimus
712 3431 732 3473 ,-
765 3431 863 3468 nec
904 3432 1055 3468 secus
1087 3418 1210 3469 edd.
1246 3427 1370 3468 ante
1408 3419 1645 3468 Freinsh.
1679 3416 1780 3467 nisi
1822 3416 1960 3481 quod
1989 3417 2178 3466 Venet.
2212 3415 2369 3465 habet
2403 3419 2450 3463 te

1237 3547 1454 3600 NOTAE

306 3653 331 3686 ⁴1
374 3645 444 3693 Eo
463 3643 649 3708 infitias
667 3643 900 3710 [inficior]
922 3647 1189 3711 Legebant
1207 3648 1300 3698 ali·
1382 3648 1613 3696 Festum.
1685 3643 1822 3693 Vide
1845 3642 2069 3707 Etymol.
2093 3641 2290 3691 Vossii.
2321 3641 2450 3692 Por-

246 3719 362 3785 qiu:
402 3737 499 3772 non
535 3737 587 3772 eo
623 3722 825 3787 inficiae.
886 3723 990 3774 Sed
1025 3739 1207 3776 vereor
1243 3734 1302 3777 ut
1382 3739 1441 3775 ro
1463 3725 1576 3774 haee
1602 3722 1840 3787 Amyntoe
1865 3719 2100 3769 defensio
2132 3718 2336 3782 gemina
2369 3727 2452 3770 est

242 3798 430 3848 Latine
452 3797 555 3848 dici
579 3798 747 3861 possit
773 3800 788 3827 ‘
805 3799 882 3850 ire
904 3800 1101 3852 inficias
1125 3802 1304 3854 amici·
1382 3803 1459 3853 illi
1480 3800 1715 3851 Terentii
1738 3797 1877 3862 apud
1896 3797 2137 3847 Tacitum
2161 3796 2348 3846 Annal.
2371 3811 2459 3850 vr..

245 3873 408 3924 tiam-³
474 3874 721 3925 Ceterum
758 3875 774 3903 ⁴
793 3875 990 3928 inficias
1007 3878 1023 3900 '
1068 3885 1125 3929 et
1158 3881 1174 3908 ‘
1194 3878 1306 3929 infi-
1388 3881 1683 3933 excusantis
1715 3891 1861 3928 suam
1901 3891 2019 3927 cum
2059 3875 2246 3939 Sejano
2277 3876 2451 3926 amici·

246 3949 383 3999 cior’
407 3951 738 4000 scribendum
766 3951 851 4016 sit,
870 3967 934 4002 an
968 3955 983 3982 ‘
1001 3953 1220 4005 infitias'
1253 3960 1311 4004 et
1392 3959 1513 4007 tiam
1534 3973 1550 4018 ς
1573 3963 1630 4007 ut
1651 3959 1786 4006 alter
1808 3968 1877 4004 ex
1901 3954 2068 4003 altero
2089 3952 2314 4016 scriptor
2335 3968 2452 4017 pro·

242 4033 258 4058 ⁴
279 4028 511 4094 infitior,'
528 4029 827 4094 disputatur
849 4031 1105 4097 utrimque
1129 4032 1310 4097 proba·
1390 4034 1579 4086 fecisse
1601 4033 1776 4097 Lipsio
1800 4029 2058 4081 videatur.

245 4106 443 4157 biliter.
486 4106 621 4155 Nam
645 4105 730 4154 alii
752 4104 817 4155 ab
838 4105 1043 4158 ‘inficio
1058 4106 1072 4129 ’
1096 4107 1313 4167 ducunt,
1455 4119 1475 4145 ¹·
1511 4112 1578 4162 Te
1592 4108 1859 4175 proeeunie]
1888 4109 1903 4136 ‘
1923 4105 2153 4158 Praeire'
2177 4105 2336 4155 verba
2355 4104 2449 4155 xib.

239 4182 388 4249 guod
406 4188 487 4232 est
508 4187 522 4210 ‘
541 4195 641 4231 non
658 4178 814 4232 facio'
831 4182 971 4247 apud
990 4183 1311 4237 Varronem:
1393 4204 1475 4241 nr.
1499 4202 1618 4252 cap.
1640 4190 1721 4237 13.
1769 4185 2069 4248 duravimus]
2088 4182 2122 4235 J
2127 4195 2277 4233 urere
2297 4180 2351 4229 in
2375 4181 2449 4230 al-

247 4258 337 4309 alii
348 4257 445 4310 ab‘
459 4255 703 4324 intimet-,⁹
715 4258 851 4325 quod
868 4265 951 4311 est
966 4264 1161 4327 ‘nego,’
1173 4263 1312 4328 apud
1394 4263 1558 4315 terius
1582 4261 1740 4314 verba
1761 4260 2027 4324 dicuntur,
2054 4258 2144 4326 qui
2176 4254 2345 4308 verbis
2366 4254 2456 4305 iis-
