2978 4933
479 358 608 423 524
900 373 969 433 o.
1016 371 1280 421 cua-ru
1330 372 1509 421 Rom
1562 373 1704 422 Lm.
1754 373 1889 422 vn.
1937 375 2097 423 cst.
2144 359 2206 422 4.

480 519 724 602 patriis
746 517 1080 584 sacrificio
1111 518 1239 583 rite
1265 517 1468 595 facto,
1497 517 1677 582 sicut
1705 517 1839 582 illis
1869 520 2177 599 gentibus
2209 538 2357 582 mos
2379 525 2506 597 est,
2530 536 2675 581 cum

481 621 716 686 amicis
747 620 1164 707 ducibusque
1213 622 1564 704 copiarum
1593 621 1765 685 inter
1793 621 2034 703 epulas
2065 621 2149 685 de
2178 621 2360 685 bello
2407 620 2679 686 consul-

478 725 695 789 tabat.
780 725 845 789 2.
889 724 1154 790 Graves
1185 744 1372 790 mero
1419 730 1440 758 ‘
1461 742 1620 789 suas
1649 722 1855 788 vires'
1887 724 2257 789 extollere:
2302 723 2641 787 ‘hostium
2666 720 2683 743 '

477 846 655 891 nunc
686 830 707 861 ‘
726 827 1205 905 temeritatem‚’
1250 847 1429 892 nunc
1462 832 1482 865 ‘
1506 828 1913 910 paucitatem
1932 825 1950 850 ’
1998 847 2345 910 spernere:
2407 828 2475 892 3.
2511 846 2681 909 prae·

480 930 680 1012 cipue
711 930 995 1010 BessuS,
1020 932 1209 995 ferox
1241 930 1468 997 verbis
1498 937 1570 994 et
1591 935 1789 1013 parto
1814 949 1939 1014 per
1968 930 2187 994 scelus
2217 948 2422 1012 regno
2452 947 2681 1012 super-

477 1021 632 1108 buS,
665 1051 750 1096 ac
776 1033 896 1097 vix
940 1038 1184 1117 potens
1224 1026 1485 1110 mentis,
1518 1032 1776 1097 dicere:
1822 1033 1887 1096 4.
1916 1035 1938 1066 ‘
1958 1032 2284 1097 Socordia
2314 1032 2512 1096 Darii
2542 1041 2683 1095 cre·

479 1135 660 1199 visse
689 1136 980 1200 hostium
1019 1137 1301 1202 samam:
1347 1136 1720 1201 occurrisse
1749 1137 1925 1201 enim
1955 1136 2022 1200 in
2052 1136 2311 1203 Ciliciae
2345 1135 2682 1219 angustis-

480 1238 670 1302 simis
714 1237 1071 1321 saucibus:
1117 1259 1267 1304 cum
1320 1238 1837 1306 retrocedendob
1897 1245 2134 1323 posset
2181 1239 2547 1319 perducere
2593 1240 2685 1303 in-

478 1347 710 1407 cautos
739 1343 808 1406 in
837 1342 1013 1421 loca,
1043 1350 1300 1407 naturae
1349 1344 1484 1408 situ
1533 1344 1737 1421 invia,
1788 1341 1891 1408 tot
1937 1342 2325 1407 fluminibus
2368 1342 2684 1426 obJectiS,

477 1451 583 1510 tot
611 1447 927 1510 montium
958 1447 1252 1523 latebri3‚
1280 1447 1456 1511 inter
1478 1466 1646 1529 quas
1668 1446 2119 1530 deprehensus
2147 1445 2364 1508 hostis
2394 1465 2479 1509 ne
2503 1444 2682 1527 fugae

479 1547 775 1630 quidem,
805 1548 1047 1612 nedum
1081 1548 1432 1614 resistendi
1461 1550 1894 1614 occasionem
1922 1549 2122 1614 fuerit
2150 1547 2523 1613 habiturus.
2617 1551 2681 1611 5.

480 1647 629 1713 Sibi
668 1650 938 1731 placere
984 1650 1050 1713 in
1096 1650 1514 1733 Sogdianosc
1556 1652 1882 1730 recedere,
1930 1651 2156 1715 Oxum
2200 1670 2461 1713 amnem
2507 1652 2685 1715 velut

477 1770 731 1816 murum
763 1752 1175 1837 objecturum
1207 1754 1422 1836 hosti;
1468 1755 1624 1819 dum
1657 1775 1743 1820 ex
1788 1755 2090 1820 finitimis
2118 1754 2426 1836 gentibus
2461 1753 2686 1818 valida

478 1854 737 1919 auxilia
785 1864 1270 1924 concurrerent.
1357 1859 1425 1924 6.
1470 1858 1812 1924 Venturos
1861 1864 2083 1923 autem
2138 1858 2570 1922 Chorasmios
2617 1865 2686 1920 et

480 1955 712 2021 Dahas
741 1957 1114 2044 Sacasque,
1144 1970 1214 2027 et
1246 1961 1480 2039 IndoS‚
1510 1969 1583 2025 et
1610 1962 1781 2027 ultra
1807 1961 2096 2029 Tanaim
2134 1980 2394 2026 amnem
2445 1959 2678 2024 colen-

478 2066 582 2124 tes
612 2060 938 2145 Scythas3
982 2084 1266 2149 quorum
1310 2065 1638 2130 neminem
1686 2063 1861 2129 adeo
1905 2064 2220 2128 humilem
2250 2082 2430 2142 esse,
2463 2067 2539 2126 ut
2566 2063 2685 2125 hu·

1317 2242 1327 2254 ι
1390 2228 1762 2252 ‘mum

546 2332 570 2375 1
613 2329 758 2378 Leid.
783 2337 836 2379 et
859 2331 1012 2381 Voss.
1039 2338 1082 2380 1.
1117 2334 1212 2382 Dis
1229 2334 1418 2397 patriis.
1487 2335 1635 2382 Voss.
1657 2338 1706 2382 2.
1716 2334 1854 2394 sacto
1877 2332 1987 2383 rite.
2053 2331 2192 2379 Mer.
2215 2330 2347 2391 copia
2363 2328 2497 2378 inter
2511 2329 2686 2392 epulas.

478 2396 576 2440 -2
611 2393 839 2444 Florem.
865 2396 1008 2445 Leid.
1034 2397 1187 2446 Voss.
1215 2402 1260 2449 1.
1296 2402 1347 2447 2.
1384 2402 1526 2450 Dan.
1554 2400 1667 2447 Pal.
1693 2402 1740 2447 1.
1765 2397 1885 2447 Ald.
1921 2396 2088 2447 Coliu.
2129 2396 2330 2459 Gryph.
2365 2394 2528 2444 Frob.
2552 2394 2686 2443 Mer.

478 2455 602 2506 Bas.
627 2465 682 2507 et
715 2458 824 2508 Col.
855 2475 1069 2522 aperuere
1100 2462 1450 2526 incipiant.-3
1486 2464 1603 2515 Pal.
1629 2468 1673 2513 l.
1699 2462 1893 2512 oxitittit
1915 2468 1962 2512 et
1985 2471 2106 2512 ante
2124 2466 2281 2527 parto.
2349 2460 2504 2510 Voss.
2530 2463 2577 2509 1.
2600 2460 2686 2509 hac

478 2522 552 2571 vis
572 2528 770 2586 ’,πεπυ
804 2526 958 2576 Voss.
998 2530 1047 2575 2.
1089 2542 1145 2575 ac
1181 2529 1269 2577 vix
1303 2543 1503 2592 compos.
1573 2529 1803 2578 Florent.
1830 2527 1976 2578 Leid.
1999 2529 2151 2577 Voss.
2191 2533 2237 2576 1.
2271 2531 2320 2576 2.
2345 2526 2462 2575 Pal.
2492 2530 2537 2575 1.
2564 2526 2685 2574 Am.

480 2586 632 2636 Frob.
655 2591 791 2638 Mer.
818 2590 938 2639 Bas.
962 2598 1013 2639 et
1037 2592 1150 2641 Col.
1173 2594 1330 2643 dicere
1350 2596 1554 2644 orditur.
1624 2595 1854 2643 Florem.
1880 2593 2027 2643 Leid.
2049 2593 2200 2642 Voss».
2241 2596 2288 2640 1.
2313 2590 2435 2640 Ald.
2469 2600 2525 2639 et
2550 2591 2685 2639 Mer.

477 2655 685 2703 secordia
701 2672 721 2711 ,·
770 2655 942 2719 Bong.
967 2662 1013 2707 1.
1036 2658 1264 2720 sicardi«,
1289 2673 1553 2722 suprascr.
1575 2674 1620 2708 o.
1690 2658 1803 2723 Pal.
1846 2666 1891 2708 1.
1928 2659 2135 2707 cerni-”e
2166 2673 2259 2721 pro
2289 2655 2513 2706 creviam.
2580 2656 2689 2704 Pto

477 2717 877 2781 hostiumsamam
899 2723 1088 2773 Celiar.
1118 2724 1253 2787 conj.
1274 2723 1774 2785 hostiumfortunam
1808 2723 2051 2772 Heinsius
2073 2723 2200 2772 hosti
2218 2722 2315 2770 vim
2345 2722 2687 2781 «sesamam.—

478 2786 508 2830 4
544 2784 699 2835 Voss·
724 2790 774 2835 2.
796 2788 992 2838 omittit
1014 2787 1155 2845 enirm
1182 2798 1236 2837 et
1258 2804 1378 2839 mox
1401 2796 1576 2853 posset.
1641 2790 1748 2839 Pro
1770 2789 1887 2852 εἰευ,
1924 2789 2150 2838 Florent.
2178 2786 2325 2836 Leid.
2348 2788 2520 2849 Bong.
2559 2791 2608 2836 2.
2630 2794 2688 2834 et

477 2847 629 2899 Voss.
656 2855 701 2901 1.
727 2852 793 2900 ait
812 2858 897 2901 aut
913 2869 933 2911 ;
983 2861 1038 2902 et
1079 2854 1154 2902 ita
1195 2854 1335 2904 Dan.
1360 2854 1449 2902 sed
1475 2861 1769 2904 correctum
1806 2854 1905 2902 sita
1923 2858 2025 2910 aut,
2050 2861 2107 2902 ut
2141 2852 2191 2901 in
2229 2850 2371 2901 Pith.
2407 2850 2605 2901 Fauch.
2636 2861 2690 2900 et

479 2910 626 2961 Voss.
657 2919 707 2965 2.
745 2917 839 2965 sita
876 2924 927 2965 ut
965 2915 1142 2981 Bongl
1178 2923 1225 2969 1.
1257 2919 1356 2968 situ
1378 2921 1562 2969 munita
1583 2924 1668 2968 aut
1691 2919 1829 2967 Mer.
1852 2924 2025 2968 natura
2058 2924 2107 2968 et
2126 2919 2223 2966 situ
2245 2916 2373 2966 invia
2397 2916 2449 2965 in
2474 2917 2689 2966 ceteris.

479 2975 632 3026 Voss.
657 2983 705 3029 2.
732 2982 928 3030 omittit
950 2998 1065 3045 qm
1094 2991 1217 3034 ante
1251 2986 1567 3048 deprehensus
1583 3000 1601 3042 ,·
1646 2984 1800 3034 Voss.
1833 2988 1881 3033 1.
1918 2983 2357 3048 &prebenda—5
2395 2981 2547 3031 Leid.
2572 2981 2690 3031 Pia-

478 3054 584 3091 cere
604 3043 728 3097 eibi.-
782 3045 949 3108 Bong.
977 3053 1023 3096 l.
1058 3047 1117 3097 Si
1134 3051 1336 3111 placere,
1360 3052 1572 3114 appicto
1591 3062 1750 3113 supra
1772 3048 1862 3097 lin.
1884 3054 1925 3112 t,
1948 3055 2007 3099 ut
2030 3050 2098 3098 sit
2117 3051 2339 3112 placeret·
2404 3048 2551 3097 Dan.
2573 3061 2690 3096 cum

479 3118 662 3156 rasura
683 3109 845 3157 Earum
865 3126 1049 3161 amnem
1061 3128 1081 3171 ,·
1128 3114 1297 3177 Bong.
1324 3120 1370 3164 1.
1397 3123 1449 3163 et
1471 3115 1616 3165 Pith.
1638 3114 1754 3164 exin
1775 3128 1957 3164 omnem
1970 3130 1990 3173 ,-
2035 3114 2204 3175 Bong.
2226 3117 2274 3162 2.
2311 3112 2508 3161 Fanch.
2532 3113 2689 3162 Voss.

480 3175 528 3220 1.
553 3171 783 3222 Florent.
805 3180 860 3222 et
882 3175 1027 3225 Leid.
1053 3178 1200 3227 Exun
1221 3195 1404 3229 amnem
1418 3196 1437 3236 ,·
1474 3181 1615 3229 Mer.
1644 3179 1826 3228 Occium
1845 3194 2027 3228 amnem
2044 3194 2065 3237 ,·
2105 3178 2350 3228 Heinsius
2375 3178 2480 3242 legi
2496 3177 2690 3240 jubet:

484 3237 623 3287 Oxou
644 3253 843 3288 amnem.
911 3241 1046 3292 Haec
1070 3242 1225 3292 verba
1248 3243 1439 3294 desunt
1464 3245 1516 3294 in
1537 3246 1690 3294 Voss.
1710 3248 1761 3294 2.
1801 3244 1928 3293 Mox
1953 3245 2102 3292 Voss.
2125 3247 2173 3292 1.
2197 3243 2392 3292 omittit
2414 3256 2691 3292 neuram.—

479 3304 512 3350 6
545 3303 773 3354 Florem.
801 3304 1108 3367 Chommou
1156 3310 1306 3357 Voss.
1327 3315 1376 3360 2.
1400 3318 1455 3359 et
1477 3310 1546 3357 al.
1569 3311 1833 3359 Cor-namot.
1901 3309 2127 3358 Florent.
2150 3306 2299 3357 Leid.
2318 3307 2463 3356 Pith.
2488 3307 2687 3357 Faneh.

479 3374 534 3417 et
559 3370 694 3419 Dan.
724 3369 857 3418 Deos
872 3386 892 3428 ,·
925 3372 1078 3422 Voss.
1106 3379 1152 3423 1.
1181 3375 1338 3423 Dasea
1357 3391 1377 3432 ,-
1410 3376 1558 3424 Voss.
1583 3379 1633 3424 2.
1653 3374 1841 3424 Adeaoa
1856 3390 1877 3432 ;
1922 3374 2090 3436 Bong.
2118 3379 2164 3423 1.
2187 3373 2355 3422 Dauos
2371 3388 2389 3428 ,-
2438 3372 2612 3435 Bong.
2635 3376 2687 3420 2.

480 3432 606 3494 Das,
626 3434 786 3484 ducta
809 3450 904 3496 per
923 3436 1124 3488 literam
1148 3438 1202 3487 D
1224 3439 1441 3501 lineola:
1477 3440 1618 3490 Mer.
1642 3439 1835 3497 Ducem
1867 3439 1993 3488 Bas.
2026 3446 2082 3487 et
2115 3439 2229 3488 Coi.
2256 3439 2429 3487 Dacus.
2498 3438 2619 3485 Pal.
2642 3440 2690 3485 1.

481 3498 754 3561 Saltusque:
802 3501 1032 3553 Floreat.
1057 3504 1207 3554 Leid.
1229 3505 1383 3554 Voss.
1409 3510 1457 3554 1.
1516 3504 1637 3555 Ald.
1656 3504 1784 3554 Bas.
1809 3505 1941 3553 Mer.
1973 3510 2030 3555 et
2053 3504 2164 3553 Coi.
2198 3503 2443 3565 Saga-eque
2458 3519 2479 3560 ,-
2536 3504 2689 3555 voss.

479 3566 527 3613 2.
554 3563 838 3630 &glun-sque.
905 3566 967 3616 ln
994 3568 1299 3633 quibusdam
1323 3569 1547 3619 desunt:
1581 3574 1628 3619 et
1652 3570 1801 3618 ultra.
1866 3570 2018 3619 Voss.
2041 3573 2086 3618 1.
2108 3569 2212 3618 ideo
2229 3569 2471 3621 humilem.
2540 3567 2686 3618 Leid.

1461 3694 1673 3764 No‘rAE'

481 3805 698 3867 phorum
723 3808 915 3859 tabula:
936 3807 1167 3873 fallunt.)
1186 3808 1361 3859 forsan
1385 3810 1544 3860 etiam
1622 3808 1917 3870 auxiliares,
1934 3807 2026 3858 lib.
2047 3821 2136 3860 ιιι.
2159 3821 2275 3871 cap.
2300 3808 2351 3854 8.

480 3880 711 3933 faciliore
732 3885 816 3934 via
838 3892 1020 3950 petere
1044 3887 1227 3950 potuit.
1253 3902 1258 3907 ·
1290 3888 1393 3938 Sed
1418 3887 1538 3938 sub·
1684 3894 1706 3920 0
1738 3885 2025 3948 Sogdianos]
2068 3884 2329 3947 Sogdiana
2369 3881 2511 3931 ultra
2551 3883 2684 3932 Bac·

479 3963 600 4008 acta
629 3959 867 4010 nimirum
888 3963 1058 4013 omnia
1081 3969 1373 4028 pacataque
1397 3966 1539 4029 prius
1617 3964 1841 4013 trianam
1874 3967 1930 4012 et
1957 3961 2131 4011 Oxum
2162 3974 2365 4010 amnem
2394 3964 2529 4008 erat.
2598 3961 2683 4008 De

479 4034 664 4098 voluit,
685 4050 835 4100 quam
876 4039 1071 4090 Bactra
1104 4041 1291 4104 adiret,
1316 4055 1381 4091 ue
1414 4041 1539 4106 quid
1619 4039 1882 4103 Sogdiaua
1904 4035 2138 4100 inferius,
2159 4051 2274 4101 cap.
2298 4041 2379 4087 lo.
2432 4036 2521 4086 De
2544 4037 2683 4098 Oxo,

478 4110 581 4160 illia
604 4112 669 4161 ab
694 4112 928 4176 partibus
947 4127 1264 4168 moveretur.
1620 4131 1737 4182 cap.
1761 4123 1811 4168 6.
1868 4115 2155 4166 Chorasmii
2188 4115 2278 4166 lib.
2319 4128 2446 4165 vui.
2488 4129 2608 4178 cap.
2638 4119 2684 4164 Ι.

545 4186 568 4221 b
605 4188 728 4238 Cum
754 4191 1103 4256 retrocedendo]
1139 4193 1227 4245 Ita
1249 4194 1455 4259 quidem
1481 4202 1539 4245 ut
1620 4195 1788 4244 Dahae
1807 4193 1931 4244 ibid.
1964 4193 2110 4243 Sacae
2131 4191 2565 4255 lib-v111.eap.4.
2595 4190 2675 4241 In-

480 4260 700 4324 faceret,
717 4279 1031 4331 magnopere
1052 4268 1340 4322 suadebant
1364 4271 1543 4341 Graeci
1620 4271 1674 4326 di
1695 4271 1786 4325 lib.
1799 4273 1924 4323 νηί.
1948 4285 1994 4321 e.
2015 4274 2067 4323 9.
2111 4268 2306 4325 Tanais
2321 4267 2476 4334 infra,
2495 4281 2611 4334 cap.
2630 4271 2678 4318 7.
