2978 4933
468 336 1032 407 PROLEGOMENA
1088 355 1168 405 m
1219 357 1574 419 onim-uu
1621 357 1967 408 culmum
2017 358 2306 410 norun.
2391 344 2479 410 15

287 502 659 576 Rhetorum
688 501 797 566 vel
825 501 1024 567 etiam
1053 521 1230 581 eum,
1260 502 1376 587 qui
1409 502 1587 589 apud
1618 502 1930 569 Tacitum
1958 503 2199 571 Annal.
2233 521 2341 569 xi.
2369 507 2476 571 20.
2591 482 2602 489 ⁸

282 612 360 672 'et
385 605 498 670 21.
529 605 841 683 occurrit,
873 613 1212 671 auctorem
1245 627 1399 672 esse
1429 606 1759 673 Historiae
1792 605 2042 673 Rerum
2074 610 2160 674 ab
2185 608 2482 676 Alexan-

284 709 403 774 dro
436 705 694 791 Magno
722 715 1097 792 gestarum.
1172 709 1492 776 Attamen
1526 697 1927 777 Franciscus
1955 711 2231 777 Medius
2260 712 2330 776 in
2360 732 2480 777 no·
2527 766 2536 774 .

282 811 379 874 tis
402 810 650 895 quibus
673 809 978 876 Curtium
1003 811 1386 891 illustravit,
1409 811 1599 877 eade
1620 832 1691 878 re
1720 813 1819 879 ita
1848 813 2203 898 praedicat:
2236 820 2257 851 ‘
2278 814 2482 894 Quod

283 912 448 977 Rufi
481 924 854 995 cognomen
882 912 1120 979 Curtio
1172 914 1603 993 asseruerim,
1623 916 1717 980 ’in
1747 934 1829 981 eo
1859 917 2028 982 adeo
2059 918 2323 1002 culpam
2350 938 2484 983 non

283 1014 637 1103 deprecor,
682 1020 752 1081 ut
778 1014 977 1081 etiam
1000 1015 1266 1082 laudem
1297 1016 1461 1082 mihi
1502 1015 1726 1082 deberi
1758 1019 2167 1099 contendam,
2213 1039 2363 1084 cum
2392 1020 2482 1086 ad
2563 1022 2566 1023 ⁷

282 1118 676 1201 'scriptorem
720 1137 853 1182 non
897 1119 1171 1198 malum,
1216 1125 1388 1185 certe
1429 1121 1500 1186 iu
1546 1120 1846 1199 historia,
1890 1141 2094 1205 quam
2134 1123 2477 1189 memoriae

283 1219 652 1297 mandavit,
681 1220 981 1300 unicum,
1021 1232 1408 1307 mea'opera
1437 1224 1637 1309 quasi
1667 1224 2081 1307 postliminio
2108 1234 2480 1309 cognomen

281 1312 485 1387 'suum
511 1312 728 1388 rediit.
815 1322 903 1389 Et
929 1325 1213 1391 facerem
1253 1326 1560 1409 profecto
1590 1324 1940 1409 flagitium,
1971 1327 2052 1405 si,
2083 1347 2230 1392 cum
2262 1326 2480 1392 eidem

282 1424 414 1489 hoc
455 1432 852 1510 perpetuum
891 1432 1185 1492 veterum
1227 1428 1548 1493 librorum
1600 1447 1971 1494 consensus
2017 1428 2296 1509 tribuat,
2340 1447 2447 1495 am

276 1518 468 1610 'plius
496 1528 569 1591 in
596 1546 667 1593 re
694 1528 1148 1597 manifestaria
1176 1529 1631 1615 disputarem.’

274 1636 281 1648 ²
374 1646 456 1693 11.
501 1628 757 1695 Auctor
801 1629 1130 1696 Historiae
1175 1631 1425 1697 Rerum
1473 1634 1561 1698 ab
1598 1630 1985 1699 Alexandro
2019 1631 2118 1697 M.
2150 1640 2481 1717 gestarum

284 1733 442 1816 quis
467 1732 721 1798 fuerit‘l
767 1738 882 1800 aut
912 1754 1044 1819 quo
1074 1742 1379 1818 tempore
1409 1736 1705 1802 vixerit?
1752 1755 1889 1820 qua
1914 1735 2072 1802 vitae
2100 1734 2481 1803 conditione

282 1853 453 1898 usus
503 1834 748 1899 fuerit?
796 1854 1076 1920 prorsus
1126 1857 1256 1901 non
1304 1832 1600 1914 constat,
1647 1840 1808 1923 quia
1856 1859 2072 1924 neque
2116 1839 2267 1925 ipse
2313 1840 2480 1904 satis

284 1936 487 2018 plane
527 1943 618 2002 ac'
652 1936 950 2005 dilucide
994 1959 1080 2006 ea
1125 1940 1474 2025 professus
1513 1948 1643 2021 est,
1686 1962 1906 2026 neque
1952 1942 2315 2025 aequalium
2359 1950 2481 2007 aut

280 2043 486 2104 ‘aetate
506 2052 509 2053 ’
531 2041 740 2125 paulo
786 2044 1236 2128 posteriorum
1271 2044 1633 2128 quisquam
1661 2042 1874 2110 Curtii
1923 2044 2248 2110 Historici
2294 2062 2481 2108 men·

282 2139 536 2206 tionem
583 2142 783 2209 fecit.
859 2145 1158 2211 Fuerunt
1209 2146 1503 2230 quidem,
1556 2146 1674 2231 qui
1727 2145 2079 2211 dulcedine
2130 2165 2212 2211 ac
2261 2146 2476 2211 nitore

287 2242 442 2326 styli
474 2241 779 2309 Curtiani
822 2247 1079 2332 abrepti
1123 2254 1329 2332 atque
1372 2267 1598 2327 aurea,
1641 2253 1720 2313 ut
1766 2247 1971 2327 aiunt,
2018 2253 2232 2313 aetate‘
2251 2248 2478 2313 Latini

285 2346 613 2410 sermonis
661 2347 935 2427 vixisse,
994 2369 1146 2415 esse
1201 2351 1464 2435 aliquid
1516 2351 1664 2430 rati,
1723 2350 1883 2416 nihil
1932 2350 2254 2418 haberent
2305 2351 2480 2415 anti-

283 2446 511 2530 quius,
543 2469 749 2532 quam
779 2456 853 2516 ut
881 2449 1182 2519 Curtium
1209 2459 1503 2520 nostrum
1535 2442 2282 2520 Ciceronis‘a'ssererent
2310 2460 2478 2519 tem-

282 2549 584 2632 poribuS,
614 2558 701 2630 et,
731 2553 1036 2636 neglecta
1064 2575 1335 2639 prorsus
1367 2556 1591 2639 ipsius
1621 2554 1837 2622 Curtii
1864 2556 2311 2640 professione,
2341 2555 2474 2620 lib.

276 2662 362 2712 Χ.
400 2650 466 2715 9.
495 2650 562 2715 3.
610 2653 889 2719 eundem
935 2655 1122 2721 illum
1167 2659 1320 2722 esse
1368 2662 1817 2736 autumarent,
1865 2677 2063 2742 quem
2106 2655 2340 2722 Cicero
2385 2656 2474 2720 ad

274 2747 613 2828 ‘Quintum
641 2754 910 2822 fratrem
930 2757 1057 2823 lib.
1090 2774 1201 2824 ιιι.
1234 2758 1363 2844 Ep.
1389 2759 1456 2823 2.
1482 2758 1767 2827 laudat‘
1786 2760 2034 2825 bonum
2061 2764 2127 2824 et
2149 2757 2477 2825 eruditum

283 2853 822 2924 adolescentem?
907 2859 1040 2925 Sed
1067 2879 1171 2940 ea,
1211 2880 1364 2945 quae
1392 2861 1704 2927 universe
1733 2862 1818 2927 de
1848 2861 2060 2928 Curtii
2089 2866 2286 2929 aetate
2316 2880 2477 2926 con-

271 2955 531 3022 'firmari
556 2979 758 3043 posse
790 2961 1112 3042 videntur,
1154 2969 1222 3028 et
1264 2983 1419 3048 quae
1445 2963 1692 3028 talibus
1719 2963 2110 3049 opinionum
2142 2982 2476 3029 commen-

283 3058 375 3123 tis
402 3075 675 3143 prorsus
702 3063 1161 3143 adversantur,
1204 3064 1353 3130 haec
1399 3065 1538 3130 fere
1585 3072 1781 3131 sunt:
1828 3065 2124 3130 Primum
2171 3071 2333 3149 post
2361 3064 2476 3128 Li—

276 3162 465 3227 -vium
493 3159 704 3247 vixit3
748 3185 902 3231 nam
944 3166 1245 3232 Curtium
1266 3211 1269 3212 ν
1292 3167 1865 3233 studiosissimum
1896 3169 2048 3253 ejus
2075 3168 2475 3232 imitatorem

281 3265 512 3345 fuisse,
557 3263 916 3351 manifesto
947 3273 1247 3354 apparet,
1289 3268 1497 3353 idque
1526 3269 1948 3335 infra'susius
1973 3266 2473 3334 demonstrabo.

282 3366 548 3434 Deinde
595 3371 795 3435 etiam
850 3377 1012 3455 post
1067 3370 1555 3451 Quintilianum
1610 3372 1884 3458 scripsit
1936 3372 2229 3437 Curtius.
2342 3368 2474 3433 Ille

282 3470 557 3537 enimin
583 3474 976 3539 recensione
1004 3471 1296 3540 omnium
1346 3476 1747 3559 scriptorum
1790 3472 1974 3541 lectu
2013 3473 2359 3557 dignorum
2390 3491 2473 3536 ac

272 3572 609 3656 juventuti
651 3578 980 3644 studiosas
1026 3577 1729 3659 commendandorum,
1782 3578 2003 3643 Instit.
2051 3574 2244 3640 Orat.
2291 3590 2369 3642 x.
2410 3573 2475 3637 1.

284 3675 492 3746 Curtii
519 3698 768 3744 nomen
787 3681 1093 3745 omittere
1123 3680 1429 3764 profecto
1450 3698 1582 3745 non
1615 3680 1964 3763 potuisset,
1989 3680 2047 3744 si
2077 3678 2283 3746 modo
2309 3675 2473 3742 Cur-

284 3778 414 3843 tius
463 3786 673 3847 aetate
720 3782 1200 3849 antecessisset
1249 3781 1760 3861 Quintilianum.
1848 3782 2087 3866 Itaque
2140 3780 2473 3866 probandi

284 3883 512 3965 potius
542 3891 700 3949 sunt
736 3884 878 3966 alii,
925 3885 1064 3969 qui,
1109 3885 1329 3970 ipsius
1374 3884 1590 3950 Curtii
1638 3884 2155 3950 declarationem
2201 3883 2473 3947 minime

283 3986 745 4072 negligendam
795 4007 948 4053 esse
998 3990 1151 4068 rati,
1208 3989 1383 4054 locis
1431 3988 1694 4054 duobus
1748 3986 2091 4073 Curtianae
2146 3985 2472 4050 Historiae

284 4087 391 4151 usi
441 4077 622 4167 sun‘t,
664 4090 753 4155 ad
800 4090 1241 4160 definiendam
1290 4098 1565 4158 estatem
1604 4092 1923 4158 auctoris.
2012 4090 2266 4157 Verum
2293 4087 2470 4153 enim

283 4198 534 4276 vero-et
560 4191 666 4258 his
696 4192 865 4257 adeo
890 4193 1060 4259 nihil
1103 4199 1451 4278 conceptae
1499 4202 1748 4261 temere
1802 4195 1948 4280 spei
1998 4191 2351 4270 successit,
2393 4196 2472 4258 ut
