2978 4933
475 356 606 425 268
943 374 1006 432 Q.
1056 369 1318 419 cumn
1374 369 1555 419 uum
1609 368 1752 416 mn.
1802 369 1903 416 ιν.
1950 368 2116 417 cu.
2160 355 2224 418 7.

480 517 915 602 Arabumque
959 519 1142 584 circa
1167 518 1401 586 decem
1429 518 1640 584 millia
1670 525 1734 583 :¹¹
1778 535 1903 582 nec
1932 515 2434 585 Macedonibus
2463 517 2680 581 incru-

480 629 631 687 enta
658 621 938 687 victoria
979 621 1129 688 fuit.
1221 620 1509 687 Obsidio
1553 629 1729 687 certe
1768 620 1915 687 'non
1961 628 2095 686 tam
2140 620 2446 686 claritate
2491 619 2681 689 urbis

480 725 836 791 nobilitata
877 730 1010 803 est,
1047 744 1253 809 quam
1302 725 1639 807 geminato
1685 724 1985 809 periculo
2010 724 2226 806 regis:
2272 723 2387 807 qui
2426 724 2686 809 AEgyp-

481 833 663 893 tum'
709 829 894 895 adire
943 830 1293 907 festinanS,
1325 828 1687 913 Amyntam
1730 849 1883 893 cum
1927 827 2161 894 decem
2208 829 2591 893 triremibus
2620 829 2691 893 in

484 931 958 1000 Macedoniam
1014 932 1099 997 ad
1160 934 1660 1019 inquisitionem
1742 952 2068 997 novorum
2127 930 2416 997 militum
2473 931 2690 997 misit.

478 1036 588 1102 31.
636 1035 952 1121 Namque
993 1037 1254 1120 praeliis
1306 1036 1512 1102 etiam
1560 1035 1875 1102 secundis
1922 1034 2373 1101 atterebantur
2419 1035 2684 1119 copiae:

479 1139 1044 1225 devictarumque
1075 1140 1371 1223 gentium
1404 1140 1602 1206 militi
1629 1142 1850 1205 minor
1879 1158 2081 1223 quam
2112 1137 2481 1204 domestico
2514 1135 2690 1201 fides

480 1242 884 1309 habebatur.

571 1363 704 1411 vu.
749 1348 811 1411 1.
902 1347 1211 1432 AEgyptii
1257 1347 1419 1413 olim
1445 1348 1796 1414 Persarum
1826 1347 2071 1432 opibus
2100 1346 2397 1424 infensi:
2427 1344 2690 1430 quippe

481 1469 687 1514 avare
714 1453 783 1513 et
824 1452 1111 1536 superbe
1140 1449 1591 1535 imperitatum
1621 1451 1752 1516 sibi
1781 1469 1934 1514 esse
1959 1448 2341 1528 credebant,
2373 1448 2464 1514 ad
2498 1466 2691 1532 spem

481 1552 808 1618 adventus
862 1554 1009 1639 ejus
1063 1562 1415 1620 erexerant
1473 1557 1776 1621 animos:
1851 1559 2085 1639 utpote
2143 1554 2258 1638 qui
2317 1549 2687 1637 Amyntam

481 1675 753 1740 quoque
802 1657 1233 1742 transfugam,
1277 1664 1345 1723 et
1394 1678 1545 1723 cum
1589 1658 1885 1743 precario
1915 1657 2198 1741 imperio
2219 1656 2243 1695 ⁸
2287 1655 2692 1731 venientem,

479 1757 619 1824 laeti
676 1760 1115 1844 recepissent.
1219 1760 1284 1825 2.
1332 1761 1547 1843 Igitur
1606 1761 1840 1845 ingens
1896 1759 2253 1824 multitudo
2312 1757 2689 1834 Pelusium,

479 1881 618 1944 qua
646 1861 1004 1929 intraturus
1028 1863 1203 1947 [rex]
1236 1863 1611 1943 videbatur,
1644 1870 2073 1930 convenerat.
2136 1859 2364 1948 Atque
2389 1861 2504 1927 ille
2536 1880 2693 1943 sep-

480 1965 648 2029 timo
681 1965 813 2045 die,
845 1972 1290 2052 posteaquam
1323 1988 1366 2034 a
1401 1967 1594 2034 Gaza
1621 1969 1862 2052 copias
1894 1978 2218 2046 moverat,
2249 1969 2315 2032 in
2343 1965 2688 2049 regionem

480 2068 785 2153 AEgypti,
831 2089 1033 2153 quam
1077 2091 1254 2137 nunc
1301 2076 1320 2103 ‘
1346 2071 1589 2137 Castra
1630 2067 2048 2136 Alexandri’
2076 2077 2102 2104 ⁸
2146 2073 2417 2147 vocant,
2448 2085 2693 2154 perve-

539 2263 565 2286 ⁸
595 2256 894 2319 Jampriclem
912 2256 1096 2308 inimici
1117 2259 1329 2310 Persicoe
1350 2254 1621 2324 potestatis.

542 2318 566 2352 ⁶
601 2322 723 2370 Cum
736 2327 972 2384 potestate
992 2324 1126 2387 quasi
1147 2325 1457 2376 emendicata.

1397 2469 1760 2491 θθθθθθθθθθθθ

474 2582 787 2636 nobilitatem.
854 2584 1004 2637 Leia.
1043 2594 1097 2637 et
1143 2589 1296 2640 Voss.
1338 2595 1387 2642 1.
1439 2561 1715 2655 Amjntam
1766 2590 1918 2640 Voss.
1956 2594 2005 2639 2.
2048 2588 2442 2641 Aminiam—81
2482 2592 2603 2643 Pal.
2644 2597 2690 2643 1.

478 2648 700 2725 Namque
719 2651 864 2701 etiam
885 2652 1004 2702 eutis
1022 2652 1117 2703 sibi
1136 2661 1240 2706 erat
1262 2658 1585 2708 multitudinis
1605 2663 1761 2708 tamen
1783 2656 1931 2719 copia.»
1952 2656 2328 2721 devictarumque
2344 2657 2567 2719 gentium
2598 2658 2689 2708 mi·

475 2716 562 2763 lite
604 2717 800 2767 minore.
869 2718 1101 2772 Floreat.
1147 2720 1297 2773 Leid.
1337 2724 1494 2774 Voss.
1533 2728 1580 2774 1.
1618 2727 1667 2774 2.
1704 2727 1760 2772 et
1797 2722 1964 2785 Boug.
1998 2722 2246 2772 omittunt
2283 2722 2487 2786 preliis.
2570 2724 2688 2775 Flo-

472 2781 790 2906 ἓξὲἔὲαῐῶῗὶᾶ.
835 2790 892 2833 et
932 2779 1081 2835 von.
1128 2789 1175 2837 1.
1215 2787 1546 2839 atterebantur
1584 2792 1741 2839 iumen
1782 2789 1947 2851 copie.
2036 2787 2187 2839 Voss.
2225 2791 2274 2837 1.
2312 2787 2689 2854 murumque

513 2962 530 2967 ‚
545 2914 570 2958 1
598 2910 767 2962 Amst.
790 2911 956 2976 Lugd.
981 2914 1090 2967 Col.
1113 2920 1260 2967 1⁶⁷9.
1284 2917 1399 2970 aum
1424 2925 1546 2982 post
1565 2918 1799 2969 Medium
1823 2917 2072 2967 omittunt
2093 2916 2357 2968 credebant.
2411 2917 2555 2967 Dan.
2575 2917 2687 2982 quia

477 2976 736 3039 Amyntam
748 2992 768 3035 ,·
801 2979 953 3030 Voss.
976 2984 1026 3031 2.
1050 2982 1132 3044 qui
1149 2982 1427 3032 admiutum.
1450 3000 1498 3047 q.
1518 2989 1554 3032 t.
1576 2989 1624 3034 et
1638 2983 1854 3046 precario
1876 2984 1914 3032 i.
1934 2998 1985 3031 v.
2006 2984 2042 3031 1.
2065 2983 2372 3045 excepissent,
2403 2984 2595 3034 omisso
2616 2983 2687 3045 w*

474 3046 699 3115 cume—2
732 3042 955 3093 Theocr.
981 3052 1035 3095 et
1058 3047 1195 3097 Mer.
1217 3063 1356 3111 quam
1378 3049 1665 3099 intraturus.
1729 3049 1875 3097 Dan.
1906 3048 2020 3098 Pal.
2043 3052 2089 3097 1.
2128 3048 2359 3098 Florem.
2388 3049 2545 3099 Voss.
2569 3054 2616 3098 l.
2636 3054 2687 3099 2.

480 3104 625 3155 Lend.
648 3113 703 3157 et
726 3108 895 3173 Bong.
921 3109 1171 3162 omittunt
1190 3126 1297 3163 rex.
1345 3113 1473 3164 Mox
1494 3114 1721 3165 Floreut.
1746 3112 1895 3164 Leid.
1917 3113 2070 3163 Voss.
2098 3117 2143 3164 1.
2166 3117 2216 3164 2.
2237 3114 2409 3179 Βοῦς.
2431 3122 2491 3166 et
2517 3112 2684 3179 Lugd.

1472 3261 1688 3313 NOTAE

477 3367 696 3419 delitate
747 3385 1038 3435 superasse.
1128 3374 1264 3426 Nam
1306 3377 1537 3430 Achilles
1619 3380 1688 3430 da
1718 3387 1856 3443 nunt,
1876 3394 1991 3445 quae
2022 3377 2090 3430 de
2112 3376 2414 3429 Alexandro
2436 3376 2686 3438 Hieroso-

476 3453 734 3496 mortuum
773 3447 1076 3514 Hectorem,
1108 3451 1412 3504 Alexander
1432 3456 1538 3520 spi·
1619 3457 1769 3523 lymis
1803 3462 2017 3520 recepto
2052 3462 2301 3505 memorat
2321 3455 2604 3519 Josephns,
2625 3463 2685 3506 ut

476 3529 677 3572 nutem
712 3524 879 3574 adbuc
919 3527 1093 3576 Betim
1133 3528 1256 3579 loris
1278 3545 1373 3594 per
1406 3533 1537 3581 talos
1617 3534 1773 3584 babes
1795 3534 2064 3599 supplem.
2086 3532 2180 3582 lib.
2196 3546 2260 3584 ιι.
2284 3536 2505 3596 cap.11.
2545 3534 2681 3584 Nam

475 3599 717 3662 trajectis
739 3602 1011 3666 religatum
1028 3602 1093 3653 ad
1113 3619 1317 3656 currum
1339 3609 1537 3674 raptari
1619 3611 1842 3675 septimo
1865 3618 1985 3676 post
1999 3609 2199 3661 Gazam
2222 3615 2579 3674 expugnatam
2597 3608 2681 3660 die

467 3675 647 3738 jufflt·
1620 3688 1882 3739 Pelusium
1905 3687 2206 3753 pervenisse
2228 3688 2377 3736 testis
2400 3691 2483 3737 est
2506 3685 2682 3736 Arria-

540 3761 564 3787 ⁰
597 3755 772 3804 Decem
793 3755 966 3820 millia]
1003 3756 1239 3821 Ingentis
1262 3774 1385 3810 sane
1409 3776 1534 3827 ope·
1617 3778 1742 3814 uus:
1772 3763 1865 3815 sed
1894 3770 2053 3829 captu
2073 3765 2213 3830 Tyro
2232 3764 2472 3816 Judaeam
2507 3778 2570 3814 ac
2602 3778 2681 3813 re-

476 3832 547 3880 ris
569 3829 730 3881 fuisse
752 3847 922 3883 muros
939 3836 1064 3885 istos
1077 3838 1332 3901 oportuit,
1349 3840 1535 3905 quibus
1616 3841 1805 3905 liquam
1857 3841 2195 3891 Palaestinam
2234 3841 2502 3890 invaserat
2535 3845 2678 3889 ante-

476 3906 684 3958 tuendis
704 3909 884 3961 decem
907 3912 1118 3963 circiter
1137 3914 1399 3967 bominum
1423 3918 1535 3968 mil·
1617 3930 1770 3983 quam
1806 3917 2002 3974 Gazam
2040 3924 2268 3983 peteret.
2323 3916 2518 3968 Euseb.
2543 3917 2677 3969 Ptin.

473 3985 548 4034 lia
571 3986 587 4012 ‘
610 3985 866 4035 modicum
889 3988 1187 4052 praesidium
1205 3991 1220 4014 '
1242 3991 1454 4058 fuerint,
1477 4002 1536 4047 ut
1617 3996 1826 4049 Arriau.

477 4060 674 4111 Noster
698 4077 856 4127 supra
877 4065 1171 4130 scripserat.
1230 4069 1333 4120 Sed
1357 4072 1537 4137 Hege·
1665 4082 1689 4108 ⁸
1725 4076 1897 4125 cmm
1915 4071 2205 4135 Alea-andri]
2237 4071 2396 4136 Apud
2423 4072 2677 4138 Hierony·

474 4138 580 4189 sia·
600 4139 740 4203 apud
765 4140 1076 4205 Dionysium
1112 4159 1204 4195 sex
1241 4148 1406 4199 millia
1440 4165 1535 4199 nu·
1616 4163 1752 4201 mum
1785 4158 1841 4202 et
1872 4150 2129 4200 Isidorum
2156 4163 2251 4213 pro
2277 4150 2467 4199 Castris
2487 4150 2675 4214 legitur

478 4222 661 4267 memt-
1619 4228 1842 4279 Claustra
1854 4225 2150 4285 Alea-andri,-
2168 4227 2252 4277 cui
2265 4226 2480 4277 lectioni
2496 4224 2673 4277 suffre-

535 4302 565 4329 v
586 4292 872 4360 AEgypwm]
895 4296 1016 4349 Non
1037 4296 1137 4350 buc
1152 4313 1277 4367 ergo
1300 4300 1532 4355 referen-
1615 4305 1730 4370 gari
1762 4303 1969 4357 videtur
1991 4304 2251 4357 Erumus.
2319 4303 2521 4356 Verum
2536 4308 2669 4354 utro·
