2978 4933
2298 352 2427 421 431

232 519 469 605 caputh
519 519 840 597 omnium,
889 519 1007 602 qui
1053 521 1204 604 post
1235 509 1620 600 Euphraten
1668 522 1737 579 et
1765 514 2024 598 Tigrim
2059 520 2285 578 amnes
2319 514 2432 579 siti

187 666 192 673 ‚
232 624 457 688 Rubro
505 618 714 689 marii.
758 622 1203 688 terminantur.
1293 622 1401 685 13.
1450 621 1724 704 Scythae
1769 619 2099 700 regionem
2129 636 2432 700 campes-

228 735 504 792 trem-ae
553 726 833 791 fertilem
888 730 1431 809 occupaverunt3
1496 743 1732 805 graves
1770 716 2036 797 ,adhucj
2088 721 2424 790 accolae&

229 829 417 894 sedes
446 823 729 894 habentk
759 835 827 893 et
870 829 937 892 in
968 828 1265 911 Europa,
1301 834 1372 891 et
1401 827 1471 890 in
1510 824 1726 897 Asia:
1772 825 1890 908 qui
1923 843 2126 909 super
2165 822 2430 905 Respo«.

690 375 722 433 j
755 376 872 429 οἱ..
903 372 1112 426 oxu.
1157 356 1223 422 3.
1288 372 1372 420 ·A·
1419 371 1539 419 cn.
1591 371 1661 419 n.
1707 352 1862 425 330..
1950 382 1957 391 ·

283 1018 310 1053 ἔ
348 1012 504 1063 Vicini
528 1013 786 1064 etiamnum
807 1012 1066 1077 importuni
1088 1012 1280 1063 Persis.

1126 1138 1430 1161 ”OOOm‘O
1438 1140 1496 1159 ‘O

229 1244 340 1288 tunt
360 1239 428 1291 in.
495 1240 594 1290 Ed.
620 1240 811 1292 Cellar.
835 1256 917 1304 ap.
939 1241 1097 1291 Snak.
1118 1256 1241 1292 nunc
1260 1257 1305 1291 e.
1329 1239 1552 1297 omnium,-
1584 1243 1767 1290 nostra
1800 1252 1923 1288 vero
1958 1237 2151 1296 Cellar.
2176 1250 2259 1286 an.
2285 1237 2435 1289 1⁷2⁷.

226 1319 340 1352 nunc
375 1322 418 1356 c.
452 1307 805 1358 omnium—13
841 1307 995 1356 Voss.
1019 1312 1070 1356 2.
1102 1321 1194 1354 non
1234 1311 1540 1368 campestrem
1576 1310 1629 1353 at
1646 1303 1888 1363 fertilem.
1960 1303 2102 1352 Pith.
2133 1317 2311 1363 graves
2348 1301 2436 1349 od-

226 1368 353 1430 τοῖαι,
373 1373 559 1431 omisso
580 1373 765 1431 adhuc3
797 1371 919 1421 Ald.
946 1372 1097 1420 Frob.
1117 1372 1257 1420 Mer.
1281 1380 1337 1421 et
1364 1370 1478 1421 Col.
1511 1370 1688 1431 graves
1710 1370 1866 1418 adhuc
1889 1369 2091 1425 ἰποοζαες
2120 1370 2240 1416 Bas.
2260 1378 2437 1427 graves

228 1435 383 1483 udkoec
418 1437 615 1495 iucolae5
664 1436 817 1486 Acid.
856 1439 1062 1486 emend.
1101 1438 1253 1497 gno-ni
1291 1437 1445 1485 adhuc
1476 1435 1739 1496 agricolce3
1777 1434 1870 1483 sed
1904 1430 2093 1482 Faueh.
2131 1433 2253 1482 Put.
2298 1433 2435 1479 Dan.

228 1498 386 1560 Bong.
410 1505 456 1549 l.
480 1507 529 1551 2.
565 1502 700 1551 Pall.
744 1502 973 1551 Florent.
1014 1502 1164 1550 Voss.
1204 1505 1251 1551 1.
1286 1505 1337 1550 2.
1383 1515 1561 1563 graves
1595 1500 1748 1548 adhuc
1787 1500 1981 1549 adcoloe.
2047 1498 2200 1546 Voss.
2225 1501 2274 1545 2.
2314 1493 2438 1544 Ald.

233 1564 389 1614 Colin.
429 1566 634 1631 Gryph.
675 1566 827 1617 Frob.
865 1567 1006 1623 Mer.
1032 1567 1158 1617 Bas.
1196 1572 1253 1615 et
1292 1567 1406 1616 Col.
1442 1565 1526 1629 qui
1557 1579 1697 1628 super
1718 1565 2022 1628 Bosphorum
2052 1578 2215 1621 mn,-
2249 1560 2365 1611 Pal.
2390 1564 2438 1609 1.

1219 1704 1444 1757 NOTAE

285 1801 310 1836 ¹¹
340 1803 488 1853 Nunc
502 1802 665 1867 caput]
700 1802 1147 1856 Quemadmodum
1172 1804 1288 1854 Me-

225 1877 299 1928 dis
322 1886 376 1929 et
399 1875 579 1944 Persis
604 1888 903 1944 paruerant,
937 1881 1013 1930 lta
1035 1880 1289 1943 Macedo-

226 1955 369 2023 nibus
407 1954 557 2004 fuere
596 1956 851 2019 subjectu
907 1957 1127 2007 Eumeni
1186 1957 1289 2021 pri-

226 2047 376 2096 mum,
420 2031 613 2084 deinde
655 2023 946 2099 Antig'ono'
970 2035 1289 2089 Poliorcetae

229 2109 377 2173 patri,
403 2109 627 2177 denique
649 2110 872 2179 Seleuco
899 2111 1136 2162 Nicatori
1160 2113 1290 2176 ejus·

226 2201 323 2250 que
364 2188 593 2250 posteris
624 2186 787 2251 Syriae
824 2187 1073 2251 regibusz
1122 2187 1293 2239 donec

228 2261 317 2310 sub
362 2260 633 2326 Antigono
678 2263 783 2322 Θεῷ·
825 2264 1147 2329 rebellarunt
1190 2265 1292 2329 pri·

226 2353 390 2401 mnm3
444 2345 554 2389 tum
596 2337 703 2387 filio
743 2339 852 2401 ejus
892 2339 1155 2406 Callinico·
1184 2341 1295 2391 aliis

227 2424 484 2484 occupato,
504 2415 675 2482 bellis,
698 2415 896 2466 Arsace
909 2416 1141 2484 ,quodam
1161 2416 1296 2469 duee

221 2495 399 2559 jugum
426 2495 637 2562 penitus
672 2500 1048 2544 excusserunt:
1102 2495 1170 2544 ab
1211 2509 1298 2544 eo·

230 2586 326 2634 que
349 2570 722 2624 Arsacidarum
751 2570 950 2624 familia
987 2580 1297 2636 propagata,

228 2648 404 2699 Persis
426 2647 685 2715 quondam
714 2647 983 2714 subjectas
1020 2648 1161 2698 ultra
1197 2650 1299 2697 Eu·

229 2726 463 2789 phratem
488 2724 728 2788 regiones
751 2725 802 2774 in
828 2723 1071 2793 ditionem
1092 2724 1299 2787 redegit

228 2818 385 2853 suam.
429 2802 720 2867 ⁸Regnabat
742 2801 1026 2853 Callinicus
1062 2801 1128 2852 ab
1162 2816 1297 2852 anno

229 2887 349 2933 ante
370 2880 633 2929 Christum
658 2883 771 2928 246.
991 2943 992 2946 ¹

237 3011 244 3014 ν
301 2954 315 2987 ¹
340 2957 505 3005 Rubro
526 2954 674 3019 ηιαή]
715 2952 949 3003 Rubrum
973 2968 1134 3017 mare,
1154 2953 1297 3011 Indi·

230 3046 317 3082 cus
341 3033 612 3094 Oceanus,
630 3032 695 3080 de
711 3046 812 3097 quo
830 3031 1040 3083 Curtius
1059 3030 1149 3080 lib.
1172 3033 1308 3081 vm.

231 3122 344 3173 cap.
387 3113 435 3159 9.
508 3106 728 3172 Scythoe]
786 3107 872 3155 De
903 3107 1107 3173 Scythis
1150 3107 1299 3168 plura

232 3184 474 3235 dicentur
506 3185 597 3234 lib.
620 3197 723 3234 vn.
764 3198 881 3247 cap.
905 3188 955 3234 7.
1028 3184 1299 3245 Occupave-

229 3261 365 3324 runt]
400 3263 519 3323 Bis,
539 3268 599 3310 nt
620 3266 855 3323 apparet,
879 3260 1143 3323 regionem
1168 3259 1300 3327 lianc

231 3330 532 3386 invaserunt
555 3327 787 3399 gentese
800 3336 1015 3400 Scythia
1030 3334 1300 3399 profectae.

233 3413 395 3463 Primi
434 3414 782 3477 irruptionem
816 3411 1012 3475 fecere,
1052 3427 1301 3477 suumque

234 3491 642 3553 regioni-nomen
667 3488 899 3538 indidere
924 3488 1126 3545 Parthi,
1164 3488 1303 3552 quod

236 3567 480 3629 Scythico
504 3580 761 3627 sermone,
784 3574 844 3614 ut
862 3565 936 3613 ait
953 3564 987 3614 J
995 3564 1193 3613 ustinus
1216 3564 1305 3622 lib.

236 3655 346 3693 xm.
374 3652 428 3693 et
452 3643 756 3712 Eustathius
776 3643 841 3691 ad
861 3642 1077 3710 Dionys.
1093 3642 1304 3706 Perieg.

234 3720 485 3788 sextiles'
524 3728 690 3777 sonat.
776 3722 1081 3784 Quanquam
1119 3720 1305 3770 Suidas

237 3797 460 3861 Scythas
502 3812 681 3846 omnes
718 3797 792 3846 ait
830 3812 861 3845 a
904 3797 1082 3846 Persis
1129 3798 1305 3847 vocari

236 3873 537 3938 ‘Partlios,’
585 3863 789 3931 exules.
874 3874 962 3922 De
1005 3887 1131 3944 ,quo
1188 3875 1304 3937 lege

241 3949 496 4001 Reinecc.
519 3950 572 3999 in
592 3951 725 4015 Reg.
755 3949 937 4006 Parth,
992 3948 1192 3997 Horum
1218 3950 1307 3997 ad-

239 4037 423 4084 ventus
443 4032 701 4086 incertum
734 4027 798 4077 ad
823 4041 947 4091 quae,
969 4021 1204 4089 tempora
1228 4041 1307 4076 re·

237 4104 484 4160 ferendus
507 4106 593 4163 sit.
656 4106 775 4172 ,lam
797 4110 905 4152 tum
942 4103 1037 4152 sub
1073 4102 1310 4165 Assyrio-

238 4196 352 4234 rum
395 4183 612 4246 imperio
649 4182 963 4231 Parthorum
997 4194 1200 4230 nomen*
1222 4195 1310 4229 ex-

240 4259 415 4315 titisse
439 4260 633 4312 indicat
656 4258 689 4311 J
695 4261 910 4320 ustinus.
979 4259 1168 4321 Altera
1182 4260 1308 4330 Scy·

1370 1806 1570 1855 tharum
1594 1804 1792 1854 invasio
1813 1801 1937 1864 fnit,
1953 1802 2099 1866 cujus
2123 1800 2260 1865 apud
2299 1799 2445 1849 Stra·-

1372 1882 1560 1931 bonem
1585 1881 1778 1939 mentio
1809 1886 1892 1929 est
1911 1879 2002 1929 lib.
2020 1891 2105 1938 Axi.
2172 1880 2188 1907 ‘
2217 1877 2443 1937 Arsaces

1368 1958 1599 2023 Scytha,'
1623 1958 1810 2022 inquit,
1829 1956 1845 1984 ‘
1866 1956 1995 2006 Dais
2018 1955 2324 2020 quibusdam
2349 1955 2445 2004 im-

1371 2048 1562 2098 perans
1599 2039 1947 2097 cognomento
1970 2032 2175 2092 Par-nis,
2197 2030 2446 2084 Numam,

1371 2111 1486 2174 bus,
1523 2112 1613 2176 qui
1651 2110 1714 2160 ad
1754 2109 1956 2173 Ochum
1992 2108 2203 2167 fluvium
2245 2108 2445 2166 accole·

1372 2187 1519 2249 bant,
1574 2186 1841 2251 Parthiam
1898 2183 2130 2250 invasit,’
2172 2188 2272 2241 &m
2338 2182 2444 2239 Hic

1374 2265 1482 2328 ipse
1507 2271 1590 2314 est
1628 2264 1870 2325 Arsaces,
1911 2263 1977 2312 de
2013 2277 2114 2326 quo
2153 2258 2306 2310 modo
2338 2262 2448 2324 egi-

1374 2356 1506 2409 muS.
1574 2342 1867 2406 Utramque
1909 2338 2309 2405 profectionem,
2345 2336 2448 2387 etsi

1378 2418 1544 2468 minus
1570 2418 1841 2480 distincte,
1861 2417 2000 2469 idem
2036 2416 2249 2481 attingit
2284 2415 2450 2468 Justi·

1377 2512 1475 2546 nus
1500 2498 1591 2548 lib.
1620 2511 1735 2546 Lxx.
2272 2553 2277 2556 ,

1382 2628 1388 2633 ,
1436 2573 1453 2618 J
1495 2574 1680 2623 Graves
1698 2573 1872 2636 adhuc]
1907 2573 2045 2627 Qui?
2081 2572 2278 2624 Quibus
2300 2572 2450 2634 ‘gra-

1381 2664 1469 2717 yes
1496 2650 1685 2717 accolae
1708 2648 1742 2697 ?’
1775 2650 1934 2700 Certe
1975 2649 2061 2714 qui
2089 2649 2349 2716 regionem
2374 2649 2452 2711 ip·

1379 2717 1488 2775 sam
1505 2732 1831 2789 occuparunt
1845 2740 1935 2776 seu
1954 2726 2126 2789 primi,
2143 2739 2232 2774 seu
2253 2732 2452 2790 postre-

1377 2791 1472 2864 mi,
1491 2797 1595 2851 non
1605 2802 1717 2866 jam
1741 2804 1966 2862 accolas,
1994 2802 2084 2860 sed
2119 2801 2304 2866 incolae
2329 2806 2453 2858 sunt

1379 2880 1537 2943 ipsius
1593 2880 1846 2930 Parthiae.
1916 2881 1961 2930 N
1971 2895 2032 2929 ec
2081 2880 2146 2929 de
2200 2880 2451 2937 Romanis

1376 2959 1476 3015 hoc
1502 2958 1882 3021 intelligilocus
1899 2958 2098 3016 ratiove
2117 2957 2330 3021 patitur.
2363 2956 2452 3020 Sic

1379 3049 1507 3098 ergo
1526 3034 1760 3099 intellige
1781 3052 1795 3086 ε
1831 3036 1988 3086 Parni
2014 3035 2291 3099 regionem,
2306 3033 2452 3098 inva-

1381 3118 1560 3178 serunt
1583 3127 1649 3161 ex
1666 3112 1882 3177 Scythis
1907 3112 2453 3178 oriundi‚quibuscum

1380 3190 1590 3246 assidua
1614 3190 1805 3240 deinde
1824 3196 2043 3255 propter
2061 3183 2298 3239 viciniam
2317 3189 2456 3239 bella.

1382 3266 1571 3322 Parnis
1595 3266 1737 3329 ipsiS,
1750 3267 1861 3330 jam
1887 3266 2200 3330 Parthorum
2236 3279 2352 3316 cum
2377 3279 2456 3313 re·

1384 3344 1536 3406 gizone
1582 3358 1766 3392 nomen
1811 3342 2036 3407 adeptis,
2075 3341 2304 3404 gerenda
2340 3338 2454 3410 fue-

1386 3428 1608 3484 runt„ut
1627 3428 1817 3484 auctor¹
1843 3428 1921 3470 est
1953 3420 2193 3480 ,Iustinus
2219 3419 2314 3476 lib.
2341 3431 2454 3476 nt.

1386 3504 1440 3545 et
1476 3510 1616 3545 xur.
1644 3496 1708 3544 de
1731 3496 1792 3545 iis
1817 3495 1955 3545 enim
1994 3495 2204 3559 Scythis
2225 3493 2456 3559 loquitur

1388 3572 1600 3634 Curtius
1639 3586 1770 3636 quos
1806 3571 2052 3621 continuo
2086 3569 2282 3626 subdit,
2307 3568 2456 3617 sedes

1385 3648 1578 3699 habere
1601 3655 1657 3698 et
1678 3623 1763 3707 i(
1757 3649 1981 3711 Europa,
2005 3655 2058 3696 et
2083 3647 2134 3695 in
2159 3645 2300 3694 Asia.
2336 3644 2455 3696 Hoc

1385 3724 1498 3774 fere
1520 3726 1673 3775 modo
1703 3727 1816 3790 quis
1853 3724 2210 3773 olim-diceret
2244 3722 2454 3771 Italiam

1386 3803 1713 3868 subalpinam
1740 3803 1920 3854 Gallos
1953 3800 2309 3864 occupavisse,
2342 3815 2457 3863 gras·

1385 3893 1584 3942 vesque
1621 3880 1788 3928 adhuc
1825 3877 2030 3929 accolas
2075 3890 2191 3925 esse
2236 3875 2314 3925 illi
2357 3875 2458 3940 ipsi

1386 3955 1670 4019 subalpinae
1704 3956 1902 4017 ltaliae;
1939 3970 2041 4004 non
2075 3969 2163 4004 eos
2196 3955 2336 4018 ipsos
2357 3954 2458 4003 uti-

1390 4046 1493 4095 que
1516 4033 1606 4097 qui
1630 4033 1770 4081 illam
1804 4032 2127 4095 insederunt,
2152 4031 2244 4082 sed
2279 4032 2457 4090 Gallos

1390 4124 1454 4162 ex
1481 4109 1665 4173 quibus
1689 4110 1776 4159 isti
1801 4109 2027 4173 profecti
2046 4117 2183 4159 sunt.
2414 4169 2419 4175 ¹

1455 4183 1480 4217 k
1503 4185 1647 4235 Sedes
1665 4186 1860 4250 liabent]
1896 4184 2158 4254 Quicquid
2197 4175 2455 4236 terrarum

1390 4260 1530 4310 ultra
1552 4261 1797 4327 Caspium
1835 4277 1996 4321 mare,
2030 4253 2259 4332 Pontum
2298 4258 2457 4320 Euxi-
