2978 4933
529 340 659 406 146
1309 354 1368 405 J.
1417 354 1924 407 rnssinsmmu

527 498 886 580 solymitani,
910 506 983 559 ut
1008 496 1162 578 regis
1189 497 1336 558 iram
1374 497 1651 571 lenirent,
1678 517 1814 559 cum
1842 498 2125 560 uxoribus
2155 499 2474 582 liberisque
2505 502 2714 582 suppli-

526 617 629 660 ces
677 597 736 656 in
786 614 1100 657 occursum
1132 594 1420 656 venientis
1462 594 1868 657 effunduntur.
1952 596 2308 659 Sacerdotes
2334 598 2524 678 primi
2560 599 2712 658 ibant

527 694 877 758 tenuissima
923 695 1105 775 bysso
1161 692 1397 755 amicti:
1440 693 1552 753 hos
1609 691 1827 753 deinde
1879 695 2136 774 populus
2184 693 2446 755 candido
2490 704 2555 755 et
2601 695 2713 774 ipse

523 797 739 857 vestitu
787 793 1164 873 sequebatur.
1250 793 1484 870 Agmen
1534 789 1791 850 ducebat
1837 790 2060 851 Iaddus
2110 812 2371 852 summus
2422 812 2715 853 sacrorum
2806 853 2811 857 ,

526 891 772 952 antistes
823 910 960 951 cum
1007 889 1236 950 solenni
1286 898 1520 950 ornatu.
1606 890 1704 949 25.
1748 889 2294 970 Appropinquantis
2340 910 2580 970 pompoe
2624 909 2714 948 ve-

523 998 821 1049 nustatem
851 987 1228 1068 speciemque
1255 987 1499 1047 miratus
1529 1006 1653 1060 rex,
1683 1006 1838 1065 equo
1883 986 2188 1060 desilienS,
2218 987 2380 1049 solus
2409 988 2713 1067 processit,

524 1087 887 1167 adoratoque
933 1085 1045 1144 Dei
1090 1085 1345 1159 nomine,
1381 1083 1545 1164 quod
1589 1103 1786 1144 aureae
1831 1084 2069 1147 laminae
2105 1085 2465 1165 insculptum
2507 1085 2712 1146 cidaris

520 1184 824 1266 pontificia
850 1181 1218 1262 praeferebat,
1233 1183 1426 1264 ipsum
1454 1202 1690 1264 quoque
1712 1194 2043 1244 reverenter
2073 1183 2374 1245 salutavit.
2461 1185 2569 1244 26.
2612 1183 2713 1242 Im-

522 1283 760 1363 provisa
807 1302 901 1341 res
948 1284 1207 1342 omnium
1235 1281 1337 1361 qui
1376 1301 1512 1343 curn
1562 1301 1633 1342 eo
1683 1280 2047 1342 advenerant
2079 1282 2306 1342 animos
2334 1281 2391 1340 in
2425 1291 2716 1361 stuporem

524 1379 710 1441 dedit.
791 1378 989 1439 Judaei
1011 1400 1085 1440 ex
1105 1380 1428 1461 propinqui
1455 1379 1616 1441 exitii
1646 1390 1806 1441 metu
1843 1400 1964 1457 non
2000 1380 2061 1440 in
2109 1399 2272 1460 spem
2301 1378 2718 1439 incolumitatis

523 1475 725 1549 modo,
753 1476 862 1537 sed
910 1477 1232 1556 inopinatae
1277 1478 1485 1557 gratioe
1529 1477 1808 1538 fiduciam
1848 1477 2028 1539 erecti
2071 1477 2458 1538 circumibant
2501 1495 2719 1556 regem,

520 1572 733 1635 laudes
762 1573 1333 1655 gratulationemque
1360 1584 1422 1636 et
1439 1584 1588 1636 vota
1618 1575 1957 1638 miscentes.
2041 1578 2141 1638 27.
2189 1577 2415 1635 Contra
2442 1575 2721 1654 Syrorum

522 1673 728 1754 reguli,
758 1675 858 1753 qui
886 1676 961 1734 ob
991 1676 1227 1736 crebras
1265 1676 1629 1757 acerbasque
1656 1695 1793 1735 cum
1820 1673 2053 1734 Judoeis
2099 1673 2430 1734 simultates
2459 1672 2722 1733 Alexan·

519 1771 694 1833 'drum
746 1771 935 1833 secuti
981 1773 1236 1846 fuerant,
1285 1772 1646 1835 inimicorum
1705 1773 2029 1855 suppliciis,
2071 1781 2142 1832 ut
2183 1774 2478 1844 rebantur,
2525 1771 2723 1832 infesti

523 1870 702 1931 animi
749 1869 1056 1931 libidinem
1099 1870 1410 1951 expleturi,
1455 1872 1815 1950 stupebant:
1868 1869 2025 1931 dubii
2071 1888 2285 1929 verane
2334 1878 2538 1928 essent
2587 1889 2721 1948 qnae

517 1968 908 2041 intuerentur,
940 1986 1016 2027 an
1046 1966 1287 2048 aliquod
1323 1966 1629 2029 oculorum
1674 1966 1988 2028 ludibrium
2017 1985 2171 2026 vana
2213 1965 2469 2045 imagine
2498 1967 2722 2047 sopitos

517 2087 736 2127 sensus
766 2065 1017 2126 falleret.
1062 2069 1164 2126 28.
1190 2067 1403 2146 Neque
1434 2066 1631 2126 minus
1657 2064 2026 2125 Macedonas
2055 2064 2373 2125 insolentia
2401 2065 2725 2144 spectaculi

519 2184 847 2245 suspensos
876 2163 1124 2224 habuit:
1169 2163 1360 2224 donec
1388 2163 1630 2245 propius
1659 2162 1950 2222 accedens
1980 2161 2331 2222 Parmenion
2361 2160 2725 2240 interrogare

523 2280 708 2323 ausus
749 2273 863 2336 est,
893 2268 911 2297 ‘
937 2260 1081 2342 quid
1122 2261 1208 2321 ita
1235 2261 1492 2321 externis
1533 2258 1882 2320 caerimoniis
1925 2258 2210 2319 honorem
2238 2257 2514 2332 deferret,
2530 2278 2725 2339 ,quem

522 2376 560 2419 a
588 2369 709 2419 tam
739 2360 904 2419 foeda
949 2370 1127 2440 gente
1180 2359 1358 2419 etiam
1409 2358 1672 2437 recipere
1720 2356 1813 2417 vix
1859 2365 2028 2417 tanto
2069 2375 2205 2434 rege
2245 2355 2727 2435 dignum‘esset!

513 2452 720 2539 Atque
748 2456 1229 2518 ille'insomnium
1250 2477 1421 2518 suum
1439 2455 1659 2518 retulit.
1723 2457 1823 2516 29.
1849 2452 2084 2516 Deinde
2102 2455 2302 2514 urbem
2323 2452 2636 2533 ingressus
2667 2454 2728 2516 in

511 2554 915 2636 pulcherrima
953 2556 1086 2618 aede
1133 2556 1245 2617 ritu
1295 2565 1532 2635 recepto
1575 2573 1809 2615 sacrum
1847 2552 1980 2613 Deo
2017 2552 2177 2623 fecit,
2207 2562 2268 2612 et
2314 2551 2474 2612 dona
2498 2554 2727 2634 templo

513 2653 743 2715 intulit.
826 2654 1092 2735 Inspexit
1120 2654 1296 2713 etiam
1335 2672 1537 2715 sacros
1567 2651 1760 2733 gentis
1801 2648 2063 2725 codices,
2091 2649 2305 2730 quibus
2334 2649 2729 2711 contineban-

509 2761 614 2810 tur
642 2750 746 2811 diu
774 2760 911 2812 ante
939 2750 1265 2830 perscripta
1300 2749 1620 2810 vaticinia:
1662 2749 1813 2810 inter
1855 2768 1991 2827 quae
2034 2748 2252 2835 Tyrum
2282 2745 2726 2809 Macedonibus

518 2854 865 2919 cessuram?
891 2856 951 2906 et
973 2847 1190 2906 Persas
1220 2865 1257 2906 a
1286 2846 1504 2907 Graeco
1531 2845 1790 2927 quodam
1812 2844 2174 2906 debellatum
2204 2844 2273 2904 iri
2300 2844 2458 2905 clare
2497 2846 2724 2925 signifi·-

519 2943 807 3005 cabatur.⁸
849 2945 947 3004 30.
978 2944 1130 3001 Eum
1155 2962 1219 3003 se
1237 2943 1362 3002 fore
1386 2944 1824 3024 interpretatus,
1846 2942 2077 3003 Judaeis
2099 2943 2414 3015 concessit,
2441 2950 2459 2978 ‘
2478 2959 2547 3004 ut
2561 2944 2725 3009 domi

516 3038 780 3117 forisque
827 3041 951 3097 suis
995 3037 1226 3117 legibus
1280 3039 1605 3119 ritibusque
1653 3039 1834 3100 libere
1862 3049 2213 3110 uterentur:
2256 3049 2317 3100 et
2363 3041 2505 3120 quia
2535 3044 2721 3123 septi-

517 3153 677 3193 mum
707 3153 1245 3213 quemqueannum
1275 3134 1651 3214 agriculturae
1702 3149 1994 3197 exsortem
2024 3148 2232 3217 agunt,
2261 3137 2440 3198 etiam
2468 3139 2723 3201 tributo-

518 3250 648 3291 rum
676 3230 793 3291 ista
819 3232 1089 3311 portione
1119 3233 1524 3295 solverentur!
1609 3237 1708 3297 31.
1741 3236 2026 3295 Naturam
2064 3253 2301 3314 quoque
2324 3236 2584 3314 regionis
2606 3238 2723 3297 ad-

518 3326 784 3402 miratus,
804 3348 961 3409 quae,
984 3330 1115 3389 aliis
1141 3330 1430 3391 fructibus
1459 3332 1612 3393 inter
1639 3332 2165 3413 praestantissimas
2193 3332 2382 3406 dives,
2403 3333 2721 3414 opobalsa-

517 3444 680 3485 mum
710 3423 838 3486 sola
863 3427 1156 3508 producit,
1172 3428 1654 3490 Andromachum
1680 3430 1751 3489 iis
1779 3428 2118 3508 regionibus
2137 3429 2496 3512 praeposuit:
2538 3451 2721 3511 quem

519 3523 897 3596 Samaritani,
924 3526 1188 3606 perpetui
1215 3526 1565 3587 Judaeorum
1592 3527 1816 3599 hostes,
1844 3527 2023 3606 paulo
2050 3538 2191 3608 post
2235 3528 2511 3588 atrociter
2538 3548 2720 3589 neca-

515 3624 766 3684 verunt.t
844 3622 965 3683 Sed
1020 3622 1152 3683 haec
1204 3623 1443 3702 quidem
1487 3635 1628 3704 post
1672 3623 1892 3704 Tyrum
1951 3623 2289 3703 Gasamque
2343 3635 2720 3705 expugnatas

516 3728 687 3799 gesta
715 3731 891 3783 sunt:
938 3741 1048 3783 nos
1078 3741 1181 3802 per
1208 3722 1582 3784 occasionem
1609 3720 2015 3802 praecepimus.

599 3815 740 3878 XII.
817 3821 869 3878 1.
914 3819 1192 3879 Ceterum
1242 3818 1531 3899 angustiis
1582 3817 1662 3879 ad
1711 3838 1872 3878 mare
1930 3817 2343 3899 Pamphylium
2403 3817 2721 3898 superatis,

518 3911 856 3972 Alexander
885 3914 1091 3993 Pergis
1134 3916 1435 3995 profectus
1464 3916 1525 3974 in
1553 3915 1760 3975 itinere
1792 3915 1996 3975 obvios
2040 3914 2248 3975 habuit
2276 3914 2718 3996 Aspendiorum

520 4008 801 4088 legatos?
829 4029 902 4069 ex
928 4011 1291 4092 principibus
1317 4013 1576 4076 civitatis
1605 4033 1621 4074 t
1665 4013 1705 4074 ii
1735 4022 2027 4093 petentes,
2052 4019 2068 4050 ‘
2092 4032 2168 4072 ne
2202 4012 2538 4093 praesidium
2565 4013 2717 4073 reci-

583 4185 605 4214 *
635 4179 827 4233 Iesaias
849 4195 924 4235 11.
942 4190 995 4236 5.
1716 4187 1735 4221 ί
1767 4187 1913 4237 Curt.
1936 4199 2018 4237 xv.
2042 4191 2090 4238 8.
2108 4193 2158 4240 9.

583 4261 601 4290 ·
636 4257 848 4312 Daniel.
867 4274 996 4312 vin.
1017 4265 1100 4312 21.
1718 4271 1743 4299 ⁸
1774 4262 1984 4336 Ari-ian».
2009 4277 2048 4316 1.
2068 4268 2151 4320 27.
