2978 4933
460 395 593 463 364

461 557 622 624 suit:
665 553 1020 642 septimum
1050 555 1283 621 locum
1310 555 1728 633 Theodotus,
1774 555 2081 620 ultimum
2112 553 2401 619 obtinuit
2428 552 2666 619 Hella-

461 661 677 726 nicus.
762 657 829 725 6.
872 659 958 723 In
1004 659 1368 744 disciplina
1422 678 1695 745 quoquc
1746 657 2055 723 militaris
2114 656 2210 722 rei
2261 657 2577 741 pleraque
2625 678 2667 722 a

462 760 826 847 majoribus
855 760 1109 828 tradita
1135 761 1385 826 utiliter
1412 760 1716 826 mutavit.
1805 760 1989 826 Nam
2017 779 2169 826 cum
2203 760 2666 843 ante-equites

461 865 534 930 in
562 882 752 929 suam
783 864 1066 950 quisque
1110 870 1372 949 gentem
1401 862 1933 928 describerentur
1981 882 2286 929 seorsum
2311 882 2355 927 a
2382 863 2667 944 ceteris3

462 972 733 1033 exemto
763 966 1110 1032 nationum
1140 966 1547 1044 discrimine,
1579 966 1940 1051 praefecti&
1969 985 2101 1031 non
2142 967 2372 1051 utique
2400 982 2667 1031 suarum

460 1070 782 1154 gentium,
807 1069 926 1136 sed
955 1069 1258 1150 delectis,
1300 1070 1629 1135 attribuit.
1712 1071 1779 1135 7.
1821 1069 2041 1148 Tuba,
2085 1088 2242 1134 cum
2273 1073 2501 1134 castra
2526 1087 2669 1133 mo-

459 1193 614 1240 vete
637 1174 874 1255 vellet,
904 1174 1168 1259 signum
1198 1172 1426 1252 dabat,
1466 1175 1665 1261 cujus
1717 1192 1927 1239 sonus
1966 1165 2378 1258 plerum'que,
2419 1172 2666 1237 tumul-

462 1276 792 1345 tuantium
828 1276 1091 1345 fremitu
1120 1278 1488 1358 exoriente,
1515 1279 1695 1343 haud
1726 1278 1892 1344 satis
1929 1275 2462 1342 exaudiebatur:
2511 1295 2668 1358 ergo

460 1380 813 1465 perticam,
841 1401 996 1468 quae
1024 1381 1314 1466 undique
1359 1381 1665 1466 conspici
1716 1384 1971 1465 posset,
2021 1397 2234 1464 supra
2275 1378 2667 1462 praetorium

464 1485 725 1564 statuit,
753 1503 845 1550 ex
895 1504 1032 1570 qua
1074 1485 1338 1569 signum
1379 1485 1713 1551 eminebat
1762 1484 2012 1570 pariter
2054 1481 2367 1549 omnibus
2399 1481 2670 1566 conspi-

462 1603 684 1665 cuum,
711 1586 1260 1674 [observabatur]
1288 1587 1463 1671 ignis
1484 1594 1722 1666 noctu,
1744 1589 1966 1653 fumus
1987 1584 2303 1652 interdiu.
2390 1582 2456 1649 8.
2481 1583 2529 1650 J
2532 1604 2671 1649 am-

463 1705 599 1770 que
628 1686 849 1755 Susa⁸
892 1690 1156 1756 adituro
1201 1688 1543 1771 Abulites,
1588 1691 1878 1774 regionis
1922 1689 2067 1776 ejus
2098 1688 2482 1773 praefectuS,
2527 1687 2671 1752 sive

465 1790 661 1858 Darii
680 1792 902 1880 jussu,
948 1799 1023 1861 ut
1048 1794 1517 1862 Alexandrum
1564 1795 1800 1881 proeda
1845 1795 2173 1872 retineret,
2221 1792 2365 1858 sive
2405 1795 2671 1876 sponte,

462 1894 673 1963 filium
718 1898 990 1966 obviam
1040 1899 1249 1980 misit,
1303 1905 1325 1936 ‘
1344 1899 1739 1967 traditurum
1798 1918 1877 1966 se
1929 1899 2162 1964 urbem
2181 1895 2200 1923 ’
2256 1887 2669 1982 promittensss

940 409 1010 471 Q.
1054 405 1325 458 cun‘ru
1374 406 1559 456 num
1610 387 1877 457 mn.‘v.
1921 406 2085 456 cAP.
2127 388 2193 456 2.

1382 2063 1749 2088 OOOOOOOOOOOO

464 2157 550 2193 res
573 2143 776 2211 signum
793 2145 1029 2197 defectus
1051 2146 1393 2199 collocarunt.
1454 2149 1595 2200 Vide
1619 2149 1685 2201 ad
1710 2151 1906 2228 §tn—6
1935 2147 2164 2198 Florent.
2187 2143 2513 2195 Leid.Voss.
2537 2146 2586 2193 2.
2617 2134 2672 2190 et

463 2208 636 2273 3⁰⁰8·
672 2225 704 2259 Β
736 2212 991 2273 maioribus
1021 2215 1262 2279 pleraque.
1329 2216 1437 2265 Pro
1458 2216 1642 2266 tradita
1662 2216 1852 2266 utiliter
1872 2213 2020 2265 Mod.
2043 2210 2211 2275 Lugd.
2245 2210 2401 2261 Frob.
2422 2216 2478 2260 et
2501 2208 2672 2259 Amst.

462 2279 621 2325 sumtu
639 2276 860 2336 militem
912 2280 1146 2330 Florent.
1172 2280 1319 2330 Leid.
1340 2282 1493 2331 Voss.
1517 2286 1563 2332 l.
1585 2286 1636 2333 2.
1657 2283 1798 2332 Dan.
1821 2280 1937 2330 Pal.
1959 2283 2005 2330 l.
2023 2279 2204 2329 Coton.
2219 2275 2397 2340 Sigeb.
2418 2275 2531 2326 Col.
2549 2275 2671 2324 Bas.

462 2337 589 2388 Ald.
608 2347 665 2389 et
687 2340 825 2391 Mer.
845 2358 1029 2393 summa
1048 2344 1297 2405 utv‘litate3
1343 2346 1434 2394 sed
1461 2344 1585 2396 Aldi
1611 2346 1764 2397 codd.
1787 2344 2017 2395 nonnulli
2040 2343 2235 2392 babent
2254 2340 2457 2390 tradita.
2500 2340 2670 2403 Bong.

461 2406 513 2453 2.
533 2403 764 2456 Florent.
785 2408 931 2457 Leid.
962 2417 1018 2459 et
1041 2410 1193 2459 Voss.
1217 2416 1263 2460 l.
1285 2411 1672 2462 discriberentur.
1737 2412 1968 2462 Florent.
1992 2408 2143 2459 Leid.
2163 2408 2316 2456 Voss.
2345 2410 2392 2455 1.
2420 2410 2471 2455 2.
2509 2405 2671 2468 Bong.

462 2477 521 2519 et
539 2469 676 2520 Mer.
697 2487 883 2523 seorsus
901 2489 934 2523 α
954 2476 1146 2526 ceteris.
1207 2476 1317 2526 Pro
1336 2483 1521 2528 exemto
1544 2477 1683 2528 Pith.
1704 2478 1916 2541 exemplo
1930 2491 1952 2535 ,-
1984 2476 2138 2526 Voss.
2159 2478 2209 2524 2.
2225 2483 2280 2523 et
2307 2472 2443 2522 Mer.
2462 2476 2675 2535 excepto.
2704 2510 2719 2521 2

462 2535 573 2585 Pro
591 2537 853 2601 prefectis,
870 2540 1011 2602 quod
1034 2550 1242 2592 servant
1256 2557 1438 2594 ornnes
1453 2542 1610 2593 codd.
1626 2542 1881 2608 proesectos
1897 2540 2088 2591 babent
2104 2542 2278 2603 vulgg.
2297 2545 2421 2587 ante
2438 2536 2670 2586 Freinsh.

462 2599 579 2649 Pal.
606 2606 651 2651 l.
674 2617 766 2652 non
789 2605 995 2670 utrique.
1064 2606 1197 2656 Edd.
1230 2614 1351 2657 ante
1387 2608 1664 2659 Modiumz
1693 2609 1901 2667 eloe-tos,-
1951 2615 2142 2656 ceteroe
2164 2607 2370 2655 delectos
2404 2616 2568 2667 usque
2608 2600 2670 2650 ad

464 2665 699 2717 Freinsh.
721 2670 808 2733 qui
833 2685 897 2720 ex
920 2670 1077 2722 codd.
1099 2672 1246 2722 dedit
1261 2674 1455 2724 delectis
1469 2691 1492 2734 ,-
1540 2675 1653 2724 Pal.
1672 2679 1719 2723 l.
1742 2673 1896 2722 Voss.
1910 2676 1962 2722 2.
1984 2675 2041 2721 et
2062 2671 2199 2721 Mer.
2218 2668 2493 2719 decue—7
2533 2665 2673 2716 Tube

462 2730 600 2780 Dan.
660 2733 819 2783 Tur-Im
837 2736 990 2786 Voss.
1010 2741 1060 2787 2.
1079 2738 1169 2788 sed
1192 2738 1407 2789 inducto
1428 2756 1472 2789 r.
1525 2738 1694 2790 Amst.
1702 2738 1913 2798 fremitu
1931 2737 2115 2786 oriente
2130 2751 2152 2795 ,-
2202 2735 2376 2795 Col-f.
2397 2748 2462 2782 ex
2478 2732 2673 2782 oriente.

463 2795 610 2846 Pith·
647 2799 846 2850 omittit
881 2802 1088 2865 pariter.
1155 2804 1172 2832 ‘
1191 2804 1418 2854 Verbum
1442 2804 1782 2854 observabatur
1803 2803 1948 2853 uncis
1969 2800 2191 2863 inclusi;
2224 2798 2375 2848 abest
2408 2814 2439 2848 a
2475 2797 2672 2847 dnobus

463 2861 616 2938 codd.
646 2861 905 2925 [Florent.
922 2875 973 2916 et
994 2867 1169 2933 [aeid]
1205 2868 1365 2934 idque
1387 2870 1591 2920 merito.
1656 2869 1972 2920 Heumanno
2004 2866 2218 2916 verbum
2258 2864 2404 2929 prins
2441 2861 2672 2914 eminebat

463 2926 778 2979 elimandum
803 2930 1118 2982 videbatur.’
1153 2933 1447 2986 Schmieder.
1515 2935 1661 2985 Voss.
1683 2938 1732 2986 1.
1755 2938 1807 2984 2.
1844 2933 1986 2983 Dan.
2020 2938 2076 2983 et
2113 2932 2281 2994 Bong.
2317 2931 2671 2979 observatur.—

463 2993 498 3038 8
533 2990 762 3045 Florent.
785 3000 839 3044 et
872 2997 1023 3049 Voss.
1046 3003 1093 3047 l.
1118 2997 1243 3049 Susa
1263 3005 1349 3060 εἰς
1413 2998 1563 3052 Leid.
1588 3000 1740 3050 Susa
1760 3004 1842 3059 et,·
1905 2999 2060 3048 vose.
2081 3000 2132 3047 2.
2161 2997 2272 3047 Pal.
2297 2999 2344 3044 1.
2377 2994 2504 3044 Ald.
2541 2993 2669 3042 Mer.

463 3053 589 3104 Bas·
610 3058 723 3108 Col·
749 3067 807 3109 et
838 3061 994 3111 Frob.
1015 3062 1189 3112 Susam
1204 3078 1224 3122 ,·
1277 3064 1447 3128 Bong.
1468 3065 1641 3115 Susam
1660 3069 1727 3116 ee.
1778 3063 1921 3114 Pith.
1947 3062 2213 3112 Abulithes.
2264 3061 2381 3110 Pal.
2400 3066 2447 3109 l.
2479 3057 2671 3110 omittit

458 3123 645 3183 preda.
699 3124 947 3207 ›Florenn
972 3126 1120 3179 Leid.
1142 3129 1296 3182 Voss.
1320 3133 1369 3182 1.
1387 3131 1537 3182 Mod.
1559 3130 1732 3181 Amst.
1753 3136 1809 3180 et
1832 3127 2000 3195 Lugd.
2019 3131 2118 3179 sive
2132 3141 2222 3178 sua
2239 3129 2527 3190 :ponta—9
2557 3124 2670 3175 Flo·

1448 3276 1666 3331 NOTAE

401 3391 416 3398 ‘
465 3386 716 3452 appellat,
750 3387 1011 3440 diversum
1046 3396 1322 3458 utrumque
1346 3392 1525 3444 abillo

465 3464 812 3517 Andromenis
834 3465 943 3518 filio
964 3483 981 3518 ι
1011 3468 1142 3518 alius
1176 3468 1305 3520 item
1328 3468 1526 3534 Amyn·

464 3546 547 3592 tas
588 3541 831 3593 Arrabaei
865 3544 1002 3608 apud
1032 3543 1314 3597 Arrianum
1346 3547 1437 3598 lib.
1481 3561 1526 3599 ι.

464 3617 616 3669 Alius
641 3620 932 3685 Perdiccae,
954 3621 1021 3673 de
1055 3637 1160 3688 quo
1186 3625 1396 3676 Curtius
1428 3624 1523 3676 lib.

464 3707 544 3744 vr.
567 3709 682 3760 esp.
701 3700 751 3746 9.
773 3712 841 3748 ne
863 3699 989 3766 quid
1011 3700 1181 3752 dicam
1203 3700 1272 3751 de
1292 3699 1524 3766 Amynta

466 3767 736 3835 Antiochi,
757 3774 847 3824 illo
869 3791 1020 3841 quem
1044 3776 1365 3844 transfugam
1388 3778 1525 3829 vidi-

464 3861 579 3898 mus
601 3848 691 3899 lib.
716 3863 796 3901 ιν.
818 3866 938 3915 cap.
963 3858 1011 3904 1.
1064 3854 1334 3919 Lyncistes
1358 3855 1525 3919 genti-

464 3925 518 3976 le
540 3940 743 3988 nomen,
764 3927 828 3978 de
851 3944 951 3993 qno
973 3929 1066 3982 lib.
1085 3944 1167 3982 iv.
1191 3945 1310 3997 cap.
1332 3937 1414 3986 13.

530 4010 558 4046 8
589 4002 739 4077 Susa]
772 4005 930 4057 Urbis
972 4022 1161 4058 nomen
1205 4010 1395 4074 plurali
1438 4025 1530 4060 nu·

464 4093 625 4142 mero,
661 4081 799 4145 quod
838 4083 1054 4135 Persica
1091 4085 1269 4150 lingua
1302 4087 1528 4137 ‘lilium'

467 4154 759 4219 significare
781 4156 987 4210 dicitur.
1047 4159 1279 4210 Susianae
1305 4161 1528 4224 regionis

467 4238 632 4294 caput
651 4232 849 4297 extitit,
873 4249 1027 4299 quam
1046 4235 1214 4300 Tigris
1249 4253 1279 4286 a
1301 4238 1539 4302 Babylo-⁷

463 4308 556 4357 nia
592 4307 952 4381 distel-minan
1007 4326 1041 4363 a
1075 4312 1300 4365 Meridie
1347 4315 1527 4366 Persi·-

1606 3406 1726 3443 cum
1749 3390 1934 3452 sinum,
1952 3389 2018 3441 ab
2041 3390 2182 3441 Ortn
2195 3385 2437 3438 Persium
2460 3383 2669 3451 proprie

1605 3470 1821 3533 dictum,
1861 3484 1893 3519 a
1923 3466 2314 3533 septemtrione
2348 3463 2584 3513 Mediam
2615 3468 2670 3512 et

1606 3545 1873 3612 Assyriam
1895 3545 2130 3612 attingit.
2191 3543 2327 3593 Susa
2349 3541 2415 3591 ad
2436 3541 2670 3590 Eulaenm

1604 3623 1715 3674 sive
1739 3624 2029 3686 Choaspem
2061 3635 2265 3671 amnem
2297 3620 2402 3670 sita
2436 3619 2672 3668 Memno*-

1603 3701 1685 3752 nis
1710 3707 1862 3766 pater
1882 3700 2134 3750 Tithonus
2164 3695 2468 3755 condidisse
2502 3694 2672 3761 perhi-

1602 3778 1778 3842 betur,
1801 3783 1941 3828 teste
1959 3775 2224 3827 Strabone
2246 3774 2337 3824 lib.
2350 3786 2472 3822 xvi.
2522 3771 2671 3822 Idem

1605 3856 2006 3906 urbisambitum
2018 3851 2668 3903 facitstadiorumcentum

1609 3934 1816 3997 viginti,
1855 3932 1957 3982 boc
2000 3938 2102 3991 est,
2146 3927 2442 3994 quindecim
2486 3926 2668 3976 millia-

1608 4011 1759 4062 rium.
1823 4012 1952 4061 Eam
1993 4010 2164 4073 Cyrus
2203 4005 2350 4070 regni
2388 4003 2468 4055 sui
2512 4007 2668 4068 caput

1611 4087 1762 4137 initio
1796 4077 2039 4145 fecerat;
2071 4083 2292 4134 eandem
2326 4079 2666 4141 Artaxerxes,

1607 4164 1835 4231 quisquis
1878 4161 2002 4223 fuit,
2026 4180 2027 4183 ¹
2055 4158 2290 4210 Estberis
2328 4158 2545 4208 maritus
2586 4170 2663 4205 re·

1609 4241 1744 4305 giam
1781 4237 1976 4289 hebuit.
2043 4234 2221 4285 Hodie
2260 4235 2381 4286 urbs
2415 4234 2530 4299 ipsa
2551 4232 2662 4283 Sus·

1607 4323 1704 4376 tra,
1730 4316 1870 4382 regio
1895 4314 2172 4369 Chusistan.
2648 4328 2651 4331 ·
