<?xml version="1.0" encoding="UTF-8"?>
<!DOCTYPE html PUBLIC "-//W3C//DTD XHTML 1.0 Transitional//EN"
    "http://www.w3.org/TR/xhtml1/DTD/xhtml1-transitional.dtd">
<html xmlns="http://www.w3.org/1999/xhtml" xml:lang="en" lang="en">
 <head>
  <title>
</title>
<meta http-equiv="Content-Type" content="text/html;charset=utf-8" />
  <meta name='ocr-system' content='tesseract 3.04.00' />
  <meta name='ocr-capabilities' content='ocr_page ocr_carea ocr_par ocr_line ocrx_word'/>
</head>
<body>
  <div class='ocr_page' id='page_1' title='image "./quinticurtiiruf03rufugoog_0029.png"; bbox 0 0 2978 4933; ppageno 0'>
   <div class='ocr_carea' id='block_1_1' title="bbox 1146 427 2468 487">
    <p class='ocr_par' dir='ltr' id='par_1_1' title="bbox 1146 427 2468 487">
     <span class='ocr_line' id='line_1_1' title="bbox 1146 427 2468 487; baseline 0.002 -3"><span class='ocrx_word' id='word_1_1' title='bbox 1146 434 1594 486; x_wconf 75' lang='lat' dir='ltr'><strong>PROOEMHJM.</strong></span> <span class='ocrx_word' id='word_1_2' title='bbox 2422 427 2468 487; x_wconf 79' lang='grc'><strong>5</strong></span> 
     </span>
    </p>
   </div>
   <div class='ocr_carea' id='block_1_2' title="bbox 278 577 2570 1491">
    <p class='ocr_par' dir='ltr' id='par_1_2' title="bbox 278 577 2570 1491">
     <span class='ocr_line' id='line_1_2' title="bbox 278 577 2523 663; baseline 0.002 -18"><span class='ocrx_word' id='word_1_3' title='bbox 278 582 428 658; x_wconf 87' lang='lat' dir='ltr'><strong>bus,</strong></span> <span class='ocrx_word' id='word_1_4' title='bbox 456 579 592 643; x_wconf 90' lang='lat' dir='ltr'><strong>boc</strong></span> <span class='ocrx_word' id='word_1_5' title='bbox 626 577 837 645; x_wconf 84' lang='lat' dir='ltr'><strong>nostri</strong></span> <span class='ocrx_word' id='word_1_6' title='bbox 889 579 1181 645; x_wconf 86' lang='lat' dir='ltr'><strong>auctoris</strong></span> <span class='ocrx_word' id='word_1_7' title='bbox 1228 579 1497 645; x_wconf 90' lang='lat' dir='ltr'><strong>nomine</strong></span> <span class='ocrx_word' id='word_1_8' title='bbox 1543 586 2100 646; x_wconf 88' lang='lat' dir='ltr'><strong>commemoratus</strong></span> <span class='ocrx_word' id='word_1_9' title='bbox 2149 584 2465 663; x_wconf 87' lang='lat' dir='ltr'><strong>occurrit,</strong></span> <span class='ocrx_word' id='word_1_10' title='bbox 2520 622 2523 626; x_wconf 27' lang='grc' dir='ltr'>ι</span> 
     </span>
     <span class='ocr_line' id='line_1_3' title="bbox 278 681 2467 770; baseline -0 -21"><span class='ocrx_word' id='word_1_11' title='bbox 278 702 432 750; x_wconf 87' lang='lat' dir='ltr'><strong>cum</strong></span> <span class='ocrx_word' id='word_1_12' title='bbox 460 681 679 766; x_wconf 80' lang='lat' dir='ltr'><strong>stylus</strong></span> <span class='ocrx_word' id='word_1_13' title='bbox 723 682 1075 748; x_wconf 84' lang='lat' dir='ltr'><strong>manifeste</strong></span> <span class='ocrx_word' id='word_1_14' title='bbox 1121 682 1366 768; x_wconf 86' lang='lat' dir='ltr'><strong>prodat</strong></span> <span class='ocrx_word' id='word_1_15' title='bbox 1416 681 1807 763; x_wconf 80' lang='lat' dir='ltr'><strong>Rhetorem,</strong></span> <span class='ocrx_word' id='word_1_16' title='bbox 1846 695 2089 750; x_wconf 83' lang='lat' dir='ltr'><strong>n‘omen</strong></span> <span class='ocrx_word' id='word_1_17' title='bbox 2135 705 2331 770; x_wconf 90' lang='lat' dir='ltr'><strong>porro</strong></span> <span class='ocrx_word' id='word_1_18' title='bbox 2376 685 2467 765; x_wconf 86' lang='lat' dir='ltr'><strong>Q.</strong></span> 
     </span>
     <span class='ocr_line' id='line_1_4' title="bbox 280 778 2470 871; baseline 0.001 -20"><span class='ocrx_word' id='word_1_19' title='bbox 280 785 498 851; x_wconf 90' lang='lat' dir='ltr'><strong>Curtii</strong></span> <span class='ocrx_word' id='word_1_20' title='bbox 529 778 691 851; x_wconf 82' lang='lat' dir='ltr'><strong>Rufi</strong></span> <span class='ocrx_word' id='word_1_21' title='bbox 730 792 1087 869; x_wconf 89' lang='lat' dir='ltr'><strong>utrumque</strong></span> <span class='ocrx_word' id='word_1_22' title='bbox 1111 787 1485 866; x_wconf 86' lang='lat' dir='ltr'><strong>conveniat,</strong></span> <span class='ocrx_word' id='word_1_23' title='bbox 1516 787 1804 871; x_wconf 90' lang='lat' dir='ltr'><strong>denique</strong></span> <span class='ocrx_word' id='word_1_24' title='bbox 1834 793 1899 852; x_wconf 92' lang='lat' dir='ltr'><strong>et</strong></span> <span class='ocrx_word' id='word_1_25' title='bbox 1926 798 2119 854; x_wconf 77' lang='lat' dir='ltr'><strong>aetaS.</strong></span> <span class='ocrx_word' id='word_1_26' title='bbox 2206 789 2470 854; x_wconf 83' lang='lat' dir='ltr'><strong>Etenim</strong></span> 
     </span>
     <span class='ocr_line' id='line_1_5' title="bbox 280 890 2468 977; baseline 0 -17"><span class='ocrx_word' id='word_1_27' title='bbox 280 890 535 960; x_wconf 85' lang='lat' dir='ltr'><strong>Rhetor</strong></span> <span class='ocrx_word' id='word_1_28' title='bbox 562 890 676 956; x_wconf 90' lang='lat' dir='ltr'><strong>ille</strong></span> <span class='ocrx_word' id='word_1_29' title='bbox 703 891 1077 957; x_wconf 90' lang='lat' dir='ltr'><strong>nominatur</strong></span> <span class='ocrx_word' id='word_1_30' title='bbox 1121 894 1425 977; x_wconf 83' lang='lat' dir='ltr'><strong>proxime</strong></span> <span class='ocrx_word' id='word_1_31' title='bbox 1469 899 1628 977; x_wconf 87' lang='lat' dir='ltr'><strong>post</strong></span> <span class='ocrx_word' id='word_1_32' title='bbox 1669 911 1809 970; x_wconf 78' lang='lat' dir='ltr'><strong>eoS‚</strong></span> <span class='ocrx_word' id='word_1_33' title='bbox 1840 893 1957 976; x_wconf 92' lang='lat' dir='ltr'><strong>qui</strong></span> <span class='ocrx_word' id='word_1_34' title='bbox 1996 893 2123 957; x_wconf 92' lang='lat' dir='ltr'><strong>sub</strong></span> <span class='ocrx_word' id='word_1_35' title='bbox 2152 892 2468 977; x_wconf 81' lang='lat' dir='ltr'><strong>Augusto</strong></span> 
     </span>
     <span class='ocr_line' id='line_1_6' title="bbox 279 993 2570 1080; baseline 0.001 -22"><span class='ocrx_word' id='word_1_36' title='bbox 279 993 660 1068; x_wconf 88' lang='lat' dir='ltr'><strong>floruerunt,</strong></span> <span class='ocrx_word' id='word_1_37' title='bbox 692 1001 761 1059; x_wconf 90' lang='lat' dir='ltr'><strong>et</strong></span> <span class='ocrx_word' id='word_1_38' title='bbox 786 995 977 1079; x_wconf 88' lang='lat' dir='ltr'><strong>longe</strong></span> <span class='ocrx_word' id='word_1_39' title='bbox 1004 999 1158 1061; x_wconf 86' lang='lat' dir='ltr'><strong>ante</strong></span> <span class='ocrx_word' id='word_1_40' title='bbox 1188 995 1699 1075; x_wconf 83' lang='lat' dir='ltr'><strong>Quintilianum,</strong></span> <span class='ocrx_word' id='word_1_41' title='bbox 1728 1004 1803 1061; x_wconf 91' lang='lat' dir='ltr'><strong>ut</strong></span> <span class='ocrx_word' id='word_1_42' title='bbox 1845 996 2016 1061; x_wconf 90' lang='lat' dir='ltr'><strong>adeo</strong></span> <span class='ocrx_word' id='word_1_43' title='bbox 2048 993 2133 1061; x_wconf 89' lang='lat' dir='ltr'><strong>ad</strong></span> <span class='ocrx_word' id='word_1_44' title='bbox 2174 1005 2472 1080; x_wconf 90' lang='lat' dir='ltr'><strong>tempora</strong></span> <span class='ocrx_word' id='word_1_45' title='bbox 2567 1042 2570 1045; x_wconf 93' lang='lat'>-</span> 
     </span>
     <span class='ocr_line' id='line_1_7' title="bbox 279 1090 2474 1183; baseline 0 -20"><span class='ocrx_word' id='word_1_46' title='bbox 279 1097 537 1163; x_wconf 83' lang='lat' dir='ltr'><strong>Tiberii</strong></span> <span class='ocrx_word' id='word_1_47' title='bbox 593 1098 886 1173; x_wconf 86' lang='lat' dir='ltr'><strong>omnino·</strong></span> <span class='ocrx_word' id='word_1_48' title='bbox 920 1097 1225 1164; x_wconf 82' lang='lat' dir='ltr'><strong>videatur</strong></span> <span class='ocrx_word' id='word_1_49' title='bbox 1281 1098 1678 1164; x_wconf 76' lang='lat' dir='ltr'><strong>referendus,</strong></span> <span class='ocrx_word' id='word_1_50' title='bbox 1777 1090 1910 1163; x_wconf 79' lang='lat' dir='ltr'><strong>&#39;Ad</strong></span> <span class='ocrx_word' id='word_1_51' title='bbox 1961 1119 2117 1182; x_wconf 82' lang='lat' dir='ltr'><strong>quae</strong></span> <span class='ocrx_word' id='word_1_52' title='bbox 2169 1105 2474 1183; x_wconf 86' lang='lat' dir='ltr'><strong>tempora</strong></span> 
     </span>
     <span class='ocr_line' id='line_1_8' title="bbox 281 1194 2474 1291; baseline 0 -26"><span class='ocrx_word' id='word_1_53' title='bbox 281 1194 498 1265; x_wconf 37' lang='lat' dir='ltr'><strong>etiam*</strong></span> <span class='ocrx_word' id='word_1_54' title='bbox 519 1199 695 1266; x_wconf 84' lang='lat' dir='ltr'><strong>hunc</strong></span> <span class='ocrx_word' id='word_1_55' title='bbox 720 1201 1114 1286; x_wconf 80' lang='lat' dir='ltr'><strong>scriptorem</strong></span> <span class='ocrx_word' id='word_1_56' title='bbox 1141 1201 1508 1280; x_wconf 81' lang='lat' dir='ltr'><strong>retulerim,</strong></span> <span class='ocrx_word' id='word_1_57' title='bbox 1535 1220 1689 1266; x_wconf 88' lang='lat' dir='ltr'><strong>cum</strong></span> <span class='ocrx_word' id='word_1_58' title='bbox 1718 1209 1998 1291; x_wconf 87' lang='lat' dir='ltr'><strong>propter</strong></span> <span class='ocrx_word' id='word_1_59' title='bbox 2026 1203 2295 1287; x_wconf 84' lang='lat' dir='ltr'><strong>stylum,</strong></span> <span class='ocrx_word' id='word_1_60' title='bbox 2320 1202 2474 1266; x_wconf 87' lang='lat' dir='ltr'><strong>istis</strong></span> 
     </span>
     <span class='ocr_line' id='line_1_9' title="bbox 281 1304 2476 1390; baseline 0.001 -23"><span class='ocrx_word' id='word_1_61' title='bbox 281 1304 694 1388; x_wconf 79' lang='lat' dir='ltr'><strong>temporibus</strong></span> <span class='ocrx_word' id='word_1_62' title='bbox 722 1311 1207 1389; x_wconf 84' lang='lat' dir='ltr'><strong>congruentem,</strong></span> <span class='ocrx_word' id='word_1_63' title='bbox 1255 1307 1393 1371; x_wconf 91' lang='lat' dir='ltr'><strong>tum</strong></span> <span class='ocrx_word' id='word_1_64' title='bbox 1438 1305 1736 1370; x_wconf 80' lang='lat' dir='ltr'><strong>maxime</strong></span> <span class='ocrx_word' id='word_1_65' title='bbox 1782 1312 2055 1390; x_wconf 88' lang='lat' dir='ltr'><strong>propter</strong></span> <span class='ocrx_word' id='word_1_66' title='bbox 2096 1305 2219 1372; x_wconf 88' lang='lat' dir='ltr'><strong>illa</strong></span> <span class='ocrx_word' id='word_1_67' title='bbox 2265 1305 2476 1372; x_wconf 84' lang='lat' dir='ltr'><strong>verba</strong></span> 
     </span>
     <span class='ocr_line' id='line_1_10' title="bbox 285 1405 2474 1491; baseline 0.002 -23"><span class='ocrx_word' id='word_1_68' title='bbox 285 1421 372 1471; x_wconf 83' lang='lat' dir='ltr'><strong>x.</strong></span> <span class='ocrx_word' id='word_1_69' title='bbox 400 1406 464 1470; x_wconf 87' lang='lat'><strong>9.</strong></span> <span class='ocrx_word' id='word_1_70' title='bbox 493 1405 557 1471; x_wconf 88' lang='lat'><strong>3.</strong></span> <span class='ocrx_word' id='word_1_71' title='bbox 596 1405 749 1490; x_wconf 90' lang='lat' dir='ltr'><strong>(ubi</strong></span> <span class='ocrx_word' id='word_1_72' title='bbox 791 1406 1130 1472; x_wconf 84' lang='lat' dir='ltr'><strong>Perizonii</strong></span> <span class='ocrx_word' id='word_1_73' title='bbox 1176 1407 1783 1491; x_wconf 85' lang='lat' dir='ltr'><strong>interpretationem</strong></span> <span class='ocrx_word' id='word_1_74' title='bbox 1830 1407 2328 1475; x_wconf 86' lang='lat' dir='ltr'><strong>Commentario</strong></span> <span class='ocrx_word' id='word_1_75' title='bbox 2374 1408 2474 1473; x_wconf 91' lang='lat' dir='ltr'><strong>in-</strong></span> 
     </span>
    </p>
   </div>
   <div class='ocr_carea' id='block_1_3' title="bbox 162 1496 2480 1593">
    <p class='ocr_par' dir='ltr' id='par_1_3' title="bbox 162 1496 2480 1593">
     <span class='ocr_line' id='line_1_11' title="bbox 162 1496 2480 1593; baseline 0 -20"><span class='ocrx_word' id='word_1_76' title='bbox 162 1514 167 1518; x_wconf 75' lang='grc'>’</span> <span class='ocrx_word' id='word_1_77' title='bbox 284 1511 509 1590; x_wconf 83' lang='lat' dir='ltr'><strong>semi.)</strong></span> <span class='ocrx_word' id='word_1_78' title='bbox 595 1507 851 1575; x_wconf 83' lang='lat' dir='ltr'><strong>Rhetor</strong></span> <span class='ocrx_word' id='word_1_79' title='bbox 878 1529 1034 1593; x_wconf 86' lang='lat' dir='ltr'><strong>ergo</strong></span> <span class='ocrx_word' id='word_1_80' title='bbox 1061 1510 1188 1575; x_wconf 89' lang='lat' dir='ltr'><strong>iste</strong></span> <span class='ocrx_word' id='word_1_81' title='bbox 1216 1496 1525 1576; x_wconf 76' lang='lat' dir='ltr'><strong>Suetonii</strong></span> <span class='ocrx_word' id='word_1_82' title='bbox 1553 1510 1683 1576; x_wconf 89' lang='lat' dir='ltr'><strong>fuit</strong></span> <span class='ocrx_word' id='word_1_83' title='bbox 1717 1510 1895 1577; x_wconf 84' lang='lat' dir='ltr'><strong>haud</strong></span> <span class='ocrx_word' id='word_1_84' title='bbox 1935 1511 2141 1577; x_wconf 90' lang='lat' dir='ltr'><strong>dubie</strong></span> <span class='ocrx_word' id='word_1_85' title='bbox 2173 1511 2284 1577; x_wconf 90' lang='lat' dir='ltr'><strong>hic</strong></span> <span class='ocrx_word' id='word_1_86' title='bbox 2315 1510 2480 1576; x_wconf 90' lang='lat' dir='ltr'><strong>Cur-</strong></span> 
     </span>
    </p>
   </div>
   <div class='ocr_carea' id='block_1_4' title="bbox 220 1602 2580 4369">
    <p class='ocr_par' dir='ltr' id='par_1_4' title="bbox 220 1602 2580 4369">
     <span class='ocr_line' id='line_1_12' title="bbox 284 1602 2477 1700; baseline 0.003 -26"><span class='ocrx_word' id='word_1_87' title='bbox 284 1612 465 1693; x_wconf 69' lang='lat' dir='ltr'><strong>tius-3</strong></span> <span class='ocrx_word' id='word_1_88' title='bbox 536 1611 759 1677; x_wconf 88' lang='lat' dir='ltr'><strong>forsan</strong></span> <span class='ocrx_word' id='word_1_89' title='bbox 817 1618 884 1679; x_wconf 90' lang='lat' dir='ltr'><strong>et</strong></span> <span class='ocrx_word' id='word_1_90' title='bbox 933 1613 1323 1680; x_wconf 87' lang='lat' dir='ltr'><strong>Consularis</strong></span> <span class='ocrx_word' id='word_1_91' title='bbox 1379 1615 1494 1680; x_wconf 89' lang='lat' dir='ltr'><strong>ille</strong></span> <span class='ocrx_word' id='word_1_92' title='bbox 1546 1634 1630 1680; x_wconf 90' lang='lat' dir='ltr'><strong>ac</strong></span> <span class='ocrx_word' id='word_1_93' title='bbox 1680 1602 2143 1700; x_wconf 76' lang='lat' dir='ltr'><strong>Triumphalis</strong></span> <span class='ocrx_word' id='word_1_94' title='bbox 2193 1617 2296 1682; x_wconf 86' lang='lat' dir='ltr'><strong>vir</strong></span> <span class='ocrx_word' id='word_1_95' title='bbox 2345 1617 2477 1681; x_wconf 88' lang='lat' dir='ltr'><strong>sub</strong></span> 
     </span>
     <span class='ocr_line' id='line_1_13' title="bbox 283 1713 2477 1799; baseline 0.003 -22"><span class='ocrx_word' id='word_1_96' title='bbox 283 1713 565 1780; x_wconf 90' lang='lat' dir='ltr'><strong>Tiberio</strong></span> <span class='ocrx_word' id='word_1_97' title='bbox 595 1734 795 1799; x_wconf 90' lang='lat' dir='ltr'><strong>quem</strong></span> <span class='ocrx_word' id='word_1_98' title='bbox 839 1726 1162 1783; x_wconf 86' lang='lat' dir='ltr'><strong>memorat</strong></span> <span class='ocrx_word' id='word_1_99' title='bbox 1210 1717 1402 1783; x_wconf 91' lang='lat' dir='ltr'><strong>nobis</strong></span> <span class='ocrx_word' id='word_1_100' title='bbox 1449 1717 1729 1784; x_wconf 86' lang='lat' dir='ltr'><strong>Tacitus</strong></span> <span class='ocrx_word' id='word_1_101' title='bbox 1774 1717 1948 1783; x_wconf 88' lang='lat' dir='ltr'><strong>Ann.</strong></span> <span class='ocrx_word' id='word_1_102' title='bbox 1999 1735 2112 1784; x_wconf 79' lang='lat' dir='ltr'><strong>xl.</strong></span> <span class='ocrx_word' id='word_1_103' title='bbox 2157 1718 2265 1785; x_wconf 78' lang='lat'><strong>20.</strong></span> <span class='ocrx_word' id='word_1_104' title='bbox 2325 1737 2477 1784; x_wconf 91' lang='lat' dir='ltr'><strong>cum</strong></span> 
     </span>
     <span class='ocr_line' id='line_1_14' title="bbox 285 1815 2482 1906; baseline 0.002 -26"><span class='ocrx_word' id='word_1_105' title='bbox 285 1815 523 1881; x_wconf 86' lang='lat' dir='ltr'><strong>iterum</strong></span> <span class='ocrx_word' id='word_1_106' title='bbox 567 1820 921 1886; x_wconf 87' lang='lat' dir='ltr'><strong>conveniat</strong></span> <span class='ocrx_word' id='word_1_107' title='bbox 964 1819 1168 1904; x_wconf 87' lang='lat' dir='ltr'><strong>plane</strong></span> <span class='ocrx_word' id='word_1_108' title='bbox 1214 1840 1474 1900; x_wconf 90' lang='lat' dir='ltr'><strong>nomen,</strong></span> <span class='ocrx_word' id='word_1_109' title='bbox 1521 1820 1672 1887; x_wconf 91' lang='lat' dir='ltr'><strong>dein</strong></span> <span class='ocrx_word' id='word_1_110' title='bbox 1715 1827 1907 1901; x_wconf 76' lang='lat' dir='ltr'><strong>aetaS,</strong></span> <span class='ocrx_word' id='word_1_111' title='bbox 1936 1821 2222 1906; x_wconf 90' lang='lat' dir='ltr'><strong>denique</strong></span> <span class='ocrx_word' id='word_1_112' title='bbox 2253 1821 2482 1887; x_wconf 86' lang='lat' dir='ltr'><strong>tenuis</strong></span> 
     </span>
     <span class='ocr_line' id='line_1_15' title="bbox 285 1918 2477 2010; baseline 0.005 -28"><span class='ocrx_word' id='word_1_113' title='bbox 285 1925 356 1983; x_wconf 91' lang='lat' dir='ltr'><strong>et</strong></span> <span class='ocrx_word' id='word_1_114' title='bbox 381 1918 652 1986; x_wconf 89' lang='lat' dir='ltr'><strong>humilis</strong></span> <span class='ocrx_word' id='word_1_115' title='bbox 682 1922 891 2006; x_wconf 88' lang='lat' dir='ltr'><strong>origo.</strong></span> <span class='ocrx_word' id='word_1_116' title='bbox 983 1923 1312 1990; x_wconf 84' lang='lat' dir='ltr'><strong>Rhetores</strong></span> <span class='ocrx_word' id='word_1_117' title='bbox 1359 1932 1511 1991; x_wconf 90' lang='lat' dir='ltr'><strong>ante</strong></span> <span class='ocrx_word' id='word_1_118' title='bbox 1557 1925 1915 2005; x_wconf 90' lang='lat' dir='ltr'><strong>Blandum,</strong></span> <span class='ocrx_word' id='word_1_119' title='bbox 1952 1925 2246 2010; x_wconf 87' lang='lat' dir='ltr'><strong>equitem</strong></span> <span class='ocrx_word' id='word_1_120' title='bbox 2275 1925 2477 1992; x_wconf 88' lang='lat' dir='ltr'><strong>Rom.</strong></span> 
     </span>
     <span class='ocr_line' id='line_1_16' title="bbox 220 2016 2482 2111; baseline 0.004 -26"><span class='ocrx_word' id='word_1_121' title='bbox 220 2016 234 2029; x_wconf 68' lang='grc'><strong>“</strong></span> <span class='ocrx_word' id='word_1_122' title='bbox 290 2021 573 2088; x_wconf 84' lang='lat' dir='ltr'><strong>Senecae</strong></span> <span class='ocrx_word' id='word_1_123' title='bbox 602 2024 805 2089; x_wconf 85' lang='lat' dir='ltr'><strong>ferme</strong></span> <span class='ocrx_word' id='word_1_124' title='bbox 835 2026 1188 2110; x_wconf 82' lang='lat' dir='ltr'><strong>ae&#39;qualem,</strong></span> <span class='ocrx_word' id='word_1_125' title='bbox 1217 2026 1514 2092; x_wconf 86' lang='lat' dir='ltr'><strong>libertini</strong></span> <span class='ocrx_word' id='word_1_126' title='bbox 1541 2034 1753 2106; x_wconf 89' lang='lat' dir='ltr'><strong>erant,</strong></span> <span class='ocrx_word' id='word_1_127' title='bbox 1773 2026 1955 2111; x_wconf 67' lang='lat' dir='ltr'><strong>‘quod</strong></span> <span class='ocrx_word' id='word_1_128' title='bbox 1988 2026 2188 2092; x_wconf 87' lang='lat' dir='ltr'><strong>tradit</strong></span> <span class='ocrx_word' id='word_1_129' title='bbox 2216 2027 2482 2094; x_wconf 88' lang='lat' dir='ltr'><strong>Seneca</strong></span> 
     </span>
     <span class='ocr_line' id='line_1_17' title="bbox 289 2120 2481 2212; baseline 0.003 -26"><span class='ocrx_word' id='word_1_130' title='bbox 289 2120 612 2191; x_wconf 85' lang='lat' dir='ltr'><strong>Controv.</strong></span> <span class='ocrx_word' id='word_1_131' title='bbox 655 2126 770 2191; x_wconf 89' lang='lat' dir='ltr'><strong>lib.</strong></span> <span class='ocrx_word' id='word_1_132' title='bbox 802 2142 887 2191; x_wconf 90' lang='lat'><strong>11.</strong></span> <span class='ocrx_word' id='word_1_133' title='bbox 918 2128 989 2190; x_wconf 91' lang='lat' dir='ltr'><strong>in</strong></span> <span class='ocrx_word' id='word_1_134' title='bbox 1020 2127 1421 2192; x_wconf 82' lang='lat' dir='ltr'><strong>Praefatione</strong></span> <span class='ocrx_word' id='word_1_135' title='bbox 1451 2126 1725 2206; x_wconf 85' lang='lat' dir='ltr'><strong>addens,</strong></span> <span class='ocrx_word' id='word_1_136' title='bbox 1768 2127 1926 2192; x_wconf 89' lang='lat' dir='ltr'><strong>aliis</strong></span> <span class='ocrx_word' id='word_1_137' title='bbox 1956 2135 2152 2212; x_wconf 88' lang='lat' dir='ltr'><strong>turpe</strong></span> <span class='ocrx_word' id='word_1_138' title='bbox 2180 2127 2481 2193; x_wconf 87' lang='lat' dir='ltr'><strong>habitum</strong></span> 
     </span>
     <span class='ocr_line' id='line_1_18' title="bbox 291 2224 2484 2314; baseline 0.002 -25"><span class='ocrx_word' id='word_1_139' title='bbox 291 2224 560 2304; x_wconf 85' lang='lat' dir='ltr'><strong>docere,</strong></span> <span class='ocrx_word' id='word_1_140' title='bbox 613 2228 801 2309; x_wconf 89' lang='lat' dir='ltr'><strong>quod</strong></span> <span class='ocrx_word' id='word_1_141' title='bbox 848 2227 1202 2293; x_wconf 87' lang='lat' dir='ltr'><strong>honestum</strong></span> <span class='ocrx_word' id='word_1_142' title='bbox 1245 2234 1388 2294; x_wconf 89' lang='lat' dir='ltr'><strong>erat</strong></span> <span class='ocrx_word' id='word_1_143' title='bbox 1430 2228 1707 2296; x_wconf 86' lang='lat' dir='ltr'><strong>discere.</strong></span> <span class='ocrx_word' id='word_1_144' title='bbox 1795 2227 1965 2314; x_wconf 85' lang='lat' dir='ltr'><strong>Ejus</strong></span> <span class='ocrx_word' id='word_1_145' title='bbox 2018 2248 2175 2295; x_wconf 87' lang='lat' dir='ltr'><strong>vero</strong></span> <span class='ocrx_word' id='word_1_146' title='bbox 2225 2230 2484 2312; x_wconf 79' lang='lat' dir='ltr'><strong>generis</strong></span> 
     </span>
     <span class='ocr_line' id='line_1_19' title="bbox 291 2329 2580 2415; baseline 0.002 -24"><span class='ocrx_word' id='word_1_147' title='bbox 291 2329 635 2410; x_wconf 85' lang='lat' dir='ltr'><strong>probabile</strong></span> <span class='ocrx_word' id='word_1_148' title='bbox 665 2336 770 2395; x_wconf 89' lang='lat' dir='ltr'><strong>est</strong></span> <span class='ocrx_word' id='word_1_149' title='bbox 795 2332 992 2396; x_wconf 86' lang='lat' dir='ltr'><strong>etiam</strong></span> <span class='ocrx_word' id='word_1_150' title='bbox 1019 2330 1331 2396; x_wconf 86' lang='lat' dir='ltr'><strong>Curtium</strong></span> <span class='ocrx_word' id='word_1_151' title='bbox 1354 2329 1715 2399; x_wconf 85' lang='lat' dir='ltr'><strong>Rhetorem</strong></span> <span class='ocrx_word' id='word_1_152' title='bbox 1742 2330 1995 2415; x_wconf 81' lang='lat' dir='ltr'><strong>fuisse3</strong></span> <span class='ocrx_word' id='word_1_153' title='bbox 2041 2329 2484 2398; x_wconf 86' lang='lat' dir='ltr'><strong>Consularem</strong></span> <span class='ocrx_word' id='word_1_154' title='bbox 2575 2345 2580 2352; x_wconf 82' lang='lat'>·</span> 
     </span>
     <span class='ocr_line' id='line_1_20' title="bbox 291 2430 2485 2516; baseline 0.003 -23"><span class='ocrx_word' id='word_1_155' title='bbox 291 2447 452 2495; x_wconf 84' lang='lat' dir='ltr'><strong>vero</strong></span> <span class='ocrx_word' id='word_1_156' title='bbox 494 2431 682 2497; x_wconf 90' lang='lat' dir='ltr'><strong>illum</strong></span> <span class='ocrx_word' id='word_1_157' title='bbox 727 2430 1043 2499; x_wconf 88' lang='lat' dir='ltr'><strong>Tiberius</strong></span> <span class='ocrx_word' id='word_1_158' title='bbox 1091 2430 1183 2499; x_wconf 81' lang='lat' dir='ltr'><strong>ex</strong></span> <span class='ocrx_word' id='word_1_159' title='bbox 1230 2452 1306 2501; x_wconf 88' lang='lat' dir='ltr'><strong>se</strong></span> <span class='ocrx_word' id='word_1_160' title='bbox 1342 2442 1580 2502; x_wconf 87' lang='lat' dir='ltr'><strong>natum</strong></span> <span class='ocrx_word' id='word_1_161' title='bbox 1619 2433 1819 2516; x_wconf 84' lang='lat' dir='ltr'><strong>dixit,</strong></span> <span class='ocrx_word' id='word_1_162' title='bbox 1859 2435 1911 2502; x_wconf 81' lang='lat' dir='ltr'><strong>i.</strong></span> <span class='ocrx_word' id='word_1_163' title='bbox 1939 2453 2000 2501; x_wconf 89' lang='lat' dir='ltr'><strong>e.</strong></span> <span class='ocrx_word' id='word_1_164' title='bbox 2048 2433 2214 2501; x_wconf 88' lang='lat' dir='ltr'><strong>nihil</strong></span> <span class='ocrx_word' id='word_1_165' title='bbox 2244 2433 2485 2500; x_wconf 86' lang='lat' dir='ltr'><strong>debere</strong></span> 
     </span>
     <span class='ocr_line' id='line_1_21' title="bbox 292 2535 2483 2623; baseline 0.002 -27"><span class='ocrx_word' id='word_1_166' title='bbox 292 2535 684 2614; x_wconf 90' lang='lat' dir='ltr'><strong>parentibus</strong></span> <span class='ocrx_word' id='word_1_167' title='bbox 729 2536 901 2615; x_wconf 88' lang='lat' dir='ltr'><strong>suis,</strong></span> <span class='ocrx_word' id='word_1_168' title='bbox 930 2536 1276 2603; x_wconf 85' lang='lat' dir='ltr'><strong>vilissimis</strong></span> <span class='ocrx_word' id='word_1_169' title='bbox 1322 2540 1576 2623; x_wconf 89' lang='lat' dir='ltr'><strong>quippe</strong></span> <span class='ocrx_word' id='word_1_170' title='bbox 1624 2545 1695 2604; x_wconf 91' lang='lat' dir='ltr'><strong>et</strong></span> <span class='ocrx_word' id='word_1_171' title='bbox 1741 2536 2216 2621; x_wconf 84' lang='lat' dir='ltr'><strong>ignotissimis:</strong></span> <span class='ocrx_word' id='word_1_172' title='bbox 2282 2536 2483 2621; x_wconf 90' lang='lat' dir='ltr'><strong>eique</strong></span> 
     </span>
     <span class='ocr_line' id='line_1_22' title="bbox 294 2634 2484 2723; baseline 0.002 -25"><span class='ocrx_word' id='word_1_173' title='bbox 294 2634 448 2701; x_wconf 89' lang='lat' dir='ltr'><strong>ideo</strong></span> <span class='ocrx_word' id='word_1_174' title='bbox 482 2637 768 2703; x_wconf 88' lang='lat' dir='ltr'><strong>Tacitus</strong></span> <span class='ocrx_word' id='word_1_175' title='bbox 797 2638 864 2703; x_wconf 90' lang='lat' dir='ltr'><strong>d.</strong></span> <span class='ocrx_word' id='word_1_176' title='bbox 893 2639 943 2705; x_wconf 91' lang='lat' dir='ltr'><strong>l.</strong></span> <span class='ocrx_word' id='word_1_177' title='bbox 974 2647 1052 2705; x_wconf 90' lang='lat' dir='ltr'><strong>ut</strong></span> <span class='ocrx_word' id='word_1_178' title='bbox 1080 2643 1101 2674; x_wconf 90' lang='lat'>‘</span> <span class='ocrx_word' id='word_1_179' title='bbox 1126 2640 1317 2705; x_wconf 87' lang='lat' dir='ltr'><strong>acre&#39;</strong></span> <span class='ocrx_word' id='word_1_180' title='bbox 1344 2642 1574 2706; x_wconf 87' lang='lat' dir='ltr'><strong>tribuit</strong></span> <span class='ocrx_word' id='word_1_181' title='bbox 1614 2644 1636 2676; x_wconf 87' lang='lat'>‘</span> <span class='ocrx_word' id='word_1_182' title='bbox 1654 2638 2039 2723; x_wconf 72' lang='lat' dir='ltr'><strong>ingenium:</strong></span> <span class='ocrx_word' id='word_1_183' title='bbox 2084 2639 2179 2704; x_wconf 89' lang='lat' dir='ltr'><strong>ita</strong></span> <span class='ocrx_word' id='word_1_184' title='bbox 2210 2646 2279 2703; x_wconf 90' lang='lat' dir='ltr'><strong>et</strong></span> <span class='ocrx_word' id='word_1_185' title='bbox 2322 2641 2344 2673; x_wconf 87' lang='lat'>‘</span> <span class='ocrx_word' id='word_1_186' title='bbox 2368 2637 2484 2701; x_wconf 88' lang='lat' dir='ltr'><strong>de-</strong></span> 
     </span>
     <span class='ocr_line' id='line_1_23' title="bbox 295 2738 2486 2821; baseline 0.001 -19"><span class='ocrx_word' id='word_1_187' title='bbox 295 2738 542 2804; x_wconf 68' lang='lat' dir='ltr'><strong>decus?</strong></span> <span class='ocrx_word' id='word_1_188' title='bbox 573 2740 936 2807; x_wconf 65' lang='lat' dir='ltr'><strong>natalium?</strong></span> <span class='ocrx_word' id='word_1_189' title='bbox 1021 2742 1138 2807; x_wconf 89' lang='lat' dir='ltr'><strong>Sic</strong></span> <span class='ocrx_word' id='word_1_190' title='bbox 1168 2743 1560 2808; x_wconf 88' lang='lat' dir='ltr'><strong>Perizonius</strong></span> <span class='ocrx_word' id='word_1_191' title='bbox 1589 2743 1943 2821; x_wconf 86' lang='lat' dir='ltr'><strong>subtiliter,</strong></span> <span class='ocrx_word' id='word_1_192' title='bbox 1970 2745 2047 2807; x_wconf 88' lang='lat' dir='ltr'><strong>nt</strong></span> <span class='ocrx_word' id='word_1_193' title='bbox 2074 2741 2266 2807; x_wconf 89' lang='lat' dir='ltr'><strong>solet.</strong></span> <span class='ocrx_word' id='word_1_194' title='bbox 2354 2739 2486 2805; x_wconf 89' lang='lat' dir='ltr'><strong>Cui</strong></span> 
     </span>
     <span class='ocr_line' id='line_1_24' title="bbox 293 2842 2487 2931; baseline 0.001 -27"><span class='ocrx_word' id='word_1_195' title='bbox 293 2859 377 2906; x_wconf 88' lang='lat' dir='ltr'><strong>ne</strong></span> <span class='ocrx_word' id='word_1_196' title='bbox 405 2861 689 2926; x_wconf 88' lang='lat' dir='ltr'><strong>prorsus</strong></span> <span class='ocrx_word' id='word_1_197' title='bbox 717 2842 1035 2909; x_wconf 87' lang='lat' dir='ltr'><strong>accedam</strong></span> <span class='ocrx_word' id='word_1_198' title='bbox 1061 2861 1195 2909; x_wconf 90' lang='lat' dir='ltr'><strong>non</strong></span> <span class='ocrx_word' id='word_1_199' title='bbox 1223 2854 1361 2909; x_wconf 89' lang='lat' dir='ltr'><strong>tam</strong></span> <span class='ocrx_word' id='word_1_200' title='bbox 1387 2863 1494 2923; x_wconf 89' lang='lat' dir='ltr'><strong>ea,</strong></span> <span class='ocrx_word' id='word_1_201' title='bbox 1533 2842 1955 2931; x_wconf 87' lang='lat' dir='ltr'><strong>(quanquam</strong></span> <span class='ocrx_word' id='word_1_202' title='bbox 1991 2862 2126 2909; x_wconf 93' lang='lat' dir='ltr'><strong>non</strong></span> <span class='ocrx_word' id='word_1_203' title='bbox 2151 2843 2487 2928; x_wconf 88' lang='lat' dir='ltr'><strong>negligen-</strong></span> 
     </span>
     <span class='ocr_line' id='line_1_25' title="bbox 296 2944 2487 3031; baseline 0 -22"><span class='ocrx_word' id='word_1_204' title='bbox 296 2944 386 3011; x_wconf 87' lang='lat' dir='ltr'><strong>da</strong></span> <span class='ocrx_word' id='word_1_205' title='bbox 415 2948 624 3025; x_wconf 89' lang='lat' dir='ltr'><strong>sunt),</strong></span> <span class='ocrx_word' id='word_1_206' title='bbox 655 2965 809 3030; x_wconf 86' lang='lat' dir='ltr'><strong>quae</strong></span> <span class='ocrx_word' id='word_1_207' title='bbox 860 2946 1085 3012; x_wconf 86' lang='lat' dir='ltr'><strong>Cunze</strong></span> <span class='ocrx_word' id='word_1_208' title='bbox 1120 2944 1466 3030; x_wconf 84' lang='lat' dir='ltr'><strong>(Prolegg.</strong></span> <span class='ocrx_word' id='word_1_209' title='bbox 1500 2965 1569 3031; x_wconf 88' lang='lat' dir='ltr'><strong>p.</strong></span> <span class='ocrx_word' id='word_1_210' title='bbox 1595 2944 1730 3027; x_wconf 89' lang='lat' dir='ltr'><strong>ll.)</strong></span> <span class='ocrx_word' id='word_1_211' title='bbox 1757 2952 1987 3012; x_wconf 91' lang='lat' dir='ltr'><strong>contra</strong></span> <span class='ocrx_word' id='word_1_212' title='bbox 2022 2947 2195 3012; x_wconf 86' lang='lat' dir='ltr'><strong>hanc</strong></span> <span class='ocrx_word' id='word_1_213' title='bbox 2220 2945 2487 3030; x_wconf 85' lang='lat' dir='ltr'><strong>opinio-</strong></span> 
     </span>
     <span class='ocr_line' id='line_1_26' title="bbox 292 3048 2488 3134; baseline 0.001 -23"><span class='ocrx_word' id='word_1_214' title='bbox 292 3065 443 3111; x_wconf 88' lang='lat' dir='ltr'><strong>nem</strong></span> <span class='ocrx_word' id='word_1_215' title='bbox 493 3048 788 3132; x_wconf 89' lang='lat' dir='ltr'><strong>scripsit,</strong></span> <span class='ocrx_word' id='word_1_216' title='bbox 817 3048 1099 3127; x_wconf 83' lang='lat' dir='ltr'><strong>faciunt,</strong></span> <span class='ocrx_word' id='word_1_217' title='bbox 1135 3064 1262 3114; x_wconf 83' lang='lat' dir='ltr'><strong>nec</strong></span> <span class='ocrx_word' id='word_1_218' title='bbox 1293 3049 1616 3129; x_wconf 91' lang='lat' dir='ltr'><strong>omnium,</strong></span> <span class='ocrx_word' id='word_1_219' title='bbox 1645 3050 1763 3134; x_wconf 90' lang='lat' dir='ltr'><strong>qui</strong></span> <span class='ocrx_word' id='word_1_220' title='bbox 1793 3053 2047 3127; x_wconf 86' lang='lat' dir='ltr'><strong>extant,</strong></span> <span class='ocrx_word' id='word_1_221' title='bbox 2076 3056 2373 3115; x_wconf 84' lang='lat' dir='ltr'><strong>veterum</strong></span> <span class='ocrx_word' id='word_1_222' title='bbox 2403 3049 2488 3113; x_wconf 82' lang='lat' dir='ltr'><strong>de</strong></span> 
     </span>
     <span class='ocr_line' id='line_1_27' title="bbox 295 3148 2487 3237; baseline 0 -24"><span class='ocrx_word' id='word_1_223' title='bbox 295 3148 533 3216; x_wconf 91' lang='lat' dir='ltr'><strong>Curtio</strong></span> <span class='ocrx_word' id='word_1_224' title='bbox 566 3151 917 3217; x_wconf 87' lang='lat' dir='ltr'><strong>Historico</strong></span> <span class='ocrx_word' id='word_1_225' title='bbox 950 3152 1313 3230; x_wconf 87' lang='lat' dir='ltr'><strong>silentium,</strong></span> <span class='ocrx_word' id='word_1_226' title='bbox 1332 3172 1537 3237; x_wconf 88' lang='lat' dir='ltr'><strong>quam</strong></span> <span class='ocrx_word' id='word_1_227' title='bbox 1561 3151 1831 3237; x_wconf 86' lang='lat' dir='ltr'><strong>quidam</strong></span> <span class='ocrx_word' id='word_1_228' title='bbox 1853 3150 2068 3217; x_wconf 83' lang='lat' dir='ltr'><strong>Curtii</strong></span> <span class='ocrx_word' id='word_1_229' title='bbox 2094 3150 2313 3236; x_wconf 88' lang='lat' dir='ltr'><strong>ipsius</strong></span> <span class='ocrx_word' id='word_1_230' title='bbox 2332 3151 2487 3216; x_wconf 91' lang='lat' dir='ltr'><strong>loci.</strong></span> 
     </span>
     <span class='ocr_line' id='line_1_28' title="bbox 296 3247 2489 3344; baseline 0.001 -28"><span class='ocrx_word' id='word_1_231' title='bbox 296 3252 484 3318; x_wconf 88' lang='lat' dir='ltr'><strong>Solet</strong></span> <span class='ocrx_word' id='word_1_232' title='bbox 511 3255 706 3344; x_wconf 85' lang='lat' dir='ltr'><strong>enim,</strong></span> <span class='ocrx_word' id='word_1_233' title='bbox 750 3274 839 3320; x_wconf 83' lang='lat' dir='ltr'><strong>ex</strong></span> <span class='ocrx_word' id='word_1_234' title='bbox 879 3274 1061 3319; x_wconf 88' lang='lat' dir='ltr'><strong>more</strong></span> <span class='ocrx_word' id='word_1_235' title='bbox 1106 3255 1502 3338; x_wconf 88' lang='lat' dir='ltr'><strong>scriptorum</strong></span> <span class='ocrx_word' id='word_1_236' title='bbox 1530 3247 1920 3340; x_wconf 84' lang='lat' dir='ltr'><strong>posterioris</strong></span> <span class='ocrx_word' id='word_1_237' title='bbox 1949 3254 2106 3332; x_wconf 83' lang='lat' dir='ltr'><strong>aevi,</strong></span> <span class='ocrx_word' id='word_1_238' title='bbox 2137 3272 2262 3319; x_wconf 86' lang='lat' dir='ltr'><strong>sua</strong></span> <span class='ocrx_word' id='word_1_239' title='bbox 2288 3253 2489 3318; x_wconf 79' lang='lat' dir='ltr'><strong>verba</strong></span> 
     </span>
     <span class='ocr_line' id='line_1_29' title="bbox 295 3354 2512 3441; baseline 0.001 -22"><span class='ocrx_word' id='word_1_240' title='bbox 295 3354 598 3420; x_wconf 85' lang='lat' dir='ltr'><strong>flosculis</strong></span> <span class='ocrx_word' id='word_1_241' title='bbox 655 3354 1011 3440; x_wconf 70' lang='lat' dir='ltr'><strong>poetarum</strong></span> <span class='ocrx_word' id='word_1_242' title='bbox 1064 3356 1486 3441; x_wconf 88' lang='lat' dir='ltr'><strong>aliorumque</strong></span> <span class='ocrx_word' id='word_1_243' title='bbox 1540 3356 1938 3441; x_wconf 87' lang='lat' dir='ltr'><strong>scriptorum</strong></span> <span class='ocrx_word' id='word_1_244' title='bbox 1990 3365 2214 3422; x_wconf 82' lang='lat' dir='ltr'><strong>aureae</strong></span> <span class='ocrx_word' id='word_1_245' title='bbox 2262 3356 2512 3432; x_wconf 81' lang='lat' dir='ltr'><strong>aetatis</strong></span> 
     </span>
     <span class='ocr_line' id='line_1_30' title="bbox 296 3456 2489 3543; baseline 0.001 -22"><span class='ocrx_word' id='word_1_246' title='bbox 296 3456 404 3542; x_wconf 83' lang='lat' dir='ltr'><strong>(ut</strong></span> <span class='ocrx_word' id='word_1_247' title='bbox 446 3456 736 3541; x_wconf 88' lang='lat' dir='ltr'><strong>Virgilii,</strong></span> <span class='ocrx_word' id='word_1_248' title='bbox 782 3456 994 3543; x_wconf 88' lang='lat' dir='ltr'><strong>Livii)</strong></span> <span class='ocrx_word' id='word_1_249' title='bbox 1044 3478 1301 3525; x_wconf 88' lang='lat' dir='ltr'><strong>ornare.</strong></span> <span class='ocrx_word' id='word_1_250' title='bbox 1390 3458 1466 3524; x_wconf 93' lang='lat' dir='ltr'><strong>Si</strong></span> <span class='ocrx_word' id='word_1_251' title='bbox 1491 3483 1492 3488; x_wconf 44' lang='lat'>¹</span> <span class='ocrx_word' id='word_1_252' title='bbox 1519 3457 1691 3525; x_wconf 88' lang='lat' dir='ltr'><strong>adeo</strong></span> <span class='ocrx_word' id='word_1_253' title='bbox 1738 3459 2174 3543; x_wconf 88' lang='lat' dir='ltr'><strong>reperiantur,</strong></span> <span class='ocrx_word' id='word_1_254' title='bbox 2229 3476 2383 3542; x_wconf 82' lang='lat' dir='ltr'><strong>qnae</strong></span> <span class='ocrx_word' id='word_1_255' title='bbox 2449 3477 2489 3524; x_wconf 89' lang='lat' dir='ltr'><strong>e</strong></span> 
     </span>
     <span class='ocr_line' id='line_1_31' title="bbox 301 3560 2489 3647; baseline 0 -23"><span class='ocrx_word' id='word_1_256' title='bbox 301 3561 738 3645; x_wconf 86' lang='lat' dir='ltr'><strong>scriptoribus</strong></span> <span class='ocrx_word' id='word_1_257' title='bbox 766 3563 998 3628; x_wconf 78' lang='lat' dir='ltr'><strong>saeculi</strong></span> <span class='ocrx_word' id='word_1_258' title='bbox 1026 3583 1095 3647; x_wconf 89' lang='lat' dir='ltr'><strong>p.</strong></span> <span class='ocrx_word' id='word_1_259' title='bbox 1128 3562 1278 3629; x_wconf 90' lang='lat' dir='ltr'><strong>Chr.</strong></span> <span class='ocrx_word' id='word_1_260' title='bbox 1316 3582 1381 3628; x_wconf 92' lang='lat' dir='ltr'><strong>n.</strong></span> <span class='ocrx_word' id='word_1_261' title='bbox 1428 3562 1628 3647; x_wconf 88' lang='lat' dir='ltr'><strong>primi</strong></span> <span class='ocrx_word' id='word_1_262' title='bbox 1670 3563 1977 3627; x_wconf 87' lang='lat' dir='ltr'><strong>exeuntis</strong></span> <span class='ocrx_word' id='word_1_263' title='bbox 2022 3560 2489 3645; x_wconf 87' lang='lat' dir='ltr'><strong>depromserit,</strong></span> 
     </span>
     <span class='ocr_line' id='line_1_32' title="bbox 303 3662 2490 3750; baseline 0.001 -25"><span class='ocrx_word' id='word_1_264' title='bbox 303 3681 460 3729; x_wconf 88' lang='lat' dir='ltr'><strong>sane</strong></span> <span class='ocrx_word' id='word_1_265' title='bbox 490 3665 832 3750; x_wconf 86' lang='lat' dir='ltr'><strong>antiquior</strong></span> <span class='ocrx_word' id='word_1_266' title='bbox 861 3685 1015 3731; x_wconf 90' lang='lat' dir='ltr'><strong>esse</strong></span> <span class='ocrx_word' id='word_1_267' title='bbox 1038 3666 1292 3749; x_wconf 87' lang='lat' dir='ltr'><strong>nequ-it.</strong></span> <span class='ocrx_word' id='word_1_268' title='bbox 1377 3664 1424 3732; x_wconf 81' lang='lat' dir='ltr'>J</span> <span class='ocrx_word' id='word_1_269' title='bbox 1428 3685 1538 3731; x_wconf 84' lang='lat' dir='ltr'><strong>am</strong></span> <span class='ocrx_word' id='word_1_270' title='bbox 1565 3685 1725 3731; x_wconf 85' lang='lat' dir='ltr'><strong>vero</strong></span> <span class='ocrx_word' id='word_1_271' title='bbox 1754 3672 1905 3730; x_wconf 87' lang='lat' dir='ltr'><strong>tota</strong></span> <span class='ocrx_word' id='word_1_272' title='bbox 1930 3664 2245 3748; x_wconf 75' lang='lat' dir='ltr'><strong>Amyntae</strong></span> <span class='ocrx_word' id='word_1_273' title='bbox 2273 3662 2490 3728; x_wconf 87' lang='lat' dir='ltr'><strong>oratio</strong></span> 
     </span>
     <span class='ocr_line' id='line_1_33' title="bbox 303 3752 2487 3849; baseline 0 -20"><span class='ocrx_word' id='word_1_274' title='bbox 303 3752 438 3832; x_wconf 73' lang='lat' dir='ltr'><strong>vil.</strong></span> <span class='ocrx_word' id='word_1_275' title='bbox 462 3768 529 3833; x_wconf 91' lang='lat'><strong>1.</strong></span> <span class='ocrx_word' id='word_1_276' title='bbox 556 3774 632 3834; x_wconf 90' lang='lat' dir='ltr'><strong>ut</strong></span> <span class='ocrx_word' id='word_1_277' title='bbox 659 3773 729 3835; x_wconf 93' lang='lat' dir='ltr'><strong>et</strong></span> <span class='ocrx_word' id='word_1_278' title='bbox 754 3788 982 3848; x_wconf 88' lang='lat' dir='ltr'><strong>causa,</strong></span> <span class='ocrx_word' id='word_1_279' title='bbox 1011 3769 1353 3835; x_wconf 90' lang='lat' dir='ltr'><strong>simillima</strong></span> <span class='ocrx_word' id='word_1_280' title='bbox 1378 3776 1483 3833; x_wconf 86' lang='lat' dir='ltr'><strong>est</strong></span> <span class='ocrx_word' id='word_1_281' title='bbox 1527 3768 1627 3833; x_wconf 91' lang='lat' dir='ltr'><strong>illi</strong></span> <span class='ocrx_word' id='word_1_282' title='bbox 1668 3765 1965 3832; x_wconf 85' lang='lat' dir='ltr'><strong>Terentii</strong></span> <span class='ocrx_word' id='word_1_283' title='bbox 2004 3785 2114 3849; x_wconf 91' lang='lat' dir='ltr'><strong>ap.</strong></span> <span class='ocrx_word' id='word_1_284' title='bbox 2150 3763 2375 3832; x_wconf 86' lang='lat' dir='ltr'><strong>Tacit.</strong></span> <span class='ocrx_word' id='word_1_285' title='bbox 2399 3764 2487 3830; x_wconf 88' lang='lat' dir='ltr'><strong>A.</strong></span> 
     </span>
     <span class='ocr_line' id='line_1_34' title="bbox 295 3867 2533 3970; baseline 0 -39"><span class='ocrx_word' id='word_1_286' title='bbox 295 3886 408 3933; x_wconf 64' lang='lat' dir='ltr'><strong>vl.</strong></span> <span class='ocrx_word' id='word_1_287' title='bbox 436 3869 498 3936; x_wconf 87' lang='lat'><strong>8.</strong></span> <span class='ocrx_word' id='word_1_288' title='bbox 527 3876 592 3936; x_wconf 90' lang='lat' dir='ltr'><strong>et</strong></span> <span class='ocrx_word' id='word_1_289' title='bbox 619 3873 913 3941; x_wconf 88' lang='lat' dir='ltr'><strong>membra</strong></span> <span class='ocrx_word' id='word_1_290' title='bbox 941 3891 1101 3937; x_wconf 90' lang='lat' dir='ltr'><strong>sane</strong></span> <span class='ocrx_word' id='word_1_291' title='bbox 1131 3873 1390 3957; x_wconf 88' lang='lat' dir='ltr'><strong>aliquot</strong></span> <span class='ocrx_word' id='word_1_292' title='bbox 1416 3877 1595 3949; x_wconf 87' lang='lat' dir='ltr'><strong>sunt,</strong></span> <span class='ocrx_word' id='word_1_293' title='bbox 1627 3888 1782 3953; x_wconf 83' lang='lat' dir='ltr'><strong>quae</strong></span> <span class='ocrx_word' id='word_1_294' title='bbox 1814 3867 2054 3951; x_wconf 84' lang='lat' dir='ltr'><strong>Lipsio</strong></span> <span class='ocrx_word' id='word_1_295' title='bbox 2092 3867 2246 3933; x_wconf 87' lang='lat' dir='ltr'><strong>hinc</strong></span> <span class='ocrx_word' id='word_1_296' title='bbox 2274 3871 2491 3932; x_wconf 81' lang='lat' dir='ltr'><strong>trans·</strong></span> <span class='ocrx_word' id='word_1_297' title='bbox 2517 3955 2533 3970; x_wconf 73' lang='lat'><strong>,</strong></span> 
     </span>
     <span class='ocr_line' id='line_1_35' title="bbox 304 3969 2492 4055; baseline 0 -20"><span class='ocrx_word' id='word_1_298' title='bbox 304 3971 441 4037; x_wconf 83' lang='lat' dir='ltr'><strong>lata</strong></span> <span class='ocrx_word' id='word_1_299' title='bbox 488 3971 857 4038; x_wconf 86' lang='lat' dir='ltr'><strong>videantur.</strong></span> <span class='ocrx_word' id='word_1_300' title='bbox 940 3972 987 4037; x_wconf 84' lang='lat' dir='ltr'><strong>J</strong></span> <span class='ocrx_word' id='word_1_301' title='bbox 992 3991 1122 4038; x_wconf 89' lang='lat' dir='ltr'><strong>ano</strong></span> <span class='ocrx_word' id='word_1_302' title='bbox 1173 3973 1537 4055; x_wconf 86' lang='lat' dir='ltr'><strong>Rutgersio</strong></span> <span class='ocrx_word' id='word_1_303' title='bbox 1586 3970 1800 4036; x_wconf 88' lang='lat' dir='ltr'><strong>Curtii</strong></span> <span class='ocrx_word' id='word_1_304' title='bbox 1838 3969 2035 4035; x_wconf 87' lang='lat' dir='ltr'><strong>locus</strong></span> <span class='ocrx_word' id='word_1_305' title='bbox 2067 3987 2168 4036; x_wconf 81' lang='grc' dir='ltr'><strong>ιν.</strong></span> <span class='ocrx_word' id='word_1_306' title='bbox 2207 3969 2286 4035; x_wconf 92' lang='grc'><strong>4.</strong></span> <span class='ocrx_word' id='word_1_307' title='bbox 2306 3970 2370 4035; x_wconf 83' lang='grc'><strong>7.</strong></span> <span class='ocrx_word' id='word_1_308' title='bbox 2401 3988 2492 4035; x_wconf 81' lang='lat' dir='ltr'><strong>ex</strong></span> 
     </span>
     <span class='ocr_line' id='line_1_36' title="bbox 306 4072 2493 4159; baseline -0 -20"><span class='ocrx_word' id='word_1_309' title='bbox 306 4075 581 4141; x_wconf 83' lang='lat' dir='ltr'><strong>Lucano</strong></span> <span class='ocrx_word' id='word_1_310' title='bbox 615 4091 729 4139; x_wconf 81' lang='grc' dir='ltr'><strong>ιιι.</strong></span> <span class='ocrx_word' id='word_1_311' title='bbox 755 4076 908 4141; x_wconf 83' lang='grc'><strong>563.</strong></span> <span class='ocrx_word' id='word_1_312' title='bbox 956 4075 1321 4141; x_wconf 89' lang='lat' dir='ltr'><strong>certissime</strong></span> <span class='ocrx_word' id='word_1_313' title='bbox 1352 4092 1714 4159; x_wconf 86' lang='lat' dir='ltr'><strong>expressus</strong></span> <span class='ocrx_word' id='word_1_314' title='bbox 1743 4072 2029 4151; x_wconf 86' lang='lat' dir='ltr'><strong>videtur,</strong></span> <span class='ocrx_word' id='word_1_315' title='bbox 2074 4073 2264 4159; x_wconf 85' lang='lat' dir='ltr'><strong>cujus</strong></span> <span class='ocrx_word' id='word_1_316' title='bbox 2301 4073 2493 4138; x_wconf 86' lang='lat' dir='ltr'><strong>illum</strong></span> 
     </span>
     <span class='ocr_line' id='line_1_37' title="bbox 306 4177 2491 4262; baseline 0 -21"><span class='ocrx_word' id='word_1_317' title='bbox 306 4177 677 4242; x_wconf 89' lang='lat' dir='ltr'><strong>studiosum</strong></span> <span class='ocrx_word' id='word_1_318' title='bbox 734 4178 972 4258; x_wconf 83' lang='lat' dir='ltr'><strong>fnisse,</strong></span> <span class='ocrx_word' id='word_1_319' title='bbox 1027 4179 1259 4244; x_wconf 88' lang='lat' dir='ltr'><strong>multis</strong></span> <span class='ocrx_word' id='word_1_320' title='bbox 1318 4180 1416 4245; x_wconf 91' lang='lat' dir='ltr'><strong>ait</strong></span> <span class='ocrx_word' id='word_1_321' title='bbox 1471 4178 1882 4262; x_wconf 87' lang='lat' dir='ltr'><strong>argumentis</strong></span> <span class='ocrx_word' id='word_1_322' title='bbox 1931 4178 2206 4261; x_wconf 90' lang='lat' dir='ltr'><strong>probari</strong></span> <span class='ocrx_word' id='word_1_323' title='bbox 2263 4193 2491 4260; x_wconf 90' lang='lat' dir='ltr'><strong>posse.</strong></span> 
     </span>
     <span class='ocr_line' id='line_1_38' title="bbox 304 4277 2490 4369; baseline -0.003 -25"><span class='ocrx_word' id='word_1_324' title='bbox 304 4278 640 4347; x_wconf 76' lang='lat' dir='ltr'><strong>-Praeoerea</strong></span> <span class='ocrx_word' id='word_1_325' title='bbox 677 4279 791 4344; x_wconf 93' lang='lat' dir='ltr'><strong>alii</strong></span> <span class='ocrx_word' id='word_1_326' title='bbox 818 4299 1090 4369; x_wconf 87' lang='lat' dir='ltr'><strong>quoque</strong></span> <span class='ocrx_word' id='word_1_327' title='bbox 1119 4280 1258 4351; x_wconf 86' lang='lat' dir='ltr'><strong>loci</strong></span> <span class='ocrx_word' id='word_1_328' title='bbox 1289 4301 1422 4349; x_wconf 91' lang='lat' dir='ltr'><strong>non</strong></span> <span class='ocrx_word' id='word_1_329' title='bbox 1451 4281 1656 4368; x_wconf 87' lang='lat' dir='ltr'><strong>pauci</strong></span> <span class='ocrx_word' id='word_1_330' title='bbox 1696 4282 1765 4348; x_wconf 87' lang='lat' dir='ltr'><strong>in</strong></span> <span class='ocrx_word' id='word_1_331' title='bbox 1798 4278 2092 4364; x_wconf 86' lang='lat' dir='ltr'><strong>Freinsh.</strong></span> <span class='ocrx_word' id='word_1_332' title='bbox 2122 4277 2490 4346; x_wconf 75' lang='lat' dir='ltr'><strong>Commeat.</strong></span> 
     </span>
    </p>
   </div>
  </div>
 </body>
</html>
