2978 4933
475 336 607 403 376

480 504 614 561 tere
641 495 978 580 perpetuis
1008 495 1332 560 montium
1370 495 1558 581 jugis
1600 496 1949 577 clauditur,
1994 497 2175 582 quod
2224 497 2291 562 in
2333 496 2689 580 longitudi-

478 609 672 664 nem⁶
718 617 898 665 unc.
928 600 1171 678 stadia,
1199 600 1266 666 in
1295 601 1712 667 latitudinem
1744 618 1983 667 chx.
2017 603 2368 686 procurrit.
2393 614 2416 640 ⁶
2537 598 2692 666 Hoc

479 702 744 768 dorsum
769 722 812 767 a
841 702 1153 769 Caucaso
1170 701 1192 741 ¹
1216 708 1439 769 monte
1468 702 1554 769 ad
1586 703 1887 771 Rubrum
1932 705 2124 772 Mare
2152 705 2475 791 pertinen
2524 723 2693 788 qua-

480 825 614 889 que
631 805 858 871 deficit
882 825 1096 886 mona,
1117 805 1301 872 aliud
1325 806 1832 886 munimentum,
1852 808 2089 874 fretum
2110 808 2447 892 objectum
2474 814 2602 872 est.
2632 808 2696 872 6.

480 909 806 974 Planities
834 909 1071 975 deinde
1115 911 1238 976 sub
1281 909 1621 978 radicibus
1670 911 1999 975 montium
2043 912 2354 994 spatiosa
2381 928 2697 993 procum·

478 1014 600 1092 bit,
629 1012 864 1079 fertilis
893 1019 1112 1093 terra,⁸
1141 1012 1508 1097 multisque
1563 1013 1739 1078 vicis
1791 1020 2001 1098 atque
2053 1014 2326 1079 urbibus
2354 1013 2699 1096 frequens.

478 1117 545 1179 7.
591 1114 862 1182 Araxes
883 1113 909 1151 ¹¹
940 1117 1151 1183 amnis
1181 1134 1300 1198 per
1327 1113 1457 1179 hos
1489 1134 1769 1200 campos
1806 1118 2159 1182 multorum
2199 1134 2411 1199 aquas
2439 1120 2696 1180 torren-

960 354 1029 413 Q.
1075 349 1335 401 cunru
1386 346 1569 398 num
1622 350 1771 400 Lis.
1821 351 1889 399 v.
1934 349 2096 401 οΑΡ.
2141 337 2209 400 4.

544 1308 563 1331 ‘
599 1302 915 1352 Extenditur.

1398 1380 1702 1405 ‘nocente
1706 1383 1767 1407 O,
1846 1394 1851 1401 ·

481 1481 825 1543 longitudinem
850 1482 966 1532 DC.
1002 1482 1152 1533 Leid.
1176 1483 1228 1533 in
1250 1486 1283 1533 l.
1326 1495 1391 1539 ω
1427 1485 1545 1535 DC.
1577 1484 1729 1534 Voss.
1770 1489 1818 1533 l.
1857 1490 1915 1534 et
1950 1482 2116 1547 Bong.
2147 1485 2196 1532 2.
2219 1480 2272 1530 in
2296 1483 2328 1531 l.
2355 1481 2502 1530 DCta
2523 1480 2699 1538 militm

480 1545 581 1595 Ed.
606 1562 686 1610 pr.
710 1549 924 1597 Venett.
947 1549 1144 1598 Veron.
1177 1549 1299 1600 Ald.
1325 1558 1379 1600 et
1402 1552 1538 1600 Mer.
1561 1550 1615 1599 in
1636 1552 1670 1602 l.
1695 1551 1868 1599 MCC.
1889 1549 2084 1609 stadim
2121 1548 2314 1598 Fauen.
2336 1555 2392 1596 et
2415 1545 2562 1595 Pith.
2584 1545 2640 1594 in
2662 1546 2698 1595 1.

480 1611 609 1660 mille
631 1618 888 1671 sexcenta,·
920 1614 1084 1676 Βοῦς.
1127 1618 1172 1665 l.
1208 1615 1262 1664 in
1299 1617 1336 1664 1.
1364 1617 1436 1666 D.
1462 1616 1575 1665 Cta.
1607 1619 1624 1644 ‘
1645 1616 1783 1665 Mira
1805 1614 1958 1665 codd.
1994 1623 2077 1664 est
2101 1614 2341 1663 varietaS.
2408 1611 2548 1661 Hinc
2572 1611 2698 1660 mihi

480 1675 716 1740 injicitur
738 1678 990 1742 suspicio,
1015 1679 1175 1730 verba
1191 1683 1364 1744 :qaod
1385 1683 1439 1731 in
1459 1683 1495 1729 l.
1520 1681 1701 1730 MDC.
1723 1682 1849 1730 stad.
1871 1684 1925 1730 in
1944 1682 1980 1730 l.
2003 1678 2223 1730 CLXX.
2242 1677 2502 1742 procurrit,
2526 1674 2697 1725 insiti-

482 1742 560 1791 tia
582 1757 715 1808 esse,
738 1759 853 1809 quae
888 1745 1122 1809 inprimis
1145 1752 1201 1796 et
1230 1746 1353 1796 inde
1377 1751 1618 1810 augetur,
1639 1747 1779 1809 quod
1803 1746 2014 1796 Curtius
2037 1744 2407 1807 Geographica
2427 1742 2701 1805 indiligen-

484 1808 685 1859 tissime
710 1816 956 1872 tractare,
994 1826 1160 1876 neque
1203 1811 1328 1860 alibi
1368 1826 1583 1876 usquam
1608 1811 1952 1873 longitudinem
1973 1818 2064 1860 aut
2087 1810 2389 1860 latitudinem
2427 1808 2699 1870 regionum

481 1886 668 1923 curare
692 1873 862 1924 solet!
900 1877 1051 1927 Cunz.
1117 1877 1133 1904 ‘
1154 1876 1274 1926 Non
1299 1877 1579 1940 spernendi
1604 1884 1724 1926 sunt
1760 1877 1862 1925 duo
1901 1875 2052 1926 codd.
2086 1874 2345 1939 [Florent.
2369 1879 2424 1922 et
2445 1872 2596 1922 Voss.
2623 1870 2697 1934 l.]

483 1939 571 2000 qui
606 1938 912 1991 altitudinem
944 1956 1039 2006 pro
1073 1942 1378 1991 latitudinem
1416 1940 1705 1992 exhibent.’
1757 1941 2050 1992 Schmieder.
2133 1941 2364 1991 Florent.
2395 1939 2548 1988 Voss.
2573 1943 2618 1986 l.
2643 1943 2698 1987 et

484 2004 650 2065 Βοῦς.
688 2005 911 2061 CLXX.
930 2007 1098 2056 stadia*
1118 2007 1359 2071 procurrit
1373 2023 1393 2066 ,·
1432 2007 1586 2058 Frob.
1628 2006 1792 2057 CLX.
1814 2007 2090 2071 praem-rit,-
2123 2007 2234 2056 Elz.
2260 2004 2484 2055 CLXX.
2504 2017 2696 2067 percur-

481 2070 569 2119 rit.
607 2070 749 2120 Pith.
772 2088 803 2120 a
828 2072 1055 2122 Causazo.
1123 2073 1355 2123 Florent.
1381 2080 1435 2123 et
1461 2073 1609 2123 Leid.
1631 2088 1812 2137 quaque
1832 2073 2121 2132 ‹sescena-⁷
2156 2071 2297 2121 Dan.
2317 2071 2517 2120 omittit
2534 2081 2698 2133 aquaS,

1479 2221 1696 2273 NOTAE

486 2357 600 2401 erat
650 2350 786 2416 quod
843 2367 936 2416 per
985 2352 1216 2403 Mediam
1265 2351 1547 2405 deflectere

484 2435 771 2494 oporteret.
833 2430 1145 2498 Quanquam
1168 2447 1200 2483 a
1223 2433 1396 2484 Borea
1422 2447 1549 2498 quo·

486 2522 589 2574 que
632 2514 941 2572 perpetuum
979 2511 1171 2561 montis
1214 2511 1548 2561 Parchoatrae

474 2585 663 2648 jugum
694 2585 748 2635 in
773 2586 1046 2639 Ptolemaei
1080 2589 1271 2640 tabulis
1305 2589 1550 2640 obtendi·

485 2669 591 2712 tur.

549 2745 571 2771 θ
605 2739 667 2788 In
696 2740 1065 2805 longitudinem]
1115 2742 1343 2807 Longius
1382 2742 1549 2791 multo

485 2828 600 2864 esse
616 2824 828 2880 oportet
850 2818 1121 2869 occiduum
1152 2818 1389 2869 Persidis
1411 2819 1550 2868 latus

486 2892 624 2956 quod
652 2908 682 2941 a
705 2893 885 2945 Media
908 2895 974 2945 ad
1001 2895 1270 2946 Persicum
1293 2909 1457 2960 usque
1480 2894 1550 2944 si-

485 2984 605 3019 num
644 2974 894 3035 pertinet,
922 2972 967 3022 si
996 2971 1238 3023 Straboni
1272 2972 1553 3023 credimus.

483 3047 538 3097 Is
571 3048 708 3098 enim
743 3048 951 3099 Persidi
985 3049 1168 3099 tribuit
1197 3047 1369 3100 stadia
1399 3052 1551 3099 4300.

487 3124 555 3174 ab
592 3125 801 3176 Occasu
836 3126 889 3175 in
928 3125 1138 3177 Ortum.
1214 3124 1379 3191 Atqui
1409 3124 1550 3175 haud

485 3204 641 3265 paulo
663 3204 881 3267 amplius
914 3218 945 3253 a
976 3203 1203 3255 Meridie
1231 3204 1286 3253 in
1304 3203 1549 3268 Septem-

485 3282 708 3333 trionem
729 3283 1052 3335 extenditur.

549 3358 569 3393 s
595 3360 643 3411 A
670 3358 903 3424 Caucaso]
945 3361 1335 3426 Parapamisum
1358 3361 1549 3412 intelli·

487 3437 580 3500 git,
596 3437 664 3487 de
686 3454 787 3504 quo
804 3454 898 3489 nos
916 3435 1055 3489 infra
1068 3438 1262 3489 dicturi
1283 3454 1459 3489 sumus
1481 3441 1547 3489 ad

485 3514 577 3565 lib.
603 3529 705 3567 vu.
737 3531 856 3581 cap.
872 3520 922 3567 3.
1005 3516 1227 3567 Rubrum
1259 3517 1424 3581 Mare]
1472 3519 1551 3568 Si-

486 3605 608 3642 num
632 3594 922 3658 Persicum,
941 3593 1010 3645 de
1040 3609 1142 3659 quo
1171 3594 1261 3645 lib.
1282 3608 1408 3646 vm.
1429 3609 1550 3660 cap.

486 3674 535 3719 9.
571 3669 621 3719 A
652 3671 886 3721 Caucaso
902 3670 1066 3735 igitur
1086 3670 1197 3719 sive
1211 3671 1551 3735 Parapamiso

486 3748 761 3801 multorum
779 3748 1030 3797 montium
1045 3747 1209 3797 veluti
1222 3761 1419 3797 cornua
1432 3761 1550 3813 pro-

486 3823 706 3884 minent,
746 3837 962 3889 quorum
1017 3836 1193 3887 unum,
1235 3822 1321 3872 eui
1362 3836 1550 3874 nomen

486 3901 501 3929 ‘
523 3900 905 3972 Parchoatras,’
919 3903 972 3952 in
994 3901 1253 3953 oceasum
1273 3915 1552 3952 excurrens

486 3978 755 4028 Parthiam
780 3994 809 4028 a
826 3978 1355 4042 Carmania,Mediam
1373 3995 1403 4028 a
1422 3978 1552 4029 Per·
1582 4031 1593 4050 θ

383 4060 388 4064 ’
488 4054 603 4124 side
641 4054 873 4117 dirimit3
922 4062 1033 4106 tum
1076 4056 1169 4105 ubi
1205 4056 1270 4106 ad
1316 4056 1550 4109 Susianae

486 4124 992 4201 Uxiorumque'fines
1025 4136 1284 4201 pervenit,
1304 4136 1356 4187 in
1389 4138 1551 4189 Meri-

488 4211 624 4260 diem
649 4212 888 4274 vertitur,
908 4219 965 4261 et
986 4213 1054 4261 ad
1085 4213 1353 4264 Persicum
1383 4215 1548 4266 sinum

492 4288 761 4355 pertingit,
805 4302 907 4340 non
945 4288 1160 4355 amplius
1204 4297 1378 4343 tamen
1420 4293 1550 4345 Par·

1628 2354 1853 2405 choatrae
1890 2353 2115 2403 nomine.
2183 2350 2407 2415 Fretum]
2450 2349 2697 2400 Persicus

1628 2432 1791 2495 sinus,
1826 2431 1966 2499 quod
2009 2430 2161 2481 modo
2200 2428 2476 2480 ‘Rubrum
2522 2424 2702 2478 Mare’

1628 2509 1853 2562 dixerat.

1695 2596 1721 2632 8
1757 2586 1960 2638 Fertilis
1992 2584 2146 2649 terra]
2178 2584 2243 2634 In
2269 2582 2696 2643 Mediterraneis,

1629 2671 1692 2717 ut
1712 2664 1906 2715 docent
1931 2662 2121 2714 Strabo
2143 2668 2200 2712 et
2221 2660 2494 2711 Arrianus.
2562 2659 2696 2709 Nam

1629 2741 1890 2791 maritima
1905 2754 2122 2792 arenosa
2143 2747 2224 2789 est
2248 2745 2407 2804 atque
2425 2739 2494 2788 ob
2511 2744 2696 2787 aestum

1629 2819 1842 2870 sterilis.

1698 2895 1724 2930 ¹¹
1758 2894 1970 2960 Araxes]
2041 2894 2294 2945 Diversus
2350 2892 2436 2942 hic
2494 2891 2563 2942 ab
2599 2891 2694 2941 alio

1635 2973 1810 3026 Araxe
1844 2987 1997 3040 quem
2031 2987 2189 3037 supra
2222 2970 2467 3032 diximus,
2506 2984 2625 3033 cap.
2646 2974 2696 3019 1.

1633 3067 1698 3103 ex
1713 3051 2085 3116 eodem,atque
2102 3048 2418 3113 Euphrates,
2437 3052 2491 3096 et
2507 3046 2696 3110 Tigris,

1634 3135 1690 3180 et
1713 3128 1916 3187 Phasis.
1947 3130 1998 3177 in
2026 3125 2273 3177 Armenia
2305 3124 2456 3175 fonte
2482 3137 2694 3173 nascen-

1631 3215 1755 3271 tem,
1788 3206 1839 3257 in
1887 3205 2132 3271 Caspium
2173 3217 2318 3253 mare
2349 3201 2475 3251 labi.
2541 3200 2694 3250 Istius

1630 3292 1803 3336 aiitem
1824 3284 2028 3333 Persici
2062 3280 2296 3331 meminit
2317 3291 2523 3345 quoqne
2554 3279 2694 3329 Stra-

1631 3362 1697 3412 bo
1721 3362 1809 3412 lib.
1836 3374 1934 3411 xv.
1958 3367 2115 3424 atque
2150 3359 2202 3408 in
2236 3357 2593 3410 Paraetacenis
2617 3370 2694 3405 or·

1631 3445 1761 3502 tum,
1782 3453 1849 3488 ex
1871 3438 2193 3488 Parchoatra
2225 3441 2401 3484 monte
2435 3433 2695 3492 videlicet,

1623 3516 1783 3581 juxta
1799 3512 2124 3577 Persepolim
2145 3512 2220 3561 ait
2240 3508 2403 3560 fuisse
2421 3510 2691 3575 trajectum

1633 3593 1697 3642 ab
1721 3590 2039 3642 Alexandro.
2095 3588 2251 3640 Hunc
2273 3602 2375 3652 ego
2397 3601 2512 3638 esse
2537 3586 2692 3650 suspi-

1632 3684 1724 3721 cor
1737 3683 1890 3736 quem
1913 3666 2164 3717 Arrianus
2187 3665 2280 3714 lib.
2311 3665 2506 3714 Rerum
2526 3663 2688 3714 Indic-

1634 3743 1963 3811 ‘Rogonim,’
2005 3743 2232 3794 Ptolem.
2268 3742 2361 3794 lib.
2396 3755 2473 3792 vr.
2511 3756 2626 3806 cap.
2645 3745 2687 3791 4.

1628 3827 1645 3855 ‘
1671 3822 2088 3889 Rhogomanem'
2132 3829 2306 3872 vocat.
2393 3820 2498 3871 Sed
2557 3818 2687 3885 apud

1631 3905 1787 3955 istum
1830 3902 1988 3954 credo
2030 3901 2168 3952 maie
2208 3899 2518 3951 collocatum
2564 3909 2688 3957 esse,

1633 3982 1770 4047 apud
1809 3980 2087 4032 Arrianum
2128 3978 2326 4030 rectius
2362 3978 2500 4028 ultra
2545 3977 2686 4026 alium

1631 4061 1713 4111 cui
1737 4062 1752 4089 ‘
1769 4059 2014 4110 Brizana’
2041 4058 2150 4108 sive
2170 4060 2186 4086 ‘
2206 4056 2458 4107 Brisoana
2473 4053 2489 4076 ’
2509 4066 2691 4105 nomen

1629 4145 1727 4189 est.
1790 4137 2001 4202 Quippe
2028 4131 2351 4197 Persepolim
2381 4128 2688 4182 Ptolemaeus

1630 4215 1742 4278 ipse
1783 4212 2126 4278 Rhogomsni,
2160 4208 2347 4261 Strabo
2386 4215 2445 4259 et
2482 4206 2683 4259 Curtius

1630 4292 1797 4344 Araxi
1832 4291 2053 4343 vicinam
2085 4287 2308 4340 faciunt.
2376 4285 2501 4341 Fuit
2521 4292 2681 4337 autem
