2978 4933
795 400 912 448 οι..
963 398 1155 447 oxu.
1195 382 1264 454 3.
1339 401 1412 449 A.
1445 382 1587 449 cn.
1631 401 1706 450 N.
1749 383 1901 450 330.
2335 385 2465 452 429

252 547 386 611 ritu
437 544 710 610 canere’
764 544 1175 611 inconditum
1227 551 1298 610 et
1349 546 1707 612 abhorrens
1761 547 2130 632 peregrinis
2189 547 2467 614 auribus

254 649 577 714 carmen.d
656 646 722 714 6.
767 648 948 714 Inter
977 668 1152 733 quas
1184 667 1383 714 unam
1424 670 1548 716 rex
1579 652 2134 736 ipse—conspexit
2162 653 2468 716 moestio-

251 771 391 819 rem
436 770 641 837 quam
685 759 969 834 ceterae,
1001 759 1067 818 et
1096 754 1620 838 producentibus
1666 774 1814 820 eam
1843 756 2218 821 verecunde
2252 756 2469 819 reluc-

253 861 511 922 tantem
536 876 551 918 :
573 867 597 896 ⁸
638 856 982 923 excellens
1024 864 1172 922 erat
1213 856 1448 934 forma,
1480 865 1553 922 et
1580 858 1862 922 formam
1894 859 2119 943 pudor
2158 858 2470 923 honesta-

254 959 421 1040 δαῖς
472 957 757 1042 dejectis
786 958 859 1022 in
887 963 1143 1024 terram*
1163 960 1376 1026 oculis
1419 965 1510 1039 et,
1555 967 1882 1045 quantum
1912 962 2184 1040 licebat,
2214 981 2327 1025 ore
2355 976 2471 1024 ve-

250 1062 416 1140 lato,
447 1062 908 1146 suspicionem
954 1063 1242 1145 praebuit
1292 1061 1450 1145 regi,
1497 1063 1891 1128 nobiliorem
1935 1083 2116 1142 esse,
2162 1082 2363 1146 quam
2391 1068 2470 1126 ut

252 1164 433 1229 inter
480 1165 874 1230 convivales
920 1164 1124 1228 ludos
1178 1164 1456 1229 deberet
1500 1165 1786 1230 ostendi.
1874 1168 1941 1232 7.
1990 1165 2164 1248 Ergo
2195 1166 2470 1229 interro-

253 1273 417 1350 gata
446 1270 469 1302 ‘
488 1285 802 1351 quaenam
820 1274 1009 1332 esset
1030 1269 1060 1332 ‘t
1089 1271 1360 1351 neptem
1379 1287 1452 1332 se
1482 1266 1713 1347 ochis*
1731 1269 1852 1352 qui
1883 1288 2098 1353 nuper
2122 1274 2472 1351 regnasset

250 1369 324 1433 in
356 1370 603 1448 PersiS,
629 1369 771 1435 filio
797 1368 948 1454 ejus
983 1371 1278 1453 genitam
1298 1368 1495 1449 esse‚’
1524 1370 1916 1454 respondit3
1949 1376 1970 1404 ‘
1997 1389 2272 1436 uxorem
2303 1368 2473 1434 His-

251 1472 471 1557 taspis
509 1472 722 1536 fuisse
745 1470 784 1537 :’
829 1472 1253 1556 propinquus
1280 1472 1393 1538 hic
1434 1472 1630 1539 Darii
1675 1472 1916 1552 fuerat,
1961 1473 2188 1556 magni
2231 1478 2297 1537 et
2325 1470 2473 1555 ipse

252 1574 599 1640 exercitus
627 1579 897 1659 praetor.
982 1576 1045 1642 8.
1076 1575 1321 1641 Adhuc
1344 1576 1414 1640 in
1443 1576 1667 1641 animo
1696 1577 1872 1660 regis
1904 1581 2139 1641 tenues
2166 1575 2472 1660 reliquiae

251 1676 532 1763 pristini
553 1679 757 1743 moris
779 1677 1152 1762 haerebant:
1184 1679 1417 1762 itaque
1432 1678 1773 1744 fortunam
1791 1679 1972 1762 regia
2000 1678 2471 1762 stirpezgenitae

250 1787 325 1844 et
342 1786 478 1845 tam
498 1781 762 1846 celebre
788 1801 1031 1848 nomen
1048 1783 1394 1863 reveritus,
1424 1786 1447 1818 ‘
1467 1801 1602 1847 non
1621 1782 1872 1846 dimitti
1890 1778 2092 1847 modo
2113 1781 2475 1866 captivam,

254 1882 376 1949 sed
407 1884 617 1949 etiam
642 1886 900 1952 restitui
929 1887 994 1951 ei
1027 1905 1191 1951 suas
1237 1883 1443 1971 opes'
1481 1885 1731 1969 jussit:
1776 1886 2032 1950 ‘virum
2072 1904 2335 1969 quoque
2379 1905 2479 1949 re-

256 1985 458 2070 quiri,
486 1994 567 2051 ut
587 1993 849 2073 reperto
879 1987 1237 2072 conjugem
1265 1988 1607 2054 redderet.'
1692 1988 1759 2054 9:
1803 1988 2087 2053 Postero
2117 1995 2342 2053 autem
2367 1988 2475 2052 die

254 2089 576 2173 praecipit
606 2090 1107 2175 Hephaestioni,
1161 2096 1273 2158 ‘ut
1293 2103 1528 2156 omnes
1560 2092 1878 2176 captivos
1908 2090 1974 2154 in
2004 2091 2254 2173 regiam
2275 2088 2474 2174 jube-

254 2191 640 2257 ret'adduci
664 2191 702 2252 :'
746 2193 862 2258 ubi
908 2192 1323 2276 singulorum
1351 2192 1705 2260 nobilitate
1738 2200 2076 2277 spectata,
2119 2193 2405 2259 secrevit
2433 2213 2476 2258 a

254 2293 487 2378 vulgo,
518 2314 801 2379 quorum
832 2297 1165 2363 eminebat
1208 2295 1469 2382 genus!
1550 2298 1806 2362 Deoem
1848 2296 1917 2361 hi
1962 2297 2266 2378 fuerunt3
2311 2297 2476 2362 inter

254 2414 433 2483 quos
459 2401 759 2483 repertus
785 2402 896 2464 est
925 2397 1265 2470 Oxathres
1281 2407 1305 2436 ⁶
1330 2398 1529 2465 Darii
1558 2399 1782 2479 frater,
1811 2420 1948 2466 non
1977 2399 2160 2466 illius
2184 2398 2474 2479 fortuna,

321 2592 352 2629 ὅ
384 2597 638 2661 Ingratum
659 2604 932 2650 exterorum
956 2600 1268 2650 Macedonum
1288 2599 1485 2652 auribus
1507 2600 1811 2662 cantilenam.

321 2669 344 2695 θ
380 2664 500 2712 Cum
521 2667 698 2728 pudore
715 2666 1016 2716 resistentem
1035 2666 1101 2715 iis
1124 2667 1202 2729 qui
1224 2665 1382 2729 ipsam
1405 2666 1459 2713 in
1480 2666 1686 2714 medium
1707 2663 2056 2729 pertrahebant.
2372 2698 2375 2702 -

313 2722 351 2769 s
373 2728 603 2791 Seiunxit
624 2745 655 2779 a
676 2731 870 2793 vulgari
889 2730 1183 2795 captivorum
1205 2731 1346 2779 turbo
1365 2731 1492 2795 illos,
1512 2745 1710 2793 quorum
1728 2730 1880 2793 stirps
1901 2730 2151 2780 nobilitate
2170 2727 2443 2779 excellebat.

1213 2888 1581 2914 “MN“

255 3011 291 3057 6
325 3004 486 3057 Both.
517 3020 618 3070 pro
656 3007 967 3069 glossemate
1002 3008 1165 3061 habet
1203 3022 1384 3061 vocem
1418 3025 1523 3061 rex.
1592 3009 1695 3061 Ed.
1718 3023 1801 3074 pr.
1822 3009 2011 3059 Venet.
2035 3007 2229 3059 Veron.
2254 3006 2477 3059 Medioh

247 3072 410 3123 *Junn
437 3070 561 3121 Ald.
580 3072 745 3123 Coiin.
762 3072 968 3138 Gryph.
984 3074 1105 3125 Bas.
1129 3074 1267 3125 Mer.
1285 3084 1342 3126 et
1358 3076 1470 3126 Col.
1493 3081 1541 3126 et
1554 3073 1920 3140 producentibus
1935 3089 2031 3124 eas.
2056 3075 2171 3123 Pal.
2185 3079 2232 3124 l.
2251 3080 2296 3124 et
2309 3076 2480 3138 pudor,

256 3136 452 3186 omisso
472 3138 543 3199 τῷ
560 3137 775 3196 sormam
785 3154 806 3197 ς
839 3139 988 3190 Voss.
1014 3145 1060 3189 1.
1082 3145 1132 3189 et
1148 3140 1199 3201 s.
1224 3157 1277 3205 p.
1302 3141 1640 3192 homnestabat.
1690 3142 1921 3191 Florent.
1940 3140 2086 3191 Leid.
2108 3141 2251 3189 Voss.
2270 3144 2317 3190 1.
2338 3141 2479 3189 Dan.

256 3202 394 3253 Put.
402 3203 546 3254 Pith,
559 3204 748 3254 Fauch.
762 3204 927 3267 Bong.
940 3203 1113 3256 Amet.
1125 3215 1179 3256 et
1192 3207 1357 3270 Lugd.
1370 3208 1505 3257 ludos
1524 3207 1918 3257 conviviola—7
1936 3206 2043 3256 Pro
2053 3210 2236 3269 neptem
2249 3206 2480 3255 Florent-

256 3267 411 3320 Leid.
422 3265 574 3319 Voss.
590 3273 638 3317 1.
654 3276 709 3318 et
719 3269 892 3333 Bong.
916 3271 1120 3333 neptim.
1189 3272 1427 3323 Florent.
1452 3272 1600 3321 Leid.
1626 3277 1680 3322 et
1703 3274 1855 3322 Voss.
1879 3276 1925 3320 l.
1949 3270 2229 3335 Histapsiu
2249 3270 2478 3319 Schmie·

258 3332 375 3381 der.
389 3332 668 3394 legendum
688 3340 838 3396 putat
853 3334 1120 3399 Hystaspis
1134 3351 1198 3385 ex
1218 3335 1424 3387 Atrion.
1438 3351 1539 3387 vn.
1555 3341 1606 3387 6.
1619 3341 1773 3388 7.-8
1784 3337 2019 3386 Floreat.
2039 3335 2343 3385 Leid.Voss.
2359 3338 2407 3383 1.
2427 3338 2477 3382 2.

259 3396 403 3448 Dan.
417 3398 543 3449 Pal.
557 3401 606 3447 1.
623 3397 763 3449 Pith.
779 3398 903 3450 Put.
921 3400 1114 3450 Fauch.
1130 3402 1506 3465 Bong.Venet.
1520 3402 1713 3451 Veron.
1727 3402 1850 3451 Vet.
1869 3415 1954 3451 an.
1976 3404 2119 3450 1474.
2169 3399 2324 3448 Frob.
2341 3399 2478 3447 Mer.

259 3460 389 3512 Am.
411 3461 581 3512 Colin.
613 3463 819 3529 Gryph.
845 3472 901 3515 et
926 3463 1048 3524 Bas.
1070 3481 1234 3516 nomen
1259 3472 1446 3530 neptem
1474 3468 1600 3516 Ochi
1621 3467 1875 3516 reveritae.
1940 3463 2063 3515 Ald.
2089 3464 2254 3514 Colin.
2277 3463 2480 3527 Gryph.

259 3533 319 3575 et
335 3526 500 3579 codd.
524 3528 691 3591 Bong.
725 3530 810 3578 ‘sed
830 3535 879 3579 et
899 3531 1212 3581 restitut—9
1235 3533 1466 3582 Floreat.
1485 3534 1640 3582 Voss.
1668 3537 1713 3582 1.
1737 3536 1786 3581 2.
1812 3531 1928 3581 Col.
1952 3536 2008 3579 et
2030 3529 2153 3580 Bas.
2178 3530 2476 3591 Ephestiom'.

261 3592 386 3641 Pal.
409 3597 459 3642 1.
480 3598 538 3643 et
556 3594 712 3643 Voss.
735 3595 788 3644 ὴ
803 3595 994 3656 ¹reg-iam
1014 3596 1202 3645 deberet
1224 3600 1472 3647 adducere.
1539 3597 1770 3647 Florent.
1793 3596 1943 3646 Leid.
1970 3597 2112 3645 Dan.
2136 3601 2191 3644 et
2212 3596 2381 3657 Bong.
2409 3593 2480 3642 ibi

263 3657 579 3718 singulorum.
629 3658 763 3709 Mox
785 3674 881 3723 pro
903 3661 1083 3709 Decem
1098 3661 1248 3713 Pith.
1275 3663 1467 3713 Fauch.
1492 3663 1661 3726 Bong.
1688 3668 1734 3712 l.
1752 3666 1882 3713 2.·et
1904 3662 2077 3724 vulgg.
2101 3667 2222 3710 ante
2243 3659 2477 3709 Freinsh.

264 3722 430 3780 mine,-
467 3722 614 3773 Leid»
654 3730 711 3773 et
739 3724 889 3775 Voss.
913 3729 959 3775 1.
997 3736 1061 3780 α)
1084 3762 1097 3777 .
1164 3727 1275 3777 Pro
1312 3728 1556 3777 Oxathres
1578 3736 1636 3777 ut
1661 3726 1712 3776 in
1738 3728 1972 3777 Florent.
2004 3726 2150 3776 Leid.
2172 3725 2320 3775 Voss,
2346 3728 2393 3774 1.
2423 3729 2479 3774 et

266 3787 439 3853 Bong·
460 3786 586 3839 Ald.
609 3788 770 3839 habet
796 3790 1038 3855 Oxyetres
1050 3809 1071 3852 ,·
1104 3791 1219 3844 Pal.
1241 3798 1288 3843 1.
1311 3793 1549 3844 Meathles
1559 3809 1581 3854 ,·
1604 3794 1759 3843 Voss·
1776 3797 1826 3842 2.
1848 3793 2129 3843 Meuathres
2142 3807 2164 3852 ,·
2186 3790 2328 3843 Pith.
2352 3804 2480 3841 vero

1262 3958 1478 4009 NOTAE

335 4058 364 4097 ἆ
397 4063 547 4128 Ochi]
573 4065 666 4116 De
687 4066 776 4117 ino
796 4066 1014 4121 diximus
1032 4070 1099 4121 ad
1124 4070 1217 4121 lib.
1240 4084 1328 4122 111.
1411 4078 1495 4122 est
1531 4070 1620 4121 lib.
1637 4083 1728 4123 ιιι.
1762 4085 1880 4136 cap.
1915 4075 1997 4123 11.
2062 4067 2170 4122 Ubi
2205 4060 2480 4136 quandove

265 4153 391 4214 cup.
419 4142 517 4192 ult.
561 4141 698 4194 Vide
732 4145 871 4199 Just.
904 4147 996 4226 lib.
1035 4162 1091 4206 x.
1159 4149 1332 4213 Capta
1413 4159 1601 4212 eaptus
1634 4148 1723 4212 sit,
1744 4162 1914 4211 nemo,
1943 4148 2077 4215 quod
2102 4148 2282 4211 seiani,
2305 4147 2480 4212 prodi-

263 4217 379 4267 haee
403 4215 577 4268 fuerat
596 4220 733 4284 apud
756 4220 945 4273 Issum.
1413 4224 1514 4275 dit.
1579 4224 1685 4275 S'ed
1707 4225 1806 4275 nisi
1819 4225 1980 4275 Issico
1998 4226 2176 4290 praelio
2196 4233 2378 4289 captus
2401 4223 2479 4273 fo-

333 4299 357 4325 ‘2
395 4293 661 4360 Oxathrer]
690 4295 777 4347 De
793 4297 892 4348 isto
916 4311 1119 4363 quoque
1135 4297 1334 4350 dictum
1414 4308 1517 4367 ret,
1550 4302 1729 4368 >aliqua
1766 4302 1878 4367 ejus
1923 4304 2123 4355 mentio
2166 4302 2234 4353 ad
2280 4301 2479 4352 Arbeia
