2978 4933
497 345 629 419 288

499 513 822 590 audisset,
873 513 892 547 ‘
922 512 1101 578 haud
1130 510 1368 596 procul
1399 511 1640 577 abesse
1681 512 1937 578 hostem
1958 510 1997 596 ς’
2040 511 2465 595 Satropatem
2509 510 2679 594 equi*

495 626 632 684 tum
664 617 1057 703 praet‘ectum
1081 636 1237 682 cum
1263 617 1448 681 mille
1475 616 1757 702 delectis
1788 616 2135 701 praemisit.
2224 613 2499 678 Mazaeo
2522 631 2681 697 prae-

496 721 629 787 tori
677 740 803 786 sex
832 718 1089 786 miniah
1121 720 1301 799 data,
1333 721 1582 803 quibus
1622 720 1879 785 hostem
1908 714 2193 785 transitui
2216 712 2473 782 amnisi
2516 734 2686 782 arce·

494 834 633 892 ret:
705 824 770 890 8.
810 824 1033 889 eidem
1070 824 1485 903 mandatum,
1520 828 1541 858 ‘
1563 832 1638 888 ut
1678 824 2035 905 regionem,
2066 840 2272 905 quam
2302 818 2689 885 Alexander

495 937 674 995 esset
690 929 1016 1006 aditurae,
1035 924 1501 1014 populareturi
1528 936 1732 1012 atque
1751 934 2006 992 ureret:
2025 924 2043 951 '
2075 927 2328 1011 quippe
2358 922 2691 1000 credebat,

493 1033 724 1118 inopia
752 1033 1074 1098 debellari
1125 1051 1333 1117 posse
1372 1031 1545 1096 nihil
1589 1031 1970 1108 habentem,
1998 1030 2131 1094 nisi
2161 1026 2346 1114 quod
2374 1024 2688 1111 rapiendo

493 1142 941 1221 occupasset:
1004 1137 1143 1220 ipsi
1192 1141 1418 1201 autem
1468 1142 1891 1199 commeatus
1944 1132 2062 1197 alii
2110 1139 2306 1209 terra,
2342 1130 2465 1195 alii
2511 1129 2688 1213 Tigri

485 1236 690 1305 ‘amne
741 1240 1302 1306 subvehebantur.
1387 1237 1454 1303 9.
1500 1238 1546 1303 J
1552 1258 1658 1302 am
1715 1240 2113 1320 pervenerat
2154 1234 2242 1298 ad
2291 1230 2549 1297 Arbela
2596 1233 2689 1297 vi-

493 1339 694 1415 cum,¹‘
740 1344 1031 1416 nobilem
1079 1362 1207 1407 sua
1236 1340 1427 1407 clade
1469 1340 1846 1405 facturusz‘
1889 1339 1998 1405 hic
2026 1339 2528 1404 commeatuum
2559 1355 2687 1402 sar-

958 369 1026 427 Q.
1069 366 1336 415 cunm
1388 367 1569 417 num
1622 368 1771 415 me.
1818 367 1918 415 tv.
1967 365 2135 418 cn.
2177 351 2246 417 9.

507 1575 516 1581 -
555 1555 575 1581 ²
613 1549 766 1607 Quem
785 1565 870 1601 ma
890 1556 1059 1614 strage
1080 1551 1313 1602 celebrem
1331 1550 1604 1600 redditurus
1621 1555 1746 1600 erat.
2624 1605 2640 1642 x

1418 1678 1537 1700 0000
1544 1679 1784 1701 00000000

489 1780 687 1831 omittit
710 1781 837 1830 hand
859 1787 981 1831 ante
1007 1783 1189 1845 procul.
1255 1781 1474 1832 Theocr.
1496 1785 1657 1848 procul
1677 1798 1793 1834 esse.
1862 1782 1981 1834 Pal.
2005 1787 2054 1834 1.
2089 1782 2257 1845 Bong.
2288 1785 2343 1830 et
2367 1779 2509 1830 Dan.
2530 1778 2687 1829 Satro-

486 1852 682 1909 patem3
730 1846 962 1897 Florent.
986 1848 1135 1899 Leid.
1158 1855 1215 1898 et
1235 1848 1389 1898 Voss.
1414 1852 1462 1898 1.
1478 1853 1526 1898 2.
1553 1849 1880 1914 Satropaten3
1916 1849 2002 1898 alii
2029 1848 2148 1898 Satr
2263 1861 2354 1898 em.
2401 1845 2538 1895 Eud.
2563 1850 2686 1894 vett.

492 1927 597 1961 eum
620 1912 745 1962 mille
765 1914 966 1962 selectis.
1035 1913 1133 1962 Ed.
1161 1928 1237 1975 pr.
1260 1916 1454 1963 Venet.
1489 1909 1639 1965 Roni.
1675 1915 1895 1965 Mediol.
1932 1915 2125 1964 Veron.
2205 1913 2273 1962 ld.
2297 1911 2466 1962 Colin.
2491 1910 2688 1973 Gryph.

492 1977 614 2026 Bas.
640 1978 752 2027 Col.
775 1977 922 2028 Frob.
947 1979 1083 2028 Mer.
1107 1980 1285 2029 Maitt.
1309 1980 1499 2030 cellar.
1518 1981 1652 2031 Tell.
1684 1982 1808 2045 Bip.
1833 1980 1992 2029 Cunz.
2013 1986 2069 2029 et
2107 1978 2264 2028 Both.
2303 1976 2557 2026 omittunt
2590 1974 2693 2024 hos·

492 2048 619 2100 tem,·
670 2044 836 2101 Bona.
861 2044 1091 2094 Florent.
1111 2044 1259 2094 Leid.
1283 2045 1434 2095 Voss.
1461 2050 1584 2098 1.,2.
1607 2046 1711 2108 alii,
1733 2060 1852 2095 cum
1880 2046 1990 2095 Col.
2017 2048 2159 2095 1579.
2180 2042 2346 2105 Lugd.
2374 2045 2528 2091 1584.
2548 2043 2690 2089 1588.

490 2109 638 2157 1591.
665 2107 834 2158 Amst.
860 2113 1004 2159 1621.
1031 2113 1172 2159 1628.
1201 2113 1346 2159 1629.
1370 2114 1517 2160 1686.
1535 2111 1772 2162 Freinsh.
1796 2111 1984 2161 Pitisc.
2004 2109 2160 2159 Snak.
2184 2117 2241 2157 et
2267 2107 2426 2157 Barb.
2449 2124 2498 2171 q.
2523 2106 2694 2154 hostem

490 2172 702 2222 transitu
724 2189 744 2231 ‚·
799 2174 922 2225 Bas.
949 2182 1003 2225 et
1027 2174 1138 2223 Col.
1177 2176 1533 2225 transitus—9
1566 2177 1756 2241 Vulgg.
1779 2179 1842 2226 ad
1865 2177 2137 2234 Arbeaa-m3
2193 2173 2358 2236 Lugd.
2386 2172 2561 2222 Amst.
2583 2170 2692 2220 Col.

490 2237 646 2286 Frob.
672 2246 726 2288 et
745 2239 884 2289 Mer.
909 2239 1131 2298 Arbella;
1166 2241 1319 2288 Voss.
1345 2247 1392 2292 1.
1409 2248 1691 2303 pervenerat
1711 2241 1888 2292 Arbela
1905 2259 1927 2301 ,·
1975 2242 2132 2291 Voss.
2155 2244 2203 2289 2.
2218 2243 2504 2303 pervenerat
2523 2235 2690 2287 Arbel-

492 2303 604 2351 lnm.
672 2304 786 2353 Pal.
815 2307 860 2353 1.
885 2306 1058 2367 nobile,
1082 2314 1137 2356 et
1161 2320 1314 2356 mox:
1347 2310 1743 2365 eomnaeantium3
1794 2308 1929 2358 Mer.
1965 2312 2245 2368 commeatu,
2281 2311 2338 2355 et
2371 2317 2527 2354 mox:
2563 2304 2695 2365 depo-

1485 2435 1539 2488 N
1543 2436 1707 2488 OTAE

557 2547 582 2580 ¹¹
615 2547 715 2599 Sex
734 2549 912 2614 millia]
943 2549 1064 2600 Tria
1087 2550 1252 2601 solum·
1266 2549 1392 2601 data
1412 2550 1553 2616 apud

494 2627 773 2677 Arrianum
795 2630 929 2694 lego.

555 2705 569 2738 ἱ
607 2706 833 2756 Transitu
864 2704 1041 2769 amnis]
1076 2705 1376 2770 Euphratis,
1398 2721 1554 2771 quem

493 2781 559 2832 ad
577 2783 898 2848 Thapsacum
924 2783 1131 2847 trajecit
1154 2783 1469 2833 Alexander.

549 2858 568 2902 J
594 2860 937 2924 Popularetur]
962 2862 1037 2910 Ea
1056 2859 1194 2909 forte
1217 2875 1372 2910 cansa
1394 2859 1556 2910 fuerit

492 2950 586 2984 eur
610 2935 930 3000 Alexander,
942 2945 1000 2987 ut
1023 2937 1275 2987 Arrianus
1293 2937 1553 3001 observat,

492 3026 595 3061 non
629 3020 776 3062 recta
801 3014 885 3062 via
917 3014 984 3063 ab
1007 3013 1293 3078 Euphrate,
1316 3028 1467 3078 quem
1487 3015 1555 3064 ad

493 3087 817 3150 Thapsacum
878 3090 1176 3154 trajecerat,
1229 3089 1554 3153 Babylonem

491 3166 847 3229 contenderim
873 3167 964 3216 sed
988 3165 1037 3214 in
1064 3167 1248 3214 laevam
1271 3165 1555 3230 divertens,

492 3242 591 3291 iter
608 3241 810 3307 ceperit
827 3250 881 3293 et
894 3242 1134 3292 ducendo
1152 3242 1402 3292 exercitui
1415 3258 1554 3292 com-

492 3318 712 3382 modius,
731 3326 787 3370 et
807 3320 1007 3385 pabulis
1030 3319 1392 3370 abundantius.

556 3398 582 3434 ¹⁸
603 3399 778 3449 Arbela
798 3399 975 3465 deum]
1001 3400 1232 3450 Primum
1255 3400 1322 3450 de
1348 3399 1553 3451 nomine

491 3476 627 3539 ipso,
655 3484 763 3527 tum
786 3478 849 3526 de
873 3493 928 3528 re
946 3479 1278 3544 quaerendum
1296 3466 1404 3529 est.
1454 3478 1552 3529 Ar·

490 3554 659 3603 bellam
694 3555 877 3619 legunt
908 3556 1174 3617 nonnulli3
1207 3556 1297 3605 alii
1318 3555 1551 3607 Arbella:

492 3631 705 3693 rectius,
736 3632 939 3697 opinor,
970 3632 1147 3684 Arbela
1177 3635 1558 3698 scripserimus,

494 3708 709 3759 Graecos
727 3712 915 3774 secuti,
934 3711 1218 3777 apud‘quos
1238 3712 1424 3776 passim
1437 3712 1552 3775 ''Ap-

490 3788 623 3843 βηλα
661 3787 848 3849 plurali
885 3803 1097 3838 numero
1138 3788 1370 3851 legimus.
1435 3791 1552 3840 Nec

493 3876 619 3911 vero
650 3864 787 3927 apud
825 3865 1160 3915 Plutarchum
1174 3865 1381 3930 Ἀρβιλα
1404 3881 1554 3931 repe-

490 3939 588 3999 rio,
601 3941 736 4004 quod
748 3939 954 3990 dixerat
968 3941 1220 3992 OrteliuS.
1254 3942 1557 3993 Proximum

494 4022 577 4065 est
614 4022 673 4064 ut
703 4015 770 4064 de
803 4017 957 4079 hujus
987 4018 1130 4081 urbis
1165 4019 1270 4069 situ
1294 4018 1552 4070 dicamus:

493 4091 671 4140 urbem
712 4092 846 4142 enim
871 4093 984 4157 jam
1018 4084 1125 4143 tum
1154 4093 1331 4156 fnisse,
1351 4111 1455 4146 non
1477 4096 1552 4146 vi-

492 4182 610 4217 cum
650 4168 919 4230 duntaxat,
952 4169 1145 4221 diserte
1180 4172 1334 4224 docet
1365 4174 1561 4224 Strabo.

494 4244 584 4293 lib.
608 4258 725 4295 xvt.
750 4244 847 4294 sub
865 4244 1065 4297 initium
1086 4263 1103 4309 ;
1137 4254 1190 4297 et
1213 4264 1303 4299 nos
1328 4250 1465 4300 infra
1487 4264 1555 4300 ex

1635 2554 1751 2618 ipso
1774 2552 1958 2604 Curtio
1980 2552 2327 2604 ostendemus.
2386 2549 2585 2601 Arbela
2607 2549 2698 2614 igi-

1634 2640 1741 2695 tur,
1764 2631 1901 2682 unde
1935 2632 2110 2681 vicina
2135 2629 2277 2694 regio
2302 2627 2577 2685 Arbelitis,
2599 2640 2697 2676 non

1598 2712 1603 2713 ⁷
1633 2709 1786 2759 modo
1826 2716 1968 2759 trans
1999 2707 2221 2772 Tigrim,
2244 2704 2337 2757 sed
2379 2705 2541 2754 etiam
2568 2705 2700 2753 ultra

1635 2788 1830 2850 Lycum
1854 2783 2032 2846 fuisse,
2057 2790 2163 2832 tam
2197 2780 2391 2832 Strabo
2421 2795 2577 2845 quam
2603 2780 2699 2830 Ar-

1636 2863 1808 2912 rianus
1831 2863 2041 2912 docent.
2087 2859 2172 2909 Ad
2195 2858 2433 2909 Curtium
2457 2856 2600 2922 quod
2628 2864 2700 2906 at-

1636 2940 1787 3001 tinet,
1803 2954 1922 2988 cum
1937 2937 2020 2988 hic
2038 2937 2168 2987 citra
2184 2937 2400 3000 Lycum,
2419 2935 2548 2984 alias
2565 2935 2702 2985 ultra

1636 3015 1886 3078 posuerit,
1910 3014 2117 3064 minime
2133 3012 2347 3063 dubium
2372 3010 2498 3077 quin
2520 3011 2614 3061 illo
2630 3012 2701 3061 lo-

1596 3096 1601 3103 '
1636 3107 1700 3140 co
1735 3106 1856 3140 vere
1891 3089 2107 3153 dixerit,
2131 3088 2217 3138 ubi
2254 3094 2461 3138 ceteros
2483 3100 2700 3137 consen·

1637 3168 1829 3217 tientes
1852 3167 2035 3228 habet3
2057 3167 2141 3216 hic
2157 3171 2329 3215 autern
2353 3162 2592 3227 fallatur,
2616 3163 2701 3212 ubi

1635 3246 1844 3309 optimis
1878 3243 2178 3297 auctoribus
2211 3249 2481 3307 certaeque
2511 3240 2700 3291 ra‘tioni

1636 3328 1850 3386 pugnat.
1915 3321 2072 3386 Apud
2113 3319 2423 3371 Strabonem
2459 3317 2552 3368 lib.
2582 3331 2701 3368 xvr.

1635 3399 1738 3449 duo
1766 3407 1885 3449 sunt
1920 3414 2036 3463 quae
2071 3396 2278 3447 officere
2312 3393 2461 3445 nobis
2489 3395 2702 3447 videan-

1635 3485 1735 3529 tur.
1807 3478 2053 3539 Primum,
2074 3476 2214 3542 quod
2246 3475 2441 3526 Arbela
2461 3474 2610 3524 dicat
2636 3473 2697 3524 ad

1634 3555 1972 3621 Babyloniam
1999 3556 2291 3621 pertinere,
2317 3561 2373 3604 et
2396 3553 2539 3603 circa
2558 3554 2698 3603 illam

1633 3650 1781 3687 esse:
1827 3637 2070 3697 alterum,
2107 3635 2263 3701 quod,
2300 3648 2421 3685 cum
2456 3632 2704 3683 Arbeliti-

1635 3712 1751 3762 dem
1775 3713 1915 3777 Lyco
1937 3711 2097 3779 fluvio
2116 3710 2443 3761 disterminet
2473 3709 2543 3759 ab
2565 3709 2698 3759 Atu-

1635 3790 1731 3851 ria,
1747 3796 1889 3839 trans
1913 3790 2105 3855 Lycum
2130 3786 2366 3838 Aturiam
2390 3785 2698 3847 dicat-esse.

1634 3867 1714 3916 Ex
1749 3880 1850 3930 quo
1884 3878 2225 3931 consequens
2247 3862 2456 3913 videtur
2498 3862 2698 3912 Arbela

1634 3943 1708 3992 cis
1738 3943 1874 3992 hunc
1905 3941 2120 3992 fluvium
2143 3940 2326 4004 fuisse,
2351 3947 2408 3991 et
2442 3938 2697 4004 Babyloni

1635 4019 1884 4070 viciniora
1907 4034 2057 4085 quam
2081 4018 2341 4070 Aturiam.
2386 4018 2611 4079 Verum,
2631 4015 2699 4066 ad

1636 4099 1855 4161 primurn
1879 4096 2016 4162 quod
2041 4097 2251 4154 attinet,
2276 4093 2584 4162 Babylonia».
2605 4108 2700 4142 no·

1633 4174 1774 4224 mine
1837 4173 2028 4224 Strabo
2081 4172 2347 4238 Assyriam
2403 4172 2697 4222 nniversam

1634 4251 2046 4319 comprehendit,
2086 4251 2157 4302 ad
2175 4265 2335 4318 quam
2361 4250 2562 4305 Arbela
2594 4248 2697 4300 uti-
