2978 4933
523 353 655 429 106
937 346 944 353 ’
1314 376 1372 425 J.
1423 338 1924 425 rnsfflsnsurr

521 524 645 586 tela
662 524 849 603 nigra,
866 540 999 582 cum
1027 518 1186 580 circa
1206 527 1437 602 tempus
1461 521 1783 582 Leuctricae
1803 540 2042 602 pugnae,
2065 539 2188 602 qua
2204 540 2298 582 res
2321 520 2606 582 Thebana
2626 517 2698 578 ad

523 640 813 683 summum
839 618 1138 680 felicitatis
1163 628 1372 679 evecta
1397 619 1528 692 fuit,
1557 619 1818 681 candida
1844 620 2293 700 comparuisset.
2375 621 2435 679 2.
2479 617 2699 680 Adhoee

522 722 634 782 sub
656 719 976 782 adventum
997 715 1398 777 Macedonum
1420 716 1707 777 sudantes
1730 718 1789 777 in
1811 716 1939 777 foro
1962 728 2198 790 statum,
2216 736 2369 797 eque
2388 716 2526 777 lacu
2545 713 2699 794 apud

522 816 890 878 Onchestum
918 813 1103 875 tristis
1136 813 1423 893 mugitus,
1463 824 1525 876 et
1561 814 1907 895 prodigioso
1947 815 2238 896 sanguine
2284 815 2475 875 fluens
2505 812 2698 882 Dirce,

519 927 735 977 terrere
760 912 1093 974 obstinatos
1121 922 1420 992 poterant,
1442 912 1562 972 nisi
1589 911 1923 973 destinatos
1947 912 2091 975 sorti
2120 931 2246 973 suae
2276 910 2551 991 superbia
2575 927 2699 990 per·

518 1013 793 1075 didi‘sset.
854 1013 913 1072 3.
942 1009 1179 1090 Quippe
1203 1009 1492 1091 majorum
1512 1009 1757 1090 gloriam
1780 1009 2105 1084 intuentes,
2120 1028 2159 1070 a
2174 1028 2422 1091 quorum
2443 1007 2699 1068 moribus

515 1112 696 1192 longe
722 1119 1116 1180 recesserant,
1142 1118 1203 1170 et
1230 1107 1290 1166 in
1320 1105 1657 1188 disparibus
1700 1105 1929 1168 artibus
1964 1107 2219 1169 eandem
2256 1106 2371 1167 s'ibi
2409 1106 2698 1167 fortunam

419 1266 424 1269 ,
516 1208 785 1290 polliciti,
815 1205 1022 1287 patrioe
1049 1204 1278 1266 ruinam
1309 1204 1821 1273 acceleraverunt3
1852 1225 1998 1267 cum
2023 1205 2313 1267 adversus
2337 1193 2701 1284 triginta'pe·

516 1304 754 1381 ditum?
778 1304 890 1365 tria
916 1304 1178 1383 equitum
1203 1302 1406 1375 millia,
1445 1320 1700 1382 eumque
1736 1313 2076 1364 veteranum
2111 1316 2174 1365 et
2215 1301 2391 1365 toties
2426 1300 2700 1362 victorem

516 1404 857 1475 exercitum,
895 1400 1076 1482 paulo
1115 1401 1256 1481 plus
1299 1391 1506 1462 decem
1548 1410 1905 1461 armatorum
1943 1401 2204 1462 millibus
2245 1418 2544 1481 opponere
2589 1416 2700 1457 non

515 1510 719 1562 essent
744 1498 930 1560 veriti.
1013 1501 1074 1560 4.
1118 1498 1396 1559 Ceterum
1442 1497 1781 1559 Alexander
1828 1499 1972 1561 urbe
2017 1509 2196 1580 capta
2233 1498 2313 1559 ad
2359 1495 2702 1558 consilium⁶

515 1598 810 1659 sociorum
837 1595 1055 1669 retulit,
1096 1602 1115 1631 ‘
1144 1594 1442 1676 quomodo
1481 1613 1555 1657 ea
1593 1595 1879 1658 utendum
1921 1595 2265 1659 videretur?
2344 1597 2533 1656 Erant
2558 1593 2702 1653 inter

514 1713 619 1756 eos
675 1693 1041 1767 Phocenses,
1090 1693 1377 1774 multique
1426 1713 1504 1756 ex
1543 1694 1790 1768 Boeotis,
1837 1696 2051 1775 quibus
2094 1693 2523 1776 antiquissime
2572 1710 2701 1753 cum

514 1791 813 1853 Thebanis
867 1789 1183 1853 discor-dise
1233 1793 1514 1873 gravibus
1559 1811 1723 1873 saepe
1764 1793 2001 1859 damnis
2045 1793 2468 1855 constiterant:
2514 1806 2700 1869 neque

514 1888 657 1951 dum
681 1890 908 1951 Thebes
938 1899 1185 1966 starent,
1212 1899 1316 1951 aut
1342 1890 1496 1951 odiis
1525 1891 1648 1951 suis
1678 1880 2075 1964 satisfactum,
2113 1902 2218 1951 aut
2243 1889 2546 1950 securitati
2574 1905 2698 1969 pro·

513 1999 786 2067 spectum
830 1990 1130 2071 rebantur.
1214 1992 1273 2048 5.
1318 1987 1554 2049 Horum
1600 1989 1923 2050 auctoritas
1972 1987 2179 2062 valuit,
2225 1996 2296 2048 ut
2341 1987 2491 2047 muri
2531 1998 2700 2065 atque

514 2085 765 2147 aedificia
791 2085 1198 2155 diruerentur;
1243 2105 1388 2167 ager
1416 2086 1654 2148 arbitrio
1681 2086 1836 2166 regis
1872 2086 2026 2147 inter
2052 2086 2304 2147 victores
2331 2083 2699 2145 divideretur.

512 2183 604 2243 lta
631 2183 1056 2244 nobilissimam
1084 2184 1309 2256 urbem,
1346 2201 1466 2243 non
1510 2164 1813 2243 hominum
1857 2183 2038 2271 modo
2082 2182 2565 2254 clarissimorum,
2610 2199 2701 2239 ve-

510 2298 643 2341 rum
668 2282 847 2342 etiam
879 2281 1142 2341 Deorum
1170 2280 1401 2341 natales
1430 2291 1794 2341 asserentem
1823 2277 1982 2353 sibi,‘¹
2021 2299 2056 2340 e
2085 2280 2283 2341 media
2306 2279 2548 2340 Graecia
2589 2294 2702 2336 una
2774 2318 2781 2321 -

512 2375 642 2449 dies
669 2378 902 2458 eripuit,
931 2388 1247 2458 postquam
1297 2377 1677 2457 octingentos
1720 2378 1843 2438 fere
1883 2397 2073 2439 annos
2118 2387 2258 2458 post
2300 2375 2606 2438 oraculum
2631 2373 2700 2434 de

511 2475 752 2549 corvis,⁶
777 2475 1016 2538 eosdem
1069 2475 1294 2538 incolas
1343 2475 1674 2538 habuisset.
1756 2479 1815 2539 6.
1861 2477 2018 2539 Olim
2045 2478 2204 2541 enim
2245 2477 2435 2558 pulsis
2464 2496 2500 2537 a
2531 2484 2699 2556 gente
2786 2545 2789 2546 ⁷

509 2572 802 2635 Thracum
834 2586 1013 2655 atque
1042 2576 1429 2656 Pelasgorum
1460 2575 1684 2637 Boeotis
1714 2575 1877 2636 edita
1903 2595 2035 2638 sors
2062 2578 2276 2651 fuerat,
2318 2584 2337 2612 ‘
2365 2589 2507 2657 post
2530 2594 2701 2657 quar·

511 2681 630 2734 tam
661 2672 902 2733 demum
927 2682 1168 2735 estatem
1196 2674 1411 2754 patrias
1460 2673 1638 2735 sedes
1681 2675 1991 2756 recepturi,
2032 2674 2415 2737 considerent
2452 2674 2698 2744 interim,

508 2788 628 2847 quo
673 2769 805 2829 loco
849 2789 1061 2831 corvos
1110 2771 1277 2831 albos
1322 2773 1653 2854 conspicati
1694 2773 1926 2833 forent!
2008 2775 2068 2833 7.
2109 2773 2206 2833 Ita
2230 2791 2367 2833 cum
2396 2772 2474 2833 ad
2503 2772 2698 2832 Arnen

509 2863 838 2925 Thessaliae
866 2866 1147 2947 oppidum
1177 2869 1505 2941 venissent,
1531 2869 1722 2930 corvis
1750 2869 2118 2952 conspectis,
2142 2890 2295 2952 quos
2322 2869 2486 2951 pueri
2515 2862 2697 2950 gypso
2748 2883 2774 2900 ‘

509 2958 835 3035 illeverant,
856 2964 938 3023 ibi
967 2964 1370 3026 substiterunt.
1433 2966 1650 3027 Diruta
1672 2969 1813 3028 urbs
1843 2977 1938 3028 est
1959 2967 2036 3027 ad
2058 2967 2223 3028 tibine
2252 2977 2528 3034 cantum:
2556 2983 2696 3046 quo-

508 3058 689 3119 modo
719 3060 1156 3140 sexagesimum
1182 3072 1320 3123 ante
1346 3082 1570 3124 annum
1594 3064 1861 3126 Athenas
1893 3063 2198 3147 Lysander
2223 3064 2570 3126 deleverat!
2642 3063 2692 3120 8.

508 3156 766 3238 Templis
794 3170 995 3220 tamen
1023 3159 1272 3240 aliisque
1299 3160 1486 3222 sacris
1509 3159 1773 3223 aedificiis
1803 3162 2084 3223 abstineri
2117 3162 2302 3243 jussit
2329 3159 2692 3226 Alexander:

507 3255 686 3345 etiam
705 3275 781 3316 ne
798 3256 958 3337 quod
978 3277 1084 3338 per
1110 3258 1396 3319 incuriam
1415 3258 1703 3320 damnum
1715 3258 1786 3321 iis
1812 3259 2101 3332 daretur,‘
2121 3259 2410 3321 solicitus.
2481 3258 2695 3319 Praeter

506 3352 744 3414 insitam
770 3354 828 3414 in
852 3354 1016 3417 Deos
1045 3357 1481 3417 venerationem
1503 3377 1710 3418 recens
1732 3357 1940 3437 religio
1956 3369 2321 3438 permoverat
2343 3360 2403 3416 ι·
2425 3355 2570 3435 quia
2596 3351 2693 3412 mi*

506 3449 679 3511 litum
704 3452 999 3531 quosdam
1026 3454 1376 3515 Cabirorum
1401 3454 1625 3530 fanum,
1668 3454 1832 3536 quod
1871 3466 2012 3515 ante
2051 3455 2256 3514 urbem
2298 3464 2410 3526 est,
2448 3452 2693 3534 spoliare

405 3612 414 3624 ,
507 3566 844 3628 aggressos,
877 3550 1422 3632 subita'tempestas
1460 3553 1801 3614 fulminibus
1829 3563 1890 3614 et
1913 3552 2150 3612 flamma
2177 3551 2407 3613 coelesti
2426 3568 2694 3613 consum·

467 3635 470 3638 ¹
505 3659 684 3707 serat.
770 3649 827 3708 9.
860 3647 1111 3708 Relictae
1140 3659 1281 3710 sunt
1301 3652 1482 3713 etiam
1509 3652 1738 3731 effigies
1765 3660 2119 3729 statuoeque,
2149 3649 2300 3723 Diis,
2329 3649 2423 3710 vel
2453 3639 2692 3709 homini·-

439 3799 452 3806 -
504 3742 615 3801 bus
647 3745 857 3804 virtute
885 3745 1386 3825 praecellentibus,
1424 3769 1534 3829 per
1575 3749 1711 3810 loca
1735 3746 1972 3829 publica
1997 3745 2251 3828 positoe:
2292 3745 2690 3827 proditumque

506 3846 600 3899 est
626 3842 945 3915 memor-ise,
985 3843 1172 3906 fuisse
1201 3848 1306 3925 qui
1332 3846 1486 3910 inter
1510 3843 2054 3908 consternationem
2095 3856 2289 3926 captae
2338 3843 2687 3924 direptosque

568 4031 593 4065 b
626 4031 779 4082 Diod.
802 4045 943 4083 xvu.
964 4047 1020 4097 p.
1036 4038 1154 4086 566.
1692 4046 1732 4071 -0
1765 4037 1924 4088 Diod.
1948 4051 2069 4089 xix.
2094 4054 2145 4103 p.
2168 4044 2281 4092 700.

568 4117 590 4142 0
635 4108 845 4159 Arrian.
887 4123 931 4160 1.
979 4115 1028 4162 9.
1066 4112 1260 4163 Justin.
1295 4126 1373 4163 ιι.
1417 4119 1469 4165 3.
1513 4119 1561 4165 8.
1709 4114 1729 4148 f
1757 4116 1900 4165 Plut.
1921 4115 2143 4179 Lysand.
2168 4131 2219 4179 p.
2239 4120 2356 4165 441.

505 4184 668 4236 Diod.
693 4198 831 4235 xvn.
849 4201 900 4252 p.
920 4191 1038 4237 569.
1063 4188 1208 4239 Plut.
1226 4188 1310 4252 ΑΙ.
1327 4206 1381 4256 p.
1397 4195 1513 4243 67⁰.
1708 4200 1734 4236 ε
1767 4192 1907 4242 Suid.
1931 4206 1995 4241 ex
2012 4190 2206 4256 Polyb.
2225 4207 2278 4244 v.
2305 4197 2383 4244 10.

570 4261 594 4295 ‘¹
624 4261 820 4319 sustin.
845 4276 925 4315 xi.
949 4267 999 4314 4.
1021 4266 1070 4315 4.
1487 4297 1519 4336 ·.
1618 4293 1636 4303 κ
1706 4267 1730 4301 ¹¹
1764 4270 1989 4321 Pausan.
2015 4282 2099 4321 rx.
2122 4269 2401 4323 Athenoeus
2419 4285 2458 4323 1.
2482 4274 2559 4322 1⁶.
