<?xml version="1.0" encoding="UTF-8"?>
<!DOCTYPE html PUBLIC "-//W3C//DTD XHTML 1.0 Transitional//EN"
    "http://www.w3.org/TR/xhtml1/DTD/xhtml1-transitional.dtd">
<html xmlns="http://www.w3.org/1999/xhtml" xml:lang="en" lang="en">
 <head>
  <title>
</title>
<meta http-equiv="Content-Type" content="text/html;charset=utf-8" />
  <meta name='ocr-system' content='tesseract 3.04.00' />
  <meta name='ocr-capabilities' content='ocr_page ocr_carea ocr_par ocr_line ocrx_word'/>
</head>
<body>
  <div class='ocr_page' id='page_1' title='image "./quinticurtiiruf03rufugoog_0307.png"; bbox 0 0 2978 4933; ppageno 0'>
   <div class='ocr_carea' id='block_1_1' title="bbox 779 345 2491 419">
    <p class='ocr_par' dir='ltr' id='par_1_1' title="bbox 779 345 2491 419">
     <span class='ocr_line' id='line_1_1' title="bbox 779 345 2491 419; baseline 0.008 -13"><span class='ocrx_word' id='word_1_1' title='bbox 779 358 788 367; x_wconf 60' lang='lat'><em>*</em></span> <span class='ocrx_word' id='word_1_2' title='bbox 838 362 954 409; x_wconf 73' lang='lat' dir='ltr'>oc.</span> <span class='ocrx_word' id='word_1_3' title='bbox 1001 361 1189 410; x_wconf 77' lang='lat' dir='ltr'>cxix.</span> <span class='ocrx_word' id='word_1_4' title='bbox 1235 346 1298 411; x_wconf 87' lang='lat' dir='ltr'>l.</span> <span class='ocrx_word' id='word_1_5' title='bbox 1371 365 1443 413; x_wconf 77' lang='lat' dir='ltr'>A.</span> <span class='ocrx_word' id='word_1_6' title='bbox 1487 364 1612 412; x_wconf 67' lang='lat' dir='ltr'>cn,</span> <span class='ocrx_word' id='word_1_7' title='bbox 1659 363 1733 412; x_wconf 82' lang='grc' dir='ltr'><strong>Ν.</strong></span> <span class='ocrx_word' id='word_1_8' title='bbox 1775 345 1928 413; x_wconf 81' lang='grc'><strong>332.</strong></span> <span class='ocrx_word' id='word_1_9' title='bbox 2360 353 2491 419; x_wconf 87' lang='grc'><strong>267</strong></span> 
     </span>
    </p>
   </div>
   <div class='ocr_carea' id='block_1_2' title="bbox 272 504 2499 1733">
    <p class='ocr_par' dir='ltr' id='par_1_2' title="bbox 272 504 2499 1733">
     <span class='ocr_line' id='line_1_2' title="bbox 284 504 2492 594; baseline 0.003 -24"><span class='ocrx_word' id='word_1_10' title='bbox 284 505 408 573; x_wconf 85' lang='lat' dir='ltr'>sed</span> <span class='ocrx_word' id='word_1_11' title='bbox 452 504 773 591; x_wconf 72' lang='lat' dir='ltr'>quicquid</span> <span class='ocrx_word' id='word_1_12' title='bbox 829 505 1359 590; x_wconf 63' lang='lat' dir='ltr'>[immotum]</span> <span class='ocrx_word' id='word_1_13' title='bbox 1406 509 1473 574; x_wconf 94' lang='lat' dir='ltr'>in</span> <span class='ocrx_word' id='word_1_14' title='bbox 1519 508 1867 593; x_wconf 84' lang='lat' dir='ltr'>captivum</span> <span class='ocrx_word' id='word_1_15' title='bbox 1917 509 2203 574; x_wconf 86' lang='lat' dir='ltr'>inveniri</span> <span class='ocrx_word' id='word_1_16' title='bbox 2244 515 2492 594; x_wconf 86' lang='lat' dir='ltr'>potest,</span> 
     </span>
     <span class='ocr_line' id='line_1_3' title="bbox 282 610 2493 694; baseline 0.002 -19"><span class='ocrx_word' id='word_1_17' title='bbox 282 628 824 692; x_wconf 32' lang='lat' dir='ltr'>pamrm‡ffie</span> <span class='ocrx_word' id='word_1_18' title='bbox 852 618 921 675; x_wconf 83' lang='lat' dir='ltr'>te</span> <span class='ocrx_word' id='word_1_19' title='bbox 950 610 1214 694; x_wconf 65' lang='lat' dir='ltr'>cogita!</span> <span class='ocrx_word' id='word_1_20' title='bbox 1300 612 1409 679; x_wconf 84' lang='grc'>27.</span> <span class='ocrx_word' id='word_1_21' title='bbox 1455 613 1585 678; x_wconf 89' lang='lat' dir='ltr'>Ille</span> <span class='ocrx_word' id='word_1_22' title='bbox 1615 632 1745 678; x_wconf 92' lang='lat' dir='ltr'>non</span> <span class='ocrx_word' id='word_1_23' title='bbox 1788 612 2087 677; x_wconf 87' lang='lat' dir='ltr'>interrito</span> <span class='ocrx_word' id='word_1_24' title='bbox 2119 613 2343 692; x_wconf 90' lang='lat' dir='ltr'>modo,</span> <span class='ocrx_word' id='word_1_25' title='bbox 2375 616 2493 680; x_wconf 88' lang='lat' dir='ltr'>sed</span> 
     </span>
     <span class='ocr_line' id='line_1_4' title="bbox 283 715 2492 801; baseline 0.002 -22"><span class='ocrx_word' id='word_1_26' title='bbox 283 715 670 783; x_wconf 63' lang='lat' dir='ltr'>cumaei</span> <span class='ocrx_word' id='word_1_27' title='bbox 699 735 969 799; x_wconf 90' lang='lat' dir='ltr'>quoque</span> <span class='ocrx_word' id='word_1_28' title='bbox 1001 717 1186 781; x_wconf 84' lang='lat' dir='ltr'>vultu</span> <span class='ocrx_word' id='word_1_29' title='bbox 1205 728 1226 755; x_wconf 70' lang='lat'>²*</span> <span class='ocrx_word' id='word_1_30' title='bbox 1280 718 1553 783; x_wconf 89' lang='lat' dir='ltr'>intuens</span> <span class='ocrx_word' id='word_1_31' title='bbox 1600 736 1843 801; x_wconf 85' lang='lat' dir='ltr'>regem,</span> <span class='ocrx_word' id='word_1_32' title='bbox 1875 717 2126 781; x_wconf 80' lang='lat' dir='ltr'>nullam</span> <span class='ocrx_word' id='word_1_33' title='bbox 2157 717 2243 781; x_wconf 85' lang='lat' dir='ltr'>ad</span> <span class='ocrx_word' id='word_1_34' title='bbox 2271 719 2492 785; x_wconf 83' lang='lat' dir='ltr'>minas</span> 
     </span>
     <span class='ocr_line' id='line_1_5' title="bbox 285 816 2495 900; baseline 0.002 -18"><span class='ocrx_word' id='word_1_35' title='bbox 285 816 443 900; x_wconf 76' lang='lat' dir='ltr'>ejus</span> <span class='ocrx_word' id='word_1_36' title='bbox 493 818 714 883; x_wconf 85' lang='lat' dir='ltr'>reddit</span> <span class='ocrx_word' id='word_1_37' title='bbox 750 839 1005 884; x_wconf 83' lang='lat' dir='ltr'>vocem.</span> <span class='ocrx_word' id='word_1_38' title='bbox 1092 819 1203 884; x_wconf 83' lang='grc'>28.</span> <span class='ocrx_word' id='word_1_39' title='bbox 1247 820 1424 885; x_wconf 88' lang='lat' dir='ltr'>Tum</span> <span class='ocrx_word' id='word_1_40' title='bbox 1459 820 1882 900; x_wconf 85' lang='lat' dir='ltr'>Alexander·;</span> <span class='ocrx_word' id='word_1_41' title='bbox 1931 817 2324 884; x_wconf 87' lang='lat' dir='ltr'>‘Videtisne</span> <span class='ocrx_word' id='word_1_42' title='bbox 2372 823 2495 886; x_wconf 88' lang='lat' dir='ltr'>ob-</span> 
     </span>
     <span class='ocr_line' id='line_1_6' title="bbox 281 920 2491 1008; baseline 0.002 -24"><span class='ocrx_word' id='word_1_43' title='bbox 281 920 615 986; x_wconf 75' lang='lat' dir='ltr'>stinatum</span> <span class='ocrx_word' id='word_1_44' title='bbox 646 922 734 986; x_wconf 83' lang='lat' dir='ltr'>ad</span> <span class='ocrx_word' id='word_1_45' title='bbox 780 922 1135 988; x_wconf 83' lang='lat' dir='ltr'>tacendum</span> <span class='ocrx_word' id='word_1_46' title='bbox 1159 924 1188 986; x_wconf 73' lang='lat' dir='ltr'>&#39;l</span> <span class='ocrx_word' id='word_1_47' title='bbox 1215 920 1232 948; x_wconf 91' lang='lat'>’</span> <span class='ocrx_word' id='word_1_48' title='bbox 1276 925 1529 1007; x_wconf 85' lang='lat' dir='ltr'>inquit:</span> <span class='ocrx_word' id='word_1_49' title='bbox 1577 930 1595 960; x_wconf 87' lang='lat'>‘</span> <span class='ocrx_word' id='word_1_50' title='bbox 1618 944 1774 988; x_wconf 90' lang='lat' dir='ltr'>num</span> <span class='ocrx_word' id='word_1_51' title='bbox 1801 942 1977 1008; x_wconf 88' lang='lat' dir='ltr'>genu</span> <span class='ocrx_word' id='word_1_52' title='bbox 2006 923 2282 1006; x_wconf 67' lang='lat' dir='ltr'>posuit?</span> <span class='ocrx_word' id='word_1_53' title='bbox 2330 943 2491 989; x_wconf 89' lang='lat' dir='ltr'>num</span> 
     </span>
     <span class='ocr_line' id='line_1_7' title="bbox 289 1025 2495 1108; baseline 0.001 -20"><span class='ocrx_word' id='word_1_54' title='bbox 289 1025 677 1108; x_wconf 84' lang='lat' dir='ltr'><strong>supplicem</strong></span> <span class='ocrx_word' id='word_1_55' title='bbox 704 1045 944 1090; x_wconf 90' lang='lat' dir='ltr'>vocem</span> <span class='ocrx_word' id='word_1_56' title='bbox 983 1027 1213 1092; x_wconf 67' lang='lat' dir='ltr'>misit?</span> <span class='ocrx_word' id='word_1_57' title='bbox 1304 1026 1596 1093; x_wconf 85' lang='lat' dir='ltr'>Vincam</span> <span class='ocrx_word' id='word_1_58' title='bbox 1640 1026 2255 1105; x_wconf 10' lang='lat' dir='ltr'>tamenwsilentium,</span> <span class='ocrx_word' id='word_1_59' title='bbox 2284 1036 2354 1091; x_wconf 89' lang='lat' dir='ltr'>et</span> <span class='ocrx_word' id='word_1_60' title='bbox 2396 1027 2495 1091; x_wconf 79' lang='lat' dir='ltr'>si¹</span> 
     </span>
     <span class='ocr_line' id='line_1_8' title="bbox 272 1127 2493 1215; baseline 0.001 -22"><span class='ocrx_word' id='word_1_61' title='bbox 272 1127 460 1193; x_wconf 72' lang='lat' dir='ltr'>nihil</span> <span class='ocrx_word' id='word_1_62' title='bbox 511 1128 717 1208; x_wconf 80' lang='lat' dir='ltr'>aliud,</span> <span class='ocrx_word' id='word_1_63' title='bbox 763 1135 942 1194; x_wconf 88' lang='lat' dir='ltr'>certe</span> <span class='ocrx_word' id='word_1_64' title='bbox 979 1131 1228 1212; x_wconf 85' lang='lat' dir='ltr'>gemitu</span> <span class='ocrx_word' id='word_1_65' title='bbox 1277 1129 1799 1215; x_wconf 79' lang='lat' dir='ltr'>interpellabo.&#39;‘¹</span> <span class='ocrx_word' id='word_1_66' title='bbox 1887 1130 1996 1195; x_wconf 88' lang='grc'>29.</span> <span class='ocrx_word' id='word_1_67' title='bbox 2042 1129 2220 1194; x_wconf 80' lang='lat' dir='ltr'>Iram</span> <span class='ocrx_word' id='word_1_68' title='bbox 2250 1130 2493 1196; x_wconf 88' lang='lat' dir='ltr'>deinde</span> 
     </span>
     <span class='ocr_line' id='line_1_9' title="bbox 287 1232 2494 1319; baseline 0.002 -24"><span class='ocrx_word' id='word_1_69' title='bbox 287 1232 528 1298; x_wconf 68' lang='lat' dir='ltr'>vertit*</span> <span class='ocrx_word' id='word_1_70' title='bbox 554 1232 622 1297; x_wconf 92' lang='lat' dir='ltr'>in</span> <span class='ocrx_word' id='word_1_71' title='bbox 664 1233 955 1298; x_wconf 82' lang='lat' dir='ltr'>rabiem:</span> <span class='ocrx_word' id='word_1_72' title='bbox 990 1232 1137 1318; x_wconf 86' lang='lat' dir='ltr'>jam</span> <span class='ocrx_word' id='word_1_73' title='bbox 1171 1241 1312 1298; x_wconf 86' lang='lat' dir='ltr'>tum</span> <span class='ocrx_word' id='word_1_74' title='bbox 1341 1237 1723 1319; x_wconf 85' lang='lat' dir='ltr'>peregrinos</span> <span class='ocrx_word' id='word_1_75' title='bbox 1753 1236 1917 1300; x_wconf 89' lang='lat' dir='ltr'>ritus</span> <span class='ocrx_word' id='word_1_76' title='bbox 1944 1234 2494 1299; x_wconf 84' lang='lat' dir='ltr'>nova·subeunte</span> 
     </span>
     <span class='ocr_line' id='line_1_10' title="bbox 283 1335 2494 1423; baseline 0.002 -25"><span class='ocrx_word' id='word_1_77' title='bbox 283 1335 599 1400; x_wconf 67' lang='lat' dir='ltr'>fortuna!</span> <span class='ocrx_word' id='word_1_78' title='bbox 685 1335 821 1401; x_wconf 83' lang='lat' dir='ltr'>Per</span> <span class='ocrx_word' id='word_1_79' title='bbox 865 1336 1043 1401; x_wconf 83' lang='lat' dir='ltr'>talos</span> <span class='ocrx_word' id='word_1_80' title='bbox 1088 1338 1269 1402; x_wconf 86' lang='lat' dir='ltr'>enim</span> <span class='ocrx_word' id='word_1_81' title='bbox 1314 1340 1636 1422; x_wconf 80' lang='lat' dir='ltr'>spirantis</span> <span class='ocrx_word' id='word_1_82' title='bbox 1665 1341 1809 1404; x_wconf 84' lang='lat' dir='ltr'>lora</span> <span class='ocrx_word' id='word_1_83' title='bbox 1839 1339 2127 1423; x_wconf 84' lang='lat' dir='ltr'>trajecta</span> <span class='ocrx_word' id='word_1_84' title='bbox 2155 1345 2347 1420; x_wconf 80' lang='lat' dir='ltr'>sunt3</span> <span class='ocrx_word' id='word_1_85' title='bbox 2395 1360 2494 1403; x_wconf 88' lang='lat' dir='ltr'>re-</span> 
     </span>
     <span class='ocr_line' id='line_1_11' title="bbox 288 1437 2497 1529; baseline 0.001 -26"><span class='ocrx_word' id='word_1_86' title='bbox 288 1437 702 1522; x_wconf 83' lang='lat' dir='ltr'><strong>ligatumque</strong></span> <span class='ocrx_word' id='word_1_87' title='bbox 728 1438 819 1504; x_wconf 83' lang='lat' dir='ltr'>ad</span> <span class='ocrx_word' id='word_1_88' title='bbox 845 1458 1107 1503; x_wconf 85' lang='lat' dir='ltr'>currum</span> <span class='ocrx_word' id='word_1_89' title='bbox 1141 1448 1406 1506; x_wconf 84' lang='lat' dir='ltr'>traxere</span> <span class='ocrx_word' id='word_1_90' title='bbox 1445 1442 1626 1529; x_wconf 80' lang='lat' dir='ltr'>circa</span> <span class='ocrx_word' id='word_1_91' title='bbox 1669 1443 1907 1506; x_wconf 88' lang='lat' dir='ltr'>urbem</span> <span class='ocrx_word' id='word_1_92' title='bbox 1935 1441 2131 1525; x_wconf 85' lang='lat' dir='ltr'>equi:</span> <span class='ocrx_word' id='word_1_93' title='bbox 2176 1442 2497 1523; x_wconf 81' lang='lat' dir='ltr'><strong>gloriante</strong></span> 
     </span>
     <span class='ocr_line' id='line_1_12' title="bbox 289 1539 2496 1630; baseline 0.001 -23"><span class='ocrx_word' id='word_1_94' title='bbox 289 1561 446 1624; x_wconf 82' lang='lat' dir='ltr'>rege</span> <span class='ocrx_word' id='word_1_95' title='bbox 507 1546 527 1575; x_wconf 84' lang='lat'>‘</span> <span class='ocrx_word' id='word_1_96' title='bbox 549 1539 930 1620; x_wconf 79' lang='lat' dir='ltr'>Achillem,³</span> <span class='ocrx_word' id='word_1_97' title='bbox 976 1562 1019 1607; x_wconf 86' lang='lat' dir='ltr'>a</span> <span class='ocrx_word' id='word_1_98' title='bbox 1046 1564 1185 1627; x_wconf 89' lang='lat' dir='ltr'>quo</span> <span class='ocrx_word' id='word_1_99' title='bbox 1216 1564 1430 1627; x_wconf 85' lang='lat' dir='ltr'>genus</span> <span class='ocrx_word' id='word_1_100' title='bbox 1460 1547 1613 1630; x_wconf 85' lang='lat' dir='ltr'>ipse</span> <span class='ocrx_word' id='word_1_101' title='bbox 1642 1547 2024 1622; x_wconf 82' lang='lat' dir='ltr'>deduceret,</span> <span class='ocrx_word' id='word_1_102' title='bbox 2053 1545 2386 1609; x_wconf 83' lang='lat' dir='ltr'>imitatum</span> <span class='ocrx_word' id='word_1_103' title='bbox 2419 1565 2496 1609; x_wconf 86' lang='lat' dir='ltr'>se</span> 
     </span>
     <span class='ocr_line' id='line_1_13' title="bbox 290 1644 2499 1733; baseline 0.001 -23"><span class='ocrx_word' id='word_1_104' title='bbox 290 1644 490 1711; x_wconf 71' lang='lat' dir='ltr'>esset</span> <span class='ocrx_word' id='word_1_105' title='bbox 518 1664 720 1728; x_wconf 83' lang='lat' dir='ltr'>poena</span> <span class='ocrx_word' id='word_1_106' title='bbox 750 1646 821 1709; x_wconf 91' lang='lat' dir='ltr'>in</span> <span class='ocrx_word' id='word_1_107' title='bbox 863 1645 1125 1712; x_wconf 87' lang='lat' dir='ltr'>hostem</span> <span class='ocrx_word' id='word_1_108' title='bbox 1176 1648 1547 1733; x_wconf 64' lang='lat' dir='ltr'>capienda?</span> <span class='ocrx_word' id='word_1_109' title='bbox 1629 1651 1737 1716; x_wconf 81' lang='lat'>30.</span> <span class='ocrx_word' id='word_1_110' title='bbox 1782 1649 2106 1716; x_wconf 85' lang='lat' dir='ltr'>Cecidere</span> <span class='ocrx_word' id='word_1_111' title='bbox 2137 1648 2499 1716; x_wconf 80' lang='lat' dir='ltr'>Persarum</span> 
     </span>
    </p>
   </div>
   <div class='ocr_carea' id='block_1_3' title="bbox 303 1810 2270 1963">
    <p class='ocr_par' dir='ltr' id='par_1_3' title="bbox 303 1810 2270 1963">
     <span class='ocr_line' id='line_1_14' title="bbox 303 1810 1612 1895; baseline 0.003 -17"><span class='ocrx_word' id='word_1_112' title='bbox 303 1810 308 1815; x_wconf 42' lang='grc'><strong>’</strong></span> <span class='ocrx_word' id='word_1_113' title='bbox 355 1837 379 1860; x_wconf 79' lang='lat'><em>&#39;</em></span> <span class='ocrx_word' id='word_1_114' title='bbox 414 1831 524 1880; x_wconf 84' lang='lat' dir='ltr'>Non</span> <span class='ocrx_word' id='word_1_115' title='bbox 545 1835 730 1880; x_wconf 80' lang='lat' dir='ltr'>tantum</span> <span class='ocrx_word' id='word_1_116' title='bbox 752 1832 1006 1895; x_wconf 78' lang='lat' dir='ltr'>intrepido,</span> <span class='ocrx_word' id='word_1_117' title='bbox 1027 1833 1110 1881; x_wconf 80' lang='lat' dir='ltr'>sed</span> <span class='ocrx_word' id='word_1_118' title='bbox 1128 1833 1273 1883; x_wconf 83' lang='lat' dir='ltr'>etiam</span> <span class='ocrx_word' id='word_1_119' title='bbox 1282 1834 1439 1895; x_wconf 80' lang='lat' dir='ltr'>feroci</span> <span class='ocrx_word' id='word_1_120' title='bbox 1459 1835 1612 1885; x_wconf 80' lang='lat' dir='ltr'>vultu.</span> 
     </span>
     <span class='ocr_line' id='line_1_15' title="bbox 353 1897 2270 1963; baseline -0.001 -18"><span class='ocrx_word' id='word_1_121' title='bbox 353 1902 377 1927; x_wconf 73' lang='lat'>⁸</span> <span class='ocrx_word' id='word_1_122' title='bbox 411 1897 640 1952; x_wconf 72' lang='lat' dir='ltr'>Quamvis</span> <span class='ocrx_word' id='word_1_123' title='bbox 655 1898 776 1946; x_wconf 77' lang='lat' dir='ltr'>nihil</span> <span class='ocrx_word' id='word_1_124' title='bbox 798 1899 930 1947; x_wconf 79' lang='lat' dir='ltr'>aliud</span> <span class='ocrx_word' id='word_1_125' title='bbox 947 1900 1207 1962; x_wconf 68' lang='lat' dir='ltr'>profecero,</span> <span class='ocrx_word' id='word_1_126' title='bbox 1227 1902 1395 1950; x_wconf 81' lang='lat' dir='ltr'>saltem</span> <span class='ocrx_word' id='word_1_127' title='bbox 1415 1916 1582 1962; x_wconf 83' lang='lat' dir='ltr'><em>cogam</em></span> <span class='ocrx_word' id='word_1_128' title='bbox 1603 1901 1727 1949; x_wconf 79' lang='lat' dir='ltr'>illud</span> <span class='ocrx_word' id='word_1_129' title='bbox 1746 1898 2018 1963; x_wconf 76' lang='lat' dir='ltr'>abrumpere</span> <span class='ocrx_word' id='word_1_130' title='bbox 2036 1897 2270 1962; x_wconf 72' lang='lat' dir='ltr'>suspiriis.</span> 
     </span>
    </p>
   </div>
   <div class='ocr_carea' id='block_1_4' title="bbox 195 1961 1900 2029">
    <p class='ocr_par' dir='ltr' id='par_1_4' title="bbox 195 1961 1900 2029">
     <span class='ocr_line' id='line_1_16' title="bbox 195 1961 1900 2029; baseline 0.003 -18"><span class='ocrx_word' id='word_1_131' title='bbox 195 1994 204 1999; x_wconf 88' lang='lat'>-</span> <span class='ocrx_word' id='word_1_132' title='bbox 305 2006 312 2021; x_wconf 78' lang='grc'><strong>,</strong></span> <span class='ocrx_word' id='word_1_133' title='bbox 356 1961 374 1992; x_wconf 77' lang='lat'>⁸</span> <span class='ocrx_word' id='word_1_134' title='bbox 406 1963 523 2012; x_wconf 75' lang='lat' dir='ltr'>Jam</span> <span class='ocrx_word' id='word_1_135' title='bbox 546 1969 647 2012; x_wconf 80' lang='lat' dir='ltr'>tum</span> <span class='ocrx_word' id='word_1_136' title='bbox 668 1963 933 2013; x_wconf 77' lang='lat' dir='ltr'>barbaricos</span> <span class='ocrx_word' id='word_1_137' title='bbox 950 1978 1104 2023; x_wconf 75' lang='lat' dir='ltr'>mores</span> <span class='ocrx_word' id='word_1_138' title='bbox 1124 1965 1405 2016; x_wconf 71' lang='lat' dir='ltr'>admittente</span> <span class='ocrx_word' id='word_1_139' title='bbox 1424 1982 1548 2016; x_wconf 79' lang='lat' dir='ltr'>nova</span> <span class='ocrx_word' id='word_1_140' title='bbox 1567 1966 1900 2029; x_wconf 75' lang='lat' dir='ltr'>ejussortuna.</span> 
     </span>
    </p>
   </div>
   <div class='ocr_carea' id='block_1_5' title="bbox 1213 2105 1576 2126">
    <p class='ocr_par' dir='ltr' id='par_1_5' title="bbox 1213 2105 1576 2126">
     <span class='ocr_line' id='line_1_17' title="bbox 1213 2105 1576 2126; baseline 0.006 -2"><span class='ocrx_word' id='word_1_141' title='bbox 1213 2105 1576 2126; x_wconf 55' lang='grc' dir='ltr'><strong><em>ΜΙΟΝΜ</em></strong></span> 
     </span>
    </p>
   </div>
   <div class='ocr_carea' id='block_1_6' title="bbox 291 2199 2510 3640">
    <p class='ocr_par' dir='ltr' id='par_1_6' title="bbox 291 2199 2510 3640">
     <span class='ocr_line' id='line_1_18' title="bbox 291 2199 2501 2269; baseline -0.001 -17"><span class='ocrx_word' id='word_1_142' title='bbox 291 2201 572 2252; x_wconf 62' lang='lat' dir='ltr'>Alexander</span> <span class='ocrx_word' id='word_1_143' title='bbox 593 2218 685 2253; x_wconf 79' lang='lat' dir='ltr'>non</span> <span class='ocrx_word' id='word_1_144' title='bbox 706 2210 761 2253; x_wconf 79' lang='lat' dir='ltr'>ut</span> <span class='ocrx_word' id='word_1_145' title='bbox 782 2203 978 2254; x_wconf 71' lang='lat' dir='ltr'>voluisti</span> <span class='ocrx_word' id='word_1_146' title='bbox 998 2205 1215 2254; x_wconf 79' lang='lat' dir='ltr'>morieris</span> <span class='ocrx_word' id='word_1_147' title='bbox 1244 2206 1328 2255; x_wconf 83' lang='lat' dir='ltr'>sed</span> <span class='ocrx_word' id='word_1_148' title='bbox 1360 2205 1516 2269; x_wconf 73' lang='lat' dir='ltr'>quicq.</span> <span class='ocrx_word' id='word_1_149' title='bbox 1550 2209 1906 2268; x_wconf 79' lang='lat' dir='ltr'>tormentorum,</span> <span class='ocrx_word' id='word_1_150' title='bbox 1938 2206 2019 2269; x_wconf 59' lang='grc' dir='ltr'>ξε.</span> <span class='ocrx_word' id='word_1_151' title='bbox 2088 2204 2339 2265; x_wconf 74' lang='lat' dir='ltr'>Bong.,et</span> <span class='ocrx_word' id='word_1_152' title='bbox 2362 2199 2501 2250; x_wconf 80' lang='lat' dir='ltr'>Dan.</span> 
     </span>
     <span class='ocr_line' id='line_1_19' title="bbox 294 2267 2502 2333; baseline -0 -15"><span class='ocrx_word' id='word_1_153' title='bbox 294 2269 396 2318; x_wconf 79' lang='lat' dir='ltr'>Sed</span> <span class='ocrx_word' id='word_1_154' title='bbox 416 2283 520 2316; x_wconf 79' lang='lat' dir='ltr'>cum</span> <span class='ocrx_word' id='word_1_155' title='bbox 541 2269 745 2331; x_wconf 78' lang='lat' dir='ltr'>undique</span> <span class='ocrx_word' id='word_1_156' title='bbox 765 2284 857 2332; x_wconf 79' lang='lat' dir='ltr'>qua</span> <span class='ocrx_word' id='word_1_157' title='bbox 878 2272 1020 2319; x_wconf 80' lang='lat' dir='ltr'>ducto</span> <span class='ocrx_word' id='word_1_158' title='bbox 1042 2270 1262 2320; x_wconf 70' lang='lat' dir='ltr'>insolenti</span> <span class='ocrx_word' id='word_1_159' title='bbox 1287 2274 1436 2333; x_wconf 83' lang='lat' dir='ltr'>gaud.</span> <span class='ocrx_word' id='word_1_160' title='bbox 1457 2273 1567 2332; x_wconf 76' lang='lat' dir='ltr'>juv.</span> <span class='ocrx_word' id='word_1_161' title='bbox 1602 2272 1751 2320; x_wconf 76' lang='lat' dir='ltr'>elatus</span> <span class='ocrx_word' id='word_1_162' title='bbox 1771 2271 1894 2320; x_wconf 79' lang='lat' dir='ltr'>alias</span> <span class='ocrx_word' id='word_1_163' title='bbox 1914 2269 2112 2320; x_wconf 80' lang='lat' dir='ltr'>virtutis</span> <span class='ocrx_word' id='word_1_164' title='bbox 2131 2269 2275 2319; x_wconf 86' lang='lat' dir='ltr'>etiam</span> <span class='ocrx_word' id='word_1_165' title='bbox 2296 2268 2347 2315; x_wconf 83' lang='lat' dir='ltr'>in</span> <span class='ocrx_word' id='word_1_166' title='bbox 2369 2267 2502 2317; x_wconf 70' lang='lat' dir='ltr'>hoste</span> 
     </span>
     <span class='ocr_line' id='line_1_20' title="bbox 291 2330 2503 2401; baseline -0.001 -20"><span class='ocrx_word' id='word_1_167' title='bbox 291 2333 515 2393; x_wconf 71' lang='lat' dir='ltr'>uiirator,</span> <span class='ocrx_word' id='word_1_168' title='bbox 535 2349 629 2382; x_wconf 79' lang='lat' dir='ltr'>non</span> <span class='ocrx_word' id='word_1_169' title='bbox 651 2339 703 2383; x_wconf 84' lang='lat' dir='ltr'>ut</span> <span class='ocrx_word' id='word_1_170' title='bbox 725 2336 818 2384; x_wconf 80' lang='lat' dir='ltr'>vol.</span> <span class='ocrx_word' id='word_1_171' title='bbox 840 2336 998 2398; x_wconf 82' lang='lat' dir='ltr'>inquit</span> <span class='ocrx_word' id='word_1_172' title='bbox 1032 2338 1132 2399; x_wconf 80' lang='lat' dir='ltr'>sed,</span> <span class='ocrx_word' id='word_1_173' title='bbox 1151 2340 1233 2398; x_wconf 59' lang='grc' dir='ltr'><strong>ὅγε.</strong></span> <span class='ocrx_word' id='word_1_174' title='bbox 1301 2335 1422 2385; x_wconf 86' lang='lat' dir='ltr'>Ald.</span> <span class='ocrx_word' id='word_1_175' title='bbox 1448 2337 1619 2387; x_wconf 86' lang='lat' dir='ltr'>Colin.</span> <span class='ocrx_word' id='word_1_176' title='bbox 1640 2336 1842 2401; x_wconf 84' lang='lat' dir='ltr'>Gryph.</span> <span class='ocrx_word' id='word_1_177' title='bbox 1868 2337 2007 2386; x_wconf 83' lang='lat' dir='ltr'>Mer.</span> <span class='ocrx_word' id='word_1_178' title='bbox 2032 2336 2152 2383; x_wconf 79' lang='lat' dir='ltr'>Bas.</span> <span class='ocrx_word' id='word_1_179' title='bbox 2176 2341 2233 2382; x_wconf 88' lang='lat' dir='ltr'>et</span> <span class='ocrx_word' id='word_1_180' title='bbox 2257 2333 2368 2382; x_wconf 88' lang='lat' dir='ltr'>Col.</span> <span class='ocrx_word' id='word_1_181' title='bbox 2403 2330 2503 2380; x_wconf 79' lang='lat' dir='ltr'>Sed</span> 
     </span>
     <span class='ocr_line' id='line_1_21' title="bbox 293 2398 2503 2464; baseline -0.002 -15"><span class='ocrx_word' id='word_1_182' title='bbox 293 2414 401 2449; x_wconf 68' lang='lat' dir='ltr'>em</span> <span class='ocrx_word' id='word_1_183' title='bbox 421 2399 628 2463; x_wconf 72' lang='lat' dir='ltr'>undique</span> <span class='ocrx_word' id='word_1_184' title='bbox 666 2401 775 2448; x_wconf 78' lang='lat' dir='ltr'>telis</span> <span class='ocrx_word' id='word_1_185' title='bbox 801 2405 871 2449; x_wconf 78' lang='lat' dir='ltr'>est</span> <span class='ocrx_word' id='word_1_186' title='bbox 906 2401 1264 2463; x_wconf 79' lang='lat' dir='ltr'>circumductus,</span> <span class='ocrx_word' id='word_1_187' title='bbox 1292 2400 1385 2451; x_wconf 82' lang='lat' dir='ltr'>ins.</span> <span class='ocrx_word' id='word_1_188' title='bbox 1416 2417 1471 2464; x_wconf 83' lang='lat' dir='ltr'>g.</span> <span class='ocrx_word' id='word_1_189' title='bbox 1495 2403 1540 2462; x_wconf 75' lang='lat' dir='ltr'>j.</span> <span class='ocrx_word' id='word_1_190' title='bbox 1577 2403 1730 2451; x_wconf 80' lang='lat' dir='ltr'>elatus</span> <span class='ocrx_word' id='word_1_191' title='bbox 1752 2403 1874 2451; x_wconf 78' lang='lat' dir='ltr'>alias</span> <span class='ocrx_word' id='word_1_192' title='bbox 1907 2403 2112 2450; x_wconf 77' lang='lat' dir='ltr'>virtutes</span> <span class='ocrx_word' id='word_1_193' title='bbox 2132 2399 2276 2449; x_wconf 85' lang='lat' dir='ltr'>etiam</span> <span class='ocrx_word' id='word_1_194' title='bbox 2296 2398 2347 2446; x_wconf 83' lang='lat' dir='ltr'>in</span> <span class='ocrx_word' id='word_1_195' title='bbox 2370 2398 2503 2446; x_wconf 76' lang='lat' dir='ltr'>hoste</span> 
     </span>
     <span class='ocr_line' id='line_1_22' title="bbox 292 2463 2503 2531; baseline -0 -17"><span class='ocrx_word' id='word_1_196' title='bbox 292 2465 518 2514; x_wconf 72' lang='lat' dir='ltr'>neiratur.</span> <span class='ocrx_word' id='word_1_197' title='bbox 591 2468 722 2516; x_wconf 77' lang='lat' dir='ltr'>Tune</span> <span class='ocrx_word' id='word_1_198' title='bbox 742 2465 899 2530; x_wconf 73' lang='lat' dir='ltr'>inquit</span> <span class='ocrx_word' id='word_1_199' title='bbox 919 2468 1211 2529; x_wconf 77' lang='lat' dir='ltr'>Alexander,</span> <span class='ocrx_word' id='word_1_200' title='bbox 1233 2483 1322 2516; x_wconf 80' lang='lat' dir='ltr'>non</span> <span class='ocrx_word' id='word_1_201' title='bbox 1346 2474 1402 2516; x_wconf 81' lang='lat' dir='ltr'>ut</span> <span class='ocrx_word' id='word_1_202' title='bbox 1422 2469 1637 2531; x_wconf 81' lang='lat' dir='ltr'>voluisti,</span> <span class='ocrx_word' id='word_1_203' title='bbox 1657 2469 1873 2517; x_wconf 79' lang='lat' dir='ltr'>morieris</span> <span class='ocrx_word' id='word_1_204' title='bbox 1895 2466 2032 2523; x_wconf 84' lang='lat' dir='ltr'>Reti,</span> <span class='ocrx_word' id='word_1_205' title='bbox 2060 2468 2142 2515; x_wconf 82' lang='lat' dir='ltr'>sed</span> <span class='ocrx_word' id='word_1_206' title='bbox 2162 2463 2402 2528; x_wconf 81' lang='lat' dir='ltr'>quicquid,</span> <span class='ocrx_word' id='word_1_207' title='bbox 2420 2465 2503 2526; x_wconf 59' lang='lat' dir='ltr'>&amp;a</span> 
     </span>
     <span class='ocr_line' id='line_1_23' title="bbox 294 2528 2503 2597; baseline -0.002 -17"><span class='ocrx_word' id='word_1_208' title='bbox 294 2531 529 2581; x_wconf 85' lang='lat' dir='ltr'>Florent.</span> <span class='ocrx_word' id='word_1_209' title='bbox 554 2531 704 2580; x_wconf 87' lang='lat' dir='ltr'>Leid.</span> <span class='ocrx_word' id='word_1_210' title='bbox 729 2540 782 2580; x_wconf 88' lang='lat' dir='ltr'>et</span> <span class='ocrx_word' id='word_1_211' title='bbox 801 2532 950 2584; x_wconf 86' lang='lat' dir='ltr'>Voss.</span> <span class='ocrx_word' id='word_1_212' title='bbox 976 2538 1024 2582; x_wconf 89' lang='lat'>1.</span> <span class='ocrx_word' id='word_1_213' title='bbox 1092 2532 1187 2582; x_wconf 81' lang='lat' dir='ltr'>Sed</span> <span class='ocrx_word' id='word_1_214' title='bbox 1208 2548 1311 2581; x_wconf 82' lang='lat' dir='ltr'>eum</span> <span class='ocrx_word' id='word_1_215' title='bbox 1332 2534 1539 2597; x_wconf 78' lang='lat' dir='ltr'>undique</span> <span class='ocrx_word' id='word_1_216' title='bbox 1569 2534 1679 2583; x_wconf 84' lang='lat' dir='ltr'>telis</span> <span class='ocrx_word' id='word_1_217' title='bbox 1699 2549 1790 2597; x_wconf 78' lang='lat' dir='ltr'>qua</span> <span class='ocrx_word' id='word_1_218' title='bbox 1823 2535 1964 2582; x_wconf 82' lang='lat' dir='ltr'>ducto</span> <span class='ocrx_word' id='word_1_219' title='bbox 1984 2531 2205 2581; x_wconf 73' lang='lat' dir='ltr'>insolenti</span> <span class='ocrx_word' id='word_1_220' title='bbox 2223 2545 2276 2591; x_wconf 86' lang='lat' dir='ltr'>g.</span> <span class='ocrx_word' id='word_1_221' title='bbox 2296 2528 2344 2588; x_wconf 79' lang='lat' dir='ltr'>j.</span> <span class='ocrx_word' id='word_1_222' title='bbox 2378 2543 2421 2577; x_wconf 89' lang='lat' dir='ltr'>e.</span> <span class='ocrx_word' id='word_1_223' title='bbox 2456 2543 2503 2576; x_wconf 88' lang='lat' dir='ltr'>a.</span> 
     </span>
     <span class='ocr_line' id='line_1_24' title="bbox 293 2594 2505 2662; baseline -0.002 -16"><span class='ocrx_word' id='word_1_224' title='bbox 293 2596 495 2646; x_wconf 73' lang='lat' dir='ltr'>virtutis</span> <span class='ocrx_word' id='word_1_225' title='bbox 516 2612 555 2645; x_wconf 88' lang='lat' dir='ltr'>e.</span> <span class='ocrx_word' id='word_1_226' title='bbox 573 2597 625 2645; x_wconf 83' lang='lat' dir='ltr'>in</span> <span class='ocrx_word' id='word_1_227' title='bbox 647 2596 694 2646; x_wconf 78' lang='grc' dir='ltr'>Ιι.</span> <span class='ocrx_word' id='word_1_228' title='bbox 714 2597 934 2658; x_wconf 82' lang='lat' dir='ltr'>mirator,</span> <span class='ocrx_word' id='word_1_229' title='bbox 949 2602 1030 2660; x_wconf 59' lang='grc' dir='ltr'><strong>ὅγε.</strong></span> <span class='ocrx_word' id='word_1_230' title='bbox 1052 2599 1134 2646; x_wconf 80' lang='lat' dir='ltr'>sed</span> <span class='ocrx_word' id='word_1_231' title='bbox 1156 2597 1375 2660; x_wconf 78' lang='lat' dir='ltr'>quiequid</span> <span class='ocrx_word' id='word_1_232' title='bbox 1395 2599 1446 2646; x_wconf 79' lang='lat' dir='ltr'>in</span> <span class='ocrx_word' id='word_1_233' title='bbox 1462 2604 1586 2662; x_wconf 84' lang='lat' dir='ltr'>capt.</span> <span class='ocrx_word' id='word_1_234' title='bbox 1602 2602 1702 2647; x_wconf 74' lang='lat' dir='ltr'>inv.</span> <span class='ocrx_word' id='word_1_235' title='bbox 1719 2602 1887 2661; x_wconf 83' lang='lat' dir='ltr'>potest.</span> <span class='ocrx_word' id='word_1_236' title='bbox 1935 2598 2086 2647; x_wconf 86' lang='lat' dir='ltr'>Voss.</span> <span class='ocrx_word' id='word_1_237' title='bbox 2106 2600 2155 2645; x_wconf 84' lang='lat'>2.</span> <span class='ocrx_word' id='word_1_238' title='bbox 2180 2594 2277 2643; x_wconf 83' lang='lat' dir='ltr'>Sed</span> <span class='ocrx_word' id='word_1_239' title='bbox 2298 2595 2505 2655; x_wconf 70' lang='lat' dir='ltr'>undique</span> 
     </span>
     <span class='ocr_line' id='line_1_25' title="bbox 296 2658 2505 2726; baseline -0.003 -15"><span class='ocrx_word' id='word_1_240' title='bbox 296 2662 406 2712; x_wconf 78' lang='lat' dir='ltr'>telis</span> <span class='ocrx_word' id='word_1_241' title='bbox 425 2663 742 2711; x_wconf 76' lang='lat' dir='ltr'>circumdatus</span> <span class='ocrx_word' id='word_1_242' title='bbox 761 2664 856 2712; x_wconf 75' lang='lat' dir='ltr'>ins.</span> <span class='ocrx_word' id='word_1_243' title='bbox 876 2678 931 2726; x_wconf 80' lang='lat' dir='ltr'>g.</span> <span class='ocrx_word' id='word_1_244' title='bbox 955 2663 1004 2724; x_wconf 73' lang='lat' dir='ltr'>j.</span> <span class='ocrx_word' id='word_1_245' title='bbox 1026 2679 1071 2712; x_wconf 86' lang='lat' dir='ltr'>e.</span> <span class='ocrx_word' id='word_1_246' title='bbox 1092 2664 1211 2711; x_wconf 82' lang='lat' dir='ltr'>alias</span> <span class='ocrx_word' id='word_1_247' title='bbox 1233 2663 1433 2711; x_wconf 65' lang='lat' dir='ltr'>minutis</span> <span class='ocrx_word' id='word_1_248' title='bbox 1470 2667 1615 2724; x_wconf 80' lang='lat' dir='ltr'>etiam</span> <span class='ocrx_word' id='word_1_249' title='bbox 1649 2664 1702 2711; x_wconf 78' lang='lat' dir='ltr'>in</span> <span class='ocrx_word' id='word_1_250' title='bbox 1734 2663 1867 2712; x_wconf 72' lang='lat' dir='ltr'>hoste</span> <span class='ocrx_word' id='word_1_251' title='bbox 1885 2661 2104 2723; x_wconf 82' lang='lat' dir='ltr'>mirator,</span> <span class='ocrx_word' id='word_1_252' title='bbox 2123 2674 2217 2709; x_wconf 75' lang='lat' dir='ltr'>non</span> <span class='ocrx_word' id='word_1_253' title='bbox 2239 2663 2293 2708; x_wconf 76' lang='lat' dir='ltr'>ut</span> <span class='ocrx_word' id='word_1_254' title='bbox 2312 2658 2505 2706; x_wconf 67' lang='lat' dir='ltr'>voluisti</span> 
     </span>
     <span class='ocr_line' id='line_1_26' title="bbox 292 2722 2502 2792; baseline -0.003 -16"><span class='ocrx_word' id='word_1_255' title='bbox 292 2729 453 2792; x_wconf 80' lang='lat' dir='ltr'>inquit</span> <span class='ocrx_word' id='word_1_256' title='bbox 488 2729 727 2786; x_wconf 79' lang='lat' dir='ltr'>morieris,</span> <span class='ocrx_word' id='word_1_257' title='bbox 759 2731 843 2778; x_wconf 80' lang='lat' dir='ltr'>sed</span> <span class='ocrx_word' id='word_1_258' title='bbox 879 2729 1103 2792; x_wconf 77' lang='lat' dir='ltr'>quiequid</span> <span class='ocrx_word' id='word_1_259' title='bbox 1139 2727 1192 2776; x_wconf 79' lang='lat' dir='ltr'>in</span> <span class='ocrx_word' id='word_1_260' title='bbox 1229 2727 1480 2791; x_wconf 76' lang='lat' dir='ltr'>captivum.</span> <span class='ocrx_word' id='word_1_261' title='bbox 1548 2727 1686 2777; x_wconf 85' lang='lat' dir='ltr'>Vide</span> <span class='ocrx_word' id='word_1_262' title='bbox 1724 2728 1851 2776; x_wconf 89' lang='lat' dir='ltr'>Not.</span> <span class='ocrx_word' id='word_1_263' title='bbox 1888 2727 2016 2777; x_wconf 81' lang='lat' dir='ltr'>Var.</span> <span class='ocrx_word' id='word_1_264' title='bbox 2082 2727 2313 2775; x_wconf 82' lang='lat' dir='ltr'>Florent.</span> <span class='ocrx_word' id='word_1_265' title='bbox 2351 2722 2502 2772; x_wconf 84' lang='lat' dir='ltr'>Leid.</span> 
     </span>
     <span class='ocr_line' id='line_1_27' title="bbox 295 2788 2504 2856; baseline -0.001 -18"><span class='ocrx_word' id='word_1_266' title='bbox 295 2794 447 2844; x_wconf 62' lang='lat' dir='ltr'>vous.</span> <span class='ocrx_word' id='word_1_267' title='bbox 474 2798 520 2842; x_wconf 89' lang='lat'>1.</span> <span class='ocrx_word' id='word_1_268' title='bbox 546 2797 596 2840; x_wconf 83' lang='grc'>2.</span> <span class='ocrx_word' id='word_1_269' title='bbox 620 2799 676 2842; x_wconf 89' lang='lat' dir='ltr'>et</span> <span class='ocrx_word' id='word_1_270' title='bbox 696 2794 863 2856; x_wconf 83' lang='lat' dir='ltr'>Bong.</span> <span class='ocrx_word' id='word_1_271' title='bbox 886 2795 1137 2842; x_wconf 82' lang='lat' dir='ltr'>omittunt</span> <span class='ocrx_word' id='word_1_272' title='bbox 1159 2798 1513 2843; x_wconf 78' lang='lat' dir='ltr'>tormentorum.</span> <span class='ocrx_word' id='word_1_273' title='bbox 1581 2794 1727 2841; x_wconf 86' lang='lat' dir='ltr'>Voss.</span> <span class='ocrx_word' id='word_1_274' title='bbox 1750 2796 1801 2842; x_wconf 87' lang='grc'>2.</span> <span class='ocrx_word' id='word_1_275' title='bbox 1824 2791 2019 2841; x_wconf 86' lang='lat' dir='ltr'>omittit</span> <span class='ocrx_word' id='word_1_276' title='bbox 2049 2796 2097 2840; x_wconf 90' lang='lat' dir='ltr'>te</span> <span class='ocrx_word' id='word_1_277' title='bbox 2118 2798 2238 2840; x_wconf 80' lang='lat' dir='ltr'>ante</span> <span class='ocrx_word' id='word_1_278' title='bbox 2261 2788 2504 2850; x_wconf 80' lang='lat' dir='ltr'>cogita.—</span> 
     </span>
     <span class='ocr_line' id='line_1_28' title="bbox 296 2854 2508 2909; baseline -0.004 -1"><span class='ocrx_word' id='word_1_279' title='bbox 296 2863 359 2908; x_wconf 75' lang='grc'><strong>27</strong></span> <span class='ocrx_word' id='word_1_280' title='bbox 396 2859 625 2908; x_wconf 85' lang='lat' dir='ltr'>Florent.</span> <span class='ocrx_word' id='word_1_281' title='bbox 652 2859 797 2909; x_wconf 85' lang='lat' dir='ltr'>Leid.</span> <span class='ocrx_word' id='word_1_282' title='bbox 818 2860 970 2908; x_wconf 87' lang='lat' dir='ltr'>Voss.</span> <span class='ocrx_word' id='word_1_283' title='bbox 992 2864 1037 2907; x_wconf 89' lang='lat'>1.</span> <span class='ocrx_word' id='word_1_284' title='bbox 1053 2863 1102 2908; x_wconf 88' lang='grc'>2.</span> <span class='ocrx_word' id='word_1_285' title='bbox 1129 2860 1341 2908; x_wconf 79' lang='lat' dir='ltr'>reddidit</span> <span class='ocrx_word' id='word_1_286' title='bbox 1362 2862 1668 2907; x_wconf 67' lang='lat' dir='ltr'>vocem—28</span> <span class='ocrx_word' id='word_1_287' title='bbox 1691 2858 1833 2906; x_wconf 85' lang='lat' dir='ltr'>Pith.</span> <span class='ocrx_word' id='word_1_288' title='bbox 1854 2859 1917 2905; x_wconf 90' lang='lat' dir='ltr'>ad</span> <span class='ocrx_word' id='word_1_289' title='bbox 1939 2858 2182 2906; x_wconf 78' lang='lat' dir='ltr'>tacendum</span> <span class='ocrx_word' id='word_1_290' title='bbox 2204 2854 2508 2903; x_wconf 76' lang='lat' dir='ltr'>obstinatum·</span> 
     </span>
     <span class='ocr_line' id='line_1_29' title="bbox 298 2920 2503 2988; baseline -0.003 -15"><span class='ocrx_word' id='word_1_291' title='bbox 298 2924 449 2974; x_wconf 75' lang='lat' dir='ltr'>Leid-</span> <span class='ocrx_word' id='word_1_292' title='bbox 471 2938 560 2972; x_wconf 79' lang='lat' dir='ltr'>mm</span> <span class='ocrx_word' id='word_1_293' title='bbox 580 2936 709 2984; x_wconf 74' lang='lat' dir='ltr'>genu</span> <span class='ocrx_word' id='word_1_294' title='bbox 729 2939 779 2985; x_wconf 85' lang='lat' dir='ltr'>p.</span> <span class='ocrx_word' id='word_1_295' title='bbox 800 2938 910 2982; x_wconf 77' lang='lat' dir='ltr'>non,</span> <span class='ocrx_word' id='word_1_296' title='bbox 933 2927 1017 2988; x_wconf 58' lang='grc' dir='ltr'>ξε.</span> <span class='ocrx_word' id='word_1_297' title='bbox 1085 2923 1200 2973; x_wconf 76' lang='lat' dir='ltr'><strong>Pal.</strong></span> <span class='ocrx_word' id='word_1_298' title='bbox 1224 2928 1272 2972; x_wconf 82' lang='lat' dir='ltr'>l.</span> <span class='ocrx_word' id='word_1_299' title='bbox 1294 2930 1342 2972; x_wconf 90' lang='lat' dir='ltr'>et</span> <span class='ocrx_word' id='word_1_300' title='bbox 1366 2925 1417 2972; x_wconf 82' lang='lat' dir='ltr'>in</span> <span class='ocrx_word' id='word_1_301' title='bbox 1439 2924 1525 2972; x_wconf 78' lang='grc' dir='ltr'><strong><em>Ιιοο</em></strong></span> <span class='ocrx_word' id='word_1_302' title='bbox 1545 2924 1676 2972; x_wconf 78' lang='lat' dir='ltr'>aliud</span> <span class='ocrx_word' id='word_1_303' title='bbox 1705 2923 1890 2984; x_wconf 79' lang='lat' dir='ltr'>gemitu</span> <span class='ocrx_word' id='word_1_304' title='bbox 1917 2921 2220 2984; x_wconf 78' lang='lat' dir='ltr'>interpellabo</span> <span class='ocrx_word' id='word_1_305' title='bbox 2233 2936 2253 2978; x_wconf 82' lang='lat'>,-</span> <span class='ocrx_word' id='word_1_306' title='bbox 2285 2920 2434 2986; x_wconf 84' lang='lat' dir='ltr'>Voss.</span> <span class='ocrx_word' id='word_1_307' title='bbox 2455 2922 2503 2967; x_wconf 82' lang='grc'>2.</span> 
     </span>
     <span class='ocr_line' id='line_1_30' title="bbox 297 2983 2506 3053; baseline -0.003 -15"><span class='ocrx_word' id='word_1_308' title='bbox 297 2996 345 3039; x_wconf 86' lang='lat' dir='ltr'>et</span> <span class='ocrx_word' id='word_1_309' title='bbox 364 2991 410 3038; x_wconf 73' lang='lat' dir='ltr'>ei</span> <span class='ocrx_word' id='word_1_310' title='bbox 431 3004 480 3037; x_wconf 80' lang='lat' dir='ltr'>n.</span> <span class='ocrx_word' id='word_1_311' title='bbox 502 3004 550 3037; x_wconf 86' lang='lat' dir='ltr'>a.</span> <span class='ocrx_word' id='word_1_312' title='bbox 574 2995 703 3038; x_wconf 80' lang='lat' dir='ltr'>certe</span> <span class='ocrx_word' id='word_1_313' title='bbox 721 2990 1078 3053; x_wconf 77' lang='lat' dir='ltr'>interpellando.</span> <span class='ocrx_word' id='word_1_314' title='bbox 1144 2990 1331 3037; x_wconf 76' lang='lat' dir='ltr'>Multae</span> <span class='ocrx_word' id='word_1_315' title='bbox 1354 2988 1475 3038; x_wconf 84' lang='lat' dir='ltr'>edd.</span> <span class='ocrx_word' id='word_1_316' title='bbox 1509 2988 1816 3051; x_wconf 82' lang='lat' dir='ltr'>interpolaba.</span> <span class='ocrx_word' id='word_1_317' title='bbox 1873 2987 1993 3037; x_wconf 86' lang='lat' dir='ltr'>vid.</span> <span class='ocrx_word' id='word_1_318' title='bbox 2022 2987 2150 3036; x_wconf 88' lang='lat' dir='ltr'>Not.</span> <span class='ocrx_word' id='word_1_319' title='bbox 2173 2988 2302 3036; x_wconf 84' lang='lat' dir='ltr'>Var.</span> <span class='ocrx_word' id='word_1_320' title='bbox 2357 2987 2372 3010; x_wconf 87' lang='lat'>‘</span> <span class='ocrx_word' id='word_1_321' title='bbox 2399 2983 2506 3032; x_wconf 89' lang='lat' dir='ltr'>Ne-</span> 
     </span>
     <span class='ocr_line' id='line_1_31' title="bbox 299 3047 2507 3119; baseline -0.004 -15"><span class='ocrx_word' id='word_1_322' title='bbox 299 3068 447 3104; x_wconf 80' lang='lat' dir='ltr'>cesse</span> <span class='ocrx_word' id='word_1_323' title='bbox 471 3068 571 3102; x_wconf 88' lang='lat' dir='ltr'>non</span> <span class='ocrx_word' id='word_1_324' title='bbox 594 3061 692 3113; x_wconf 85' lang='lat' dir='ltr'>est,</span> <span class='ocrx_word' id='word_1_325' title='bbox 715 3062 774 3102; x_wconf 86' lang='lat' dir='ltr'>nt</span> <span class='ocrx_word' id='word_1_326' title='bbox 796 3069 912 3103; x_wconf 86' lang='lat' dir='ltr'>cum</span> <span class='ocrx_word' id='word_1_327' title='bbox 936 3052 1199 3103; x_wconf 83' lang='lat' dir='ltr'>Scheffero</span> <span class='ocrx_word' id='word_1_328' title='bbox 1223 3055 1480 3117; x_wconf 76' lang='lat' dir='ltr'>legamus:</span> <span class='ocrx_word' id='word_1_329' title='bbox 1519 3059 1569 3102; x_wconf 88' lang='lat' dir='ltr'>et</span> <span class='ocrx_word' id='word_1_330' title='bbox 1588 3055 1683 3103; x_wconf 83' lang='lat' dir='ltr'>nisi</span> <span class='ocrx_word' id='word_1_331' title='bbox 1705 3055 1792 3103; x_wconf 80' lang='lat' dir='ltr'>hae</span> <span class='ocrx_word' id='word_1_332' title='bbox 1813 3050 2011 3119; x_wconf 86' lang='lat' dir='ltr'>(voce),</span> <span class='ocrx_word' id='word_1_333' title='bbox 2042 3053 2164 3101; x_wconf 76' lang='lat' dir='ltr'>illud</span> <span class='ocrx_word' id='word_1_334' title='bbox 2195 3047 2507 3114; x_wconf 83' lang='lat' dir='ltr'>(silentium)</span> 
     </span>
     <span class='ocr_line' id='line_1_32' title="bbox 297 3114 2507 3187; baseline -0.004 -18"><span class='ocrx_word' id='word_1_335' title='bbox 297 3127 422 3187; x_wconf 54' lang='lat' dir='ltr'>cente</span> <span class='ocrx_word' id='word_1_336' title='bbox 440 3119 624 3182; x_wconf 78' lang='lat' dir='ltr'>gemitu</span> <span class='ocrx_word' id='word_1_337' title='bbox 643 3119 967 3183; x_wconf 71' lang='lat' dir='ltr'>interpellabo.</span> <span class='ocrx_word' id='word_1_338' title='bbox 1028 3119 1073 3167; x_wconf 90' lang='lat' dir='ltr'>N</span> <span class='ocrx_word' id='word_1_339' title='bbox 1081 3134 1142 3167; x_wconf 84' lang='lat' dir='ltr'>ec</span> <span class='ocrx_word' id='word_1_340' title='bbox 1165 3125 1264 3179; x_wconf 81' lang='lat' dir='ltr'>est,</span> <span class='ocrx_word' id='word_1_341' title='bbox 1285 3127 1344 3169; x_wconf 88' lang='lat' dir='ltr'>nt</span> <span class='ocrx_word' id='word_1_342' title='bbox 1367 3134 1485 3168; x_wconf 88' lang='lat' dir='ltr'>cum</span> <span class='ocrx_word' id='word_1_343' title='bbox 1511 3119 1823 3168; x_wconf 84' lang='lat' dir='ltr'>Heumanno</span> <span class='ocrx_word' id='word_1_344' title='bbox 1846 3117 2160 3168; x_wconf 80' lang='lat' dir='ltr'>scribamus:</span> <span class='ocrx_word' id='word_1_345' title='bbox 2187 3114 2507 3178; x_wconf 82' lang='lat' dir='ltr'>interpellato.</span> 
     </span>
     <span class='ocr_line' id='line_1_33' title="bbox 297 3179 2506 3246; baseline -0.004 -11"><span class='ocrx_word' id='word_1_346' title='bbox 297 3187 447 3235; x_wconf 85' lang='lat' dir='ltr'>Dicit</span> <span class='ocrx_word' id='word_1_347' title='bbox 468 3184 713 3234; x_wconf 84' lang='lat' dir='ltr'>Curtius:</span> <span class='ocrx_word' id='word_1_348' title='bbox 751 3190 877 3233; x_wconf 82' lang='lat' dir='ltr'>certe</span> <span class='ocrx_word' id='word_1_349' title='bbox 909 3185 1093 3246; x_wconf 80' lang='lat' dir='ltr'>gemitu</span> <span class='ocrx_word' id='word_1_350' title='bbox 1120 3191 1210 3234; x_wconf 87' lang='lat' dir='ltr'>tuo</span> <span class='ocrx_word' id='word_1_351' title='bbox 1244 3186 1340 3233; x_wconf 82' lang='lat' dir='ltr'>hoc</span> <span class='ocrx_word' id='word_1_352' title='bbox 1366 3192 1508 3232; x_wconf 89' lang='lat' dir='ltr'>tuum</span> <span class='ocrx_word' id='word_1_353' title='bbox 1533 3184 1792 3233; x_wconf 81' lang='lat' dir='ltr'>silentium</span> <span class='ocrx_word' id='word_1_354' title='bbox 1816 3181 2153 3246; x_wconf 65' lang='lat' dir='ltr'>interpellabo!</span> <span class='ocrx_word' id='word_1_355' title='bbox 2186 3179 2506 3230; x_wconf 84' lang='lat' dir='ltr'>Schmieder.</span> 
     </span>
     <span class='ocr_line' id='line_1_34' title="bbox 297 3245 2507 3309; baseline -0.004 -8"><span class='ocrx_word' id='word_1_356' title='bbox 297 3256 430 3301; x_wconf 74' lang='lat'>—29</span> <span class='ocrx_word' id='word_1_357' title='bbox 465 3251 551 3299; x_wconf 85' lang='lat' dir='ltr'>Ira</span> <span class='ocrx_word' id='word_1_358' title='bbox 579 3249 758 3300; x_wconf 88' lang='lat' dir='ltr'>Colon.</span> <span class='ocrx_word' id='word_1_359' title='bbox 791 3251 1023 3299; x_wconf 84' lang='lat' dir='ltr'>Freinsh.</span> <span class='ocrx_word' id='word_1_360' title='bbox 1047 3250 1234 3299; x_wconf 84' lang='lat' dir='ltr'>Cellar.</span> <span class='ocrx_word' id='word_1_361' title='bbox 1258 3249 1443 3300; x_wconf 74' lang='lat' dir='ltr'>Pilisc.</span> <span class='ocrx_word' id='word_1_362' title='bbox 1477 3249 1615 3298; x_wconf 82' lang='lat' dir='ltr'>Tell.</span> <span class='ocrx_word' id='word_1_363' title='bbox 1641 3249 1818 3299; x_wconf 77' lang='lat' dir='ltr'>Maitt.</span> <span class='ocrx_word' id='word_1_364' title='bbox 1841 3249 2000 3299; x_wconf 80' lang='lat' dir='ltr'>Snak.</span> <span class='ocrx_word' id='word_1_365' title='bbox 2023 3245 2181 3296; x_wconf 77' lang='lat' dir='ltr'>Barb.</span> <span class='ocrx_word' id='word_1_366' title='bbox 2203 3247 2321 3309; x_wconf 81' lang='lat' dir='ltr'>Bip.</span> <span class='ocrx_word' id='word_1_367' title='bbox 2345 3245 2507 3294; x_wconf 73' lang='lat' dir='ltr'>Cunz.</span> 
     </span>
     <span class='ocr_line' id='line_1_35' title="bbox 300 3308 2503 3367; baseline -0.004 -2"><span class='ocrx_word' id='word_1_368' title='bbox 300 3323 356 3365; x_wconf 85' lang='lat' dir='ltr'>et</span> <span class='ocrx_word' id='word_1_369' title='bbox 377 3318 531 3365; x_wconf 79' lang='lat' dir='ltr'>Both.</span> <span class='ocrx_word' id='word_1_370' title='bbox 600 3315 734 3363; x_wconf 83' lang='lat' dir='ltr'>Iram</span> <span class='ocrx_word' id='word_1_371' title='bbox 756 3316 986 3364; x_wconf 82' lang='lat' dir='ltr'>Florent.</span> <span class='ocrx_word' id='word_1_372' title='bbox 1015 3314 1159 3363; x_wconf 83' lang='lat' dir='ltr'>Leid.</span> <span class='ocrx_word' id='word_1_373' title='bbox 1182 3315 1337 3364; x_wconf 84' lang='lat' dir='ltr'>Voss.</span> <span class='ocrx_word' id='word_1_374' title='bbox 1362 3321 1410 3364; x_wconf 87' lang='lat'>1.</span> <span class='ocrx_word' id='word_1_375' title='bbox 1431 3319 1480 3364; x_wconf 83' lang='lat'>2.</span> <span class='ocrx_word' id='word_1_376' title='bbox 1521 3315 1654 3364; x_wconf 82' lang='lat' dir='ltr'>Dan.</span> <span class='ocrx_word' id='word_1_377' title='bbox 1679 3323 1736 3364; x_wconf 89' lang='lat' dir='ltr'>et</span> <span class='ocrx_word' id='word_1_378' title='bbox 1760 3315 1877 3363; x_wconf 74' lang='lat' dir='ltr'>Pal.</span> <span class='ocrx_word' id='word_1_379' title='bbox 1904 3319 1952 3363; x_wconf 89' lang='lat'>1.</span> <span class='ocrx_word' id='word_1_380' title='bbox 1976 3312 2145 3367; x_wconf 79' lang='lat' dir='ltr'>Iram,·</span> <span class='ocrx_word' id='word_1_381' title='bbox 2180 3318 2236 3359; x_wconf 89' lang='lat' dir='ltr'>et</span> <span class='ocrx_word' id='word_1_382' title='bbox 2272 3311 2347 3359; x_wconf 83' lang='lat' dir='ltr'>ita</span> <span class='ocrx_word' id='word_1_383' title='bbox 2380 3308 2503 3358; x_wconf 88' lang='lat' dir='ltr'>edd.</span> 
     </span>
     <span class='ocr_line' id='line_1_36' title="bbox 302 3377 2507 3443; baseline -0.004 -14"><span class='ocrx_word' id='word_1_384' title='bbox 302 3389 432 3431; x_wconf 83' lang='lat' dir='ltr'>vett.</span> <span class='ocrx_word' id='word_1_385' title='bbox 478 3380 593 3430; x_wconf 87' lang='lat' dir='ltr'>Col.</span> <span class='ocrx_word' id='word_1_386' title='bbox 636 3383 777 3430; x_wconf 84' lang='grc'><strong>1579.</strong></span> <span class='ocrx_word' id='word_1_387' title='bbox 824 3382 990 3443; x_wconf 79' lang='lat' dir='ltr'>Lugd.</span> <span class='ocrx_word' id='word_1_388' title='bbox 1021 3383 1166 3429; x_wconf 85' lang='grc'><strong>1584.</strong></span> <span class='ocrx_word' id='word_1_389' title='bbox 1191 3384 1338 3429; x_wconf 89' lang='grc'><strong>1588.</strong></span> <span class='ocrx_word' id='word_1_390' title='bbox 1363 3384 1519 3429; x_wconf 80' lang='grc'><strong>1591.</strong></span> <span class='ocrx_word' id='word_1_391' title='bbox 1549 3387 1604 3428; x_wconf 79' lang='lat' dir='ltr'>et</span> <span class='ocrx_word' id='word_1_392' title='bbox 1634 3378 1806 3428; x_wconf 84' lang='lat' dir='ltr'>Amst.</span> <span class='ocrx_word' id='word_1_393' title='bbox 1846 3382 1993 3427; x_wconf 85' lang='lat'>1621.</span> <span class='ocrx_word' id='word_1_394' title='bbox 2020 3380 2162 3426; x_wconf 81' lang='lat'>1628.</span> <span class='ocrx_word' id='word_1_395' title='bbox 2190 3379 2333 3424; x_wconf 84' lang='lat'><strong>1629.</strong></span> <span class='ocrx_word' id='word_1_396' title='bbox 2359 3377 2507 3422; x_wconf 81' lang='grc'><strong>1686.</strong></span> 
     </span>
     <span class='ocr_line' id='line_1_37' title="bbox 301 3441 2508 3510; baseline -0.004 -14"><span class='ocrx_word' id='word_1_397' title='bbox 301 3447 424 3496; x_wconf 74' lang='lat' dir='ltr'>ritus</span> <span class='ocrx_word' id='word_1_398' title='bbox 442 3445 644 3495; x_wconf 80' lang='lat' dir='ltr'>induens</span> <span class='ocrx_word' id='word_1_399' title='bbox 665 3461 802 3501; x_wconf 79' lang='lat' dir='ltr'>nova,</span> <span class='ocrx_word' id='word_1_400' title='bbox 830 3449 910 3510; x_wconf 67' lang='lat'>⁸50·</span> <span class='ocrx_word' id='word_1_401' title='bbox 946 3447 1113 3507; x_wconf 84' lang='lat' dir='ltr'>Bong.</span> <span class='ocrx_word' id='word_1_402' title='bbox 1137 3444 1190 3495; x_wconf 76' lang='lat' dir='ltr'>in</span> <span class='ocrx_word' id='word_1_403' title='bbox 1224 3446 1498 3507; x_wconf 70' lang='lat' dir='ltr'>peregrinos</span> <span class='ocrx_word' id='word_1_404' title='bbox 1517 3445 1643 3493; x_wconf 78' lang='lat' dir='ltr'>ritus</span> <span class='ocrx_word' id='word_1_405' title='bbox 1665 3445 1804 3507; x_wconf 81' lang='lat' dir='ltr'>conj.</span> <span class='ocrx_word' id='word_1_406' title='bbox 1830 3442 2094 3492; x_wconf 78' lang='lat' dir='ltr'>Heinsius,</span> <span class='ocrx_word' id='word_1_407' title='bbox 2128 3446 2321 3489; x_wconf 80' lang='lat' dir='ltr'>traxere</span> <span class='ocrx_word' id='word_1_408' title='bbox 2342 3441 2405 3487; x_wconf 85' lang='lat' dir='ltr'>ad</span> <span class='ocrx_word' id='word_1_409' title='bbox 2425 3451 2508 3487; x_wconf 70' lang='lat' dir='ltr'>ur-</span> 
     </span>
     <span class='ocr_line' id='line_1_38' title="bbox 302 3505 2510 3568; baseline -0.003 -10"><span class='ocrx_word' id='word_1_410' title='bbox 302 3510 400 3560; x_wconf 78' lang='lat' dir='ltr'>bem</span> <span class='ocrx_word' id='word_1_411' title='bbox 422 3513 575 3561; x_wconf 86' lang='lat' dir='ltr'>Voss.</span> <span class='ocrx_word' id='word_1_412' title='bbox 598 3515 650 3561; x_wconf 83' lang='lat'>2.</span> <span class='ocrx_word' id='word_1_413' title='bbox 684 3510 907 3560; x_wconf 75' lang='lat' dir='ltr'>Achillen</span> <span class='ocrx_word' id='word_1_414' title='bbox 942 3511 1171 3560; x_wconf 84' lang='lat' dir='ltr'>Florent.</span> <span class='ocrx_word' id='word_1_415' title='bbox 1206 3510 1354 3560; x_wconf 82' lang='lat' dir='ltr'>Leid.</span> <span class='ocrx_word' id='word_1_416' title='bbox 1379 3517 1435 3559; x_wconf 82' lang='lat' dir='ltr'>et</span> <span class='ocrx_word' id='word_1_417' title='bbox 1456 3511 1608 3559; x_wconf 80' lang='lat' dir='ltr'>Voss.</span> <span class='ocrx_word' id='word_1_418' title='bbox 1634 3514 1681 3558; x_wconf 89' lang='lat' dir='ltr'>l.</span> <span class='ocrx_word' id='word_1_419' title='bbox 1750 3510 1857 3558; x_wconf 89' lang='lat' dir='ltr'>Pro</span> <span class='ocrx_word' id='word_1_420' title='bbox 1893 3510 2141 3558; x_wconf 79' lang='lat' dir='ltr'>deduceret</span> <span class='ocrx_word' id='word_1_421' title='bbox 2170 3505 2266 3568; x_wconf 18' lang='lat' dir='ltr'>*alii</span> <span class='ocrx_word' id='word_1_422' title='bbox 2303 3507 2510 3554; x_wconf 75' lang='lat' dir='ltr'>duceret.</span> 
     </span>
     <span class='ocr_line' id='line_1_39' title="bbox 301 3570 2508 3640; baseline -0.004 -14"><span class='ocrx_word' id='word_1_423' title='bbox 301 3576 454 3628; x_wconf 81' lang='lat' dir='ltr'>Voss.</span> <span class='ocrx_word' id='word_1_424' title='bbox 482 3582 532 3627; x_wconf 89' lang='grc'>2.</span> <span class='ocrx_word' id='word_1_425' title='bbox 568 3577 620 3626; x_wconf 80' lang='lat' dir='ltr'>in</span> <span class='ocrx_word' id='word_1_426' title='bbox 655 3577 936 3627; x_wconf 54' lang='lat' dir='ltr'>hosta—30</span> <span class='ocrx_word' id='word_1_427' title='bbox 970 3577 1138 3640; x_wconf 83' lang='lat' dir='ltr'>Bong.</span> <span class='ocrx_word' id='word_1_428' title='bbox 1165 3580 1212 3626; x_wconf 88' lang='lat'>1.</span> <span class='ocrx_word' id='word_1_429' title='bbox 1246 3577 1474 3625; x_wconf 80' lang='lat' dir='ltr'>Floreat.</span> <span class='ocrx_word' id='word_1_430' title='bbox 1514 3574 1662 3624; x_wconf 86' lang='lat' dir='ltr'>Leid.</span> <span class='ocrx_word' id='word_1_431' title='bbox 1697 3575 1848 3624; x_wconf 78' lang='lat' dir='ltr'>Voss.</span> <span class='ocrx_word' id='word_1_432' title='bbox 1889 3579 1937 3623; x_wconf 89' lang='lat'>1.</span> <span class='ocrx_word' id='word_1_433' title='bbox 1974 3573 2045 3623; x_wconf 87' lang='lat' dir='ltr'>X.</span> <span class='ocrx_word' id='word_1_434' title='bbox 2067 3571 2234 3621; x_wconf 87' lang='lat' dir='ltr'>millia.</span> <span class='ocrx_word' id='word_1_435' title='bbox 2302 3570 2416 3620; x_wconf 80' lang='lat' dir='ltr'><strong>Pal.</strong></span> <span class='ocrx_word' id='word_1_436' title='bbox 2458 3572 2508 3617; x_wconf 90' lang='lat'>1.</span> 
     </span>
    </p>
   </div>
   <div class='ocr_carea' id='block_1_7' title="bbox 1300 3722 1516 3772">
    <p class='ocr_par' dir='ltr' id='par_1_7' title="bbox 1300 3722 1516 3772">
     <span class='ocr_line' id='line_1_40' title="bbox 1300 3722 1516 3772; baseline -0.005 0"><span class='ocrx_word' id='word_1_437' title='bbox 1300 3722 1516 3772; x_wconf 83' lang='lat' dir='ltr'>NOTAE</span> 
     </span>
    </p>
   </div>
   <div class='ocr_carea' id='block_1_8' title="bbox 301 3813 2511 4045">
    <p class='ocr_par' dir='ltr' id='par_1_8' title="bbox 301 3813 2511 4045">
     <span class='ocr_line' id='line_1_41' title="bbox 363 3813 2511 3889; baseline -0.005 -16"><span class='ocrx_word' id='word_1_438' title='bbox 363 3835 389 3868; x_wconf 64' lang='grc' dir='ltr'>«ι</span> <span class='ocrx_word' id='word_1_439' title='bbox 424 3824 765 3889; x_wconf 70' lang='lat' dir='ltr'>Inter-pellabo]</span> <span class='ocrx_word' id='word_1_440' title='bbox 800 3821 909 3873; x_wconf 85' lang='lat' dir='ltr'>Alii</span> <span class='ocrx_word' id='word_1_441' title='bbox 939 3820 1248 3885; x_wconf 81' lang='lat' dir='ltr'>interpolabo,</span> <span class='ocrx_word' id='word_1_442' title='bbox 1276 3833 1365 3868; x_wconf 84' lang='lat' dir='ltr'>eo·</span> <span class='ocrx_word' id='word_1_443' title='bbox 1447 3825 1578 3868; x_wconf 87' lang='lat' dir='ltr'>nunt</span> <span class='ocrx_word' id='word_1_444' title='bbox 1600 3817 1783 3882; x_wconf 84' lang='lat' dir='ltr'>optimi</span> <span class='ocrx_word' id='word_1_445' title='bbox 1817 3813 2117 3866; x_wconf 76' lang='lat' dir='ltr'>Latinitatis</span> <span class='ocrx_word' id='word_1_446' title='bbox 2140 3816 2418 3874; x_wconf 77' lang='lat' dir='ltr'>suctores3</span> <span class='ocrx_word' id='word_1_447' title='bbox 2452 3817 2511 3862; x_wconf 88' lang='lat' dir='ltr'>ut</span> 
     </span>
     <span class='ocr_line' id='line_1_42' title="bbox 301 3891 2510 3966; baseline -0.007 -11"><span class='ocrx_word' id='word_1_448' title='bbox 301 3906 417 3955; x_wconf 84' lang='lat' dir='ltr'>dem</span> <span class='ocrx_word' id='word_1_449' title='bbox 442 3918 617 3964; x_wconf 77' lang='lat' dir='ltr'>sensu,</span> <span class='ocrx_word' id='word_1_450' title='bbox 642 3917 743 3966; x_wconf 89' lang='lat' dir='ltr'>quo</span> <span class='ocrx_word' id='word_1_451' title='bbox 766 3914 865 3949; x_wconf 90' lang='lat' dir='ltr'>non</span> <span class='ocrx_word' id='word_1_452' title='bbox 900 3900 1050 3947; x_wconf 86' lang='lat' dir='ltr'>modo</span> <span class='ocrx_word' id='word_1_453' title='bbox 1073 3911 1213 3961; x_wconf 80' lang='lat' dir='ltr'>saepe</span> <span class='ocrx_word' id='word_1_454' title='bbox 1238 3895 1365 3945; x_wconf 87' lang='lat' dir='ltr'>Cur·</span> <span class='ocrx_word' id='word_1_455' title='bbox 1446 3896 1703 3946; x_wconf 85' lang='lat' dir='ltr'>immerito</span> <span class='ocrx_word' id='word_1_456' title='bbox 1738 3893 1936 3944; x_wconf 78' lang='lat' dir='ltr'>faciunt</span> <span class='ocrx_word' id='word_1_457' title='bbox 1978 3893 2066 3957; x_wconf 92' lang='lat' dir='ltr'>qui</span> <span class='ocrx_word' id='word_1_458' title='bbox 2108 3891 2161 3941; x_wconf 81' lang='lat' dir='ltr'>in</span> <span class='ocrx_word' id='word_1_459' title='bbox 2199 3892 2323 3940; x_wconf 83' lang='lat' dir='ltr'>iram</span> <span class='ocrx_word' id='word_1_460' title='bbox 2364 3891 2510 3940; x_wconf 78' lang='lat' dir='ltr'>vertit</span> 
     </span>
     <span class='ocr_line' id='line_1_43' title="bbox 301 3972 1765 4045; baseline -0.008 -13"><span class='ocrx_word' id='word_1_461' title='bbox 301 3984 424 4045; x_wconf 83' lang='lat' dir='ltr'>tius,</span> <span class='ocrx_word' id='word_1_462' title='bbox 439 3994 626 4029; x_wconf 55' lang='lat' dir='ltr'>‘verum</span> <span class='ocrx_word' id='word_1_463' title='bbox 666 3979 823 4027; x_wconf 85' lang='lat' dir='ltr'>etiam</span> <span class='ocrx_word' id='word_1_464' title='bbox 863 3976 1043 4025; x_wconf 78' lang='lat' dir='ltr'>Caesar</span> <span class='ocrx_word' id='word_1_465' title='bbox 1076 3972 1364 4037; x_wconf 84' lang='lat' dir='ltr'>usurpavit.</span> <span class='ocrx_word' id='word_1_466' title='bbox 1442 3973 1548 4037; x_wconf 84' lang='lat' dir='ltr'>legi</span> <span class='ocrx_word' id='word_1_467' title='bbox 1572 3973 1765 4021; x_wconf 87' lang='lat' dir='ltr'>volunt.</span> 
     </span>
    </p>
   </div>
   <div class='ocr_carea' id='block_1_9' title="bbox 305 4042 2551 4279">
    <p class='ocr_par' dir='ltr' id='par_1_9' title="bbox 305 4042 2551 4279">
     <span class='ocr_line' id='line_1_44' title="bbox 305 4042 2510 4121; baseline -0.009 -10"><span class='ocrx_word' id='word_1_468' title='bbox 305 4060 422 4111; x_wconf 81' lang='lat' dir='ltr'>Nisi</span> <span class='ocrx_word' id='word_1_469' title='bbox 443 4060 487 4108; x_wconf 84' lang='lat' dir='ltr'>si</span> <span class='ocrx_word' id='word_1_470' title='bbox 510 4056 623 4121; x_wconf 85' lang='lat' dir='ltr'>quis</span> <span class='ocrx_word' id='word_1_471' title='bbox 645 4060 915 4116; x_wconf 74' lang='lat' dir='ltr'>corruptos</span> <span class='ocrx_word' id='word_1_472' title='bbox 931 4050 1204 4115; x_wconf 84' lang='lat' dir='ltr'>utrobique</span> <span class='ocrx_word' id='word_1_473' title='bbox 1225 4051 1365 4099; x_wconf 84' lang='lat' dir='ltr'>locos</span> <span class='ocrx_word' id='word_1_474' title='bbox 1513 4058 1531 4083; x_wconf 80' lang='lat'>⁸</span> <span class='ocrx_word' id='word_1_475' title='bbox 1550 4046 1806 4109; x_wconf 80' lang='lat' dir='ltr'>Achillem]</span> <span class='ocrx_word' id='word_1_476' title='bbox 1849 4043 2121 4109; x_wconf 77' lang='lat' dir='ltr'>Olympias</span> <span class='ocrx_word' id='word_1_477' title='bbox 2154 4042 2308 4103; x_wconf 86' lang='lat' dir='ltr'>enim,</span> <span class='ocrx_word' id='word_1_478' title='bbox 2350 4043 2510 4093; x_wconf 81' lang='lat' dir='ltr'>Alex·</span> 
     </span>
     <span class='ocr_line' id='line_1_45' title="bbox 305 4118 2551 4204; baseline -0.009 -15"><span class='ocrx_word' id='word_1_479' title='bbox 305 4143 470 4204; x_wconf 83' lang='lat' dir='ltr'>putet,</span> <span class='ocrx_word' id='word_1_480' title='bbox 510 4149 573 4183; x_wconf 89' lang='lat' dir='ltr'>ac</span> <span class='ocrx_word' id='word_1_481' title='bbox 620 4147 715 4196; x_wconf 82' lang='lat' dir='ltr'>pro</span> <span class='ocrx_word' id='word_1_482' title='bbox 757 4131 1045 4194; x_wconf 82' lang='lat' dir='ltr'>interpolare</span> <span class='ocrx_word' id='word_1_483' title='bbox 1092 4129 1367 4192; x_wconf 82' lang='lat' dir='ltr'>legendum</span> <span class='ocrx_word' id='word_1_484' title='bbox 1446 4126 1593 4176; x_wconf 80' lang='lat' dir='ltr'>andri</span> <span class='ocrx_word' id='word_1_485' title='bbox 1628 4131 1815 4186; x_wconf 81' lang='lat' dir='ltr'>mater,</span> <span class='ocrx_word' id='word_1_486' title='bbox 1854 4136 2017 4185; x_wconf 80' lang='lat' dir='ltr'>genus</span> <span class='ocrx_word' id='word_1_487' title='bbox 2048 4119 2113 4168; x_wconf 78' lang='lat' dir='ltr'>ad</span> <span class='ocrx_word' id='word_1_488' title='bbox 2139 4118 2393 4169; x_wconf 84' lang='lat' dir='ltr'>Achillem</span> <span class='ocrx_word' id='word_1_489' title='bbox 2428 4135 2511 4170; x_wconf 87' lang='lat' dir='ltr'>re·</span> <span class='ocrx_word' id='word_1_490' title='bbox 2542 4191 2551 4194; x_wconf 24' lang='lat'><strong>¹</strong></span> 
     </span>
     <span class='ocr_line' id='line_1_46' title="bbox 305 4195 2465 4279; baseline -0.008 -13"><span class='ocrx_word' id='word_1_491' title='bbox 305 4214 617 4279; x_wconf 77' lang='lat' dir='ltr'>interpellare.</span> <span class='ocrx_word' id='word_1_492' title='bbox 1446 4202 1668 4264; x_wconf 73' lang='lat' dir='ltr'>ferebat,</span> <span class='ocrx_word' id='word_1_493' title='bbox 1695 4207 1827 4250; x_wconf 82' lang='lat' dir='ltr'>teste</span> <span class='ocrx_word' id='word_1_494' title='bbox 1848 4197 2074 4254; x_wconf 84' lang='lat' dir='ltr'>Velleio,</span> <span class='ocrx_word' id='word_1_495' title='bbox 2097 4195 2186 4245; x_wconf 85' lang='lat' dir='ltr'>lib.</span> <span class='ocrx_word' id='word_1_496' title='bbox 2207 4210 2248 4245; x_wconf 85' lang='lat'>1.</span> <span class='ocrx_word' id='word_1_497' title='bbox 2272 4211 2390 4260; x_wconf 83' lang='lat' dir='ltr'>cap.</span> <span class='ocrx_word' id='word_1_498' title='bbox 2413 4201 2465 4248; x_wconf 82' lang='lat'>6.</span> 
     </span>
    </p>
   </div>
   <div class='ocr_carea' id='block_1_10' title="bbox 371 4272 2508 4352">
    <p class='ocr_par' dir='ltr' id='par_1_10' title="bbox 371 4272 2508 4352">
     <span class='ocr_line' id='line_1_47' title="bbox 371 4272 2508 4352; baseline -0.008 -9"><span class='ocrx_word' id='word_1_499' title='bbox 371 4300 390 4326; x_wconf 74' lang='lat'><em>¹</em></span> <span class='ocrx_word' id='word_1_500' title='bbox 429 4288 613 4352; x_wconf 79' lang='lat' dir='ltr'>Vertit]</span> <span class='ocrx_word' id='word_1_501' title='bbox 645 4285 764 4337; x_wconf 86' lang='lat' dir='ltr'>Hoc</span> <span class='ocrx_word' id='word_1_502' title='bbox 789 4285 998 4336; x_wconf 85' lang='lat' dir='ltr'>verbnm</span> <span class='ocrx_word' id='word_1_503' title='bbox 1022 4283 1257 4335; x_wconf 76' lang='lat' dir='ltr'>absolute</span> <span class='ocrx_word' id='word_1_504' title='bbox 1278 4296 1367 4346; x_wconf 85' lang='lat' dir='ltr'>po·</span> <span class='ocrx_word' id='word_1_505' title='bbox 1514 4280 1529 4312; x_wconf 77' lang='lat'>⁸</span> <span class='ocrx_word' id='word_1_506' title='bbox 1551 4278 1801 4329; x_wconf 76' lang='lat' dir='ltr'>Imitatum</span> <span class='ocrx_word' id='word_1_507' title='bbox 1830 4290 1880 4327; x_wconf 81' lang='lat' dir='ltr'>se</span> <span class='ocrx_word' id='word_1_508' title='bbox 1910 4274 2032 4339; x_wconf 74' lang='lat' dir='ltr'>esee]</span> <span class='ocrx_word' id='word_1_509' title='bbox 2071 4272 2239 4323; x_wconf 88' lang='lat' dir='ltr'>Immo</span> <span class='ocrx_word' id='word_1_510' title='bbox 2259 4287 2379 4327; x_wconf 82' lang='lat' dir='ltr'>vero</span> <span class='ocrx_word' id='word_1_511' title='bbox 2395 4289 2508 4328; x_wconf 82' lang='lat' dir='ltr'>cru-</span> 
     </span>
    </p>
   </div>
  </div>
 </body>
</html>
