2978 4933
517 377 651 448 304
973 397 1041 457 Q.
1088 393 1351 445 cumn
1401 395 1581 445 num
1635 393 1774 445 mn.
1825 397 1928 450 ιν.
1976 397 2140 456 σω».
2186 380 2290 447 11.

524 564 675 627 quae
728 539 1002 608 modum
1053 541 1439 620 excedunt?
1484 544 1627 626 regi
1670 545 2054 627 nequeant?
2146 542 2549 619 Nescio,·un
2579 542 2703 608 Da·

520 648 660 712 rius
692 646 846 711 ideo
869 651 1006 710 tam
1036 646 1248 711 multa
1277 647 1585 711 amiserit
1615 648 1775 731 quia
1815 648 2045 713 nimiae
2083 651 2251 731 opes
2284 665 2546 729 magnae
2566 646 2705 730 jac-

521 758 690 817 turae
746 750 974 815 locum
1024 748 1314 816 faciunt.
1428 750 1492 815 9.
1541 749 1845 816 Facilius
1867 758 2010 817 ⁸est
2066 750 2378 835 quaedam
2431 751 2705 828 vincere,

518 872 719 938 quam
750 854 923 919 tueri
942 855 989 920 τ’
1030 874 1235 939 quam
1268 853 1566 919 Hercule
1612 854 1999 939 expeditius
2046 872 2287 918 manus
2333 862 2584 917 nostrae
2613 873 2707 919 ra·

517 957 727 1040 piunt,
756 976 952 1042 quam
1002 958 1360 1023 continent.
1453 958 1622 1043 Ipsa
1662 978 1839 1023 mors
1883 959 2119 1022 uxoris
2168 957 2364 1022 Darii
2394 964 2461 1022 te
2491 956 2709 1021 admo-

514 1080 673 1127 nere
734 1067 983 1145 potest,
1034 1063 1249 1127 minus
1288 1060 1477 1146 jumh
1529 1061 2002 1128 misericordiae
2054 1066 2190 1126 tuae
2245 1061 2474 1137 licere,
2511 1079 2710 1145 quam

519 1163 760 1230 licuit.’
832 1166 938 1230 10.
972 1163 1383 1244 Alexander,
1414 1166 1656 1249 legatis
1678 1171 1698 1200 ‘
1722 1165 2052 1230 excedere
2078 1162 2546 1229 tabernaculo’
2571 1162 2710 1246 jus-

518 1269 636 1345 siS,
683 1268 888 1353 ‘quid
934 1266 1278 1352 placeret,’
1322 1269 1408 1334 ad
1441 1269 1794 1334 consilium
1826 1268 2065 1333 refert!
2153 1268 2292 1334 Diu
2321 1286 2518 1331 nemo
2551 1267 2709 1351 quid

517 1372 784 1437 sentiret
801 1391 1011 1437 ausus
1036 1377 1140 1437 est
1168 1371 1420 1450 dicere,
1447 1373 1701 1436 incerta
1725 1371 1903 1454 regis
1927 1371 2289 1435 voluntate.
2375 1368 2489 1434 11.
2533 1369 2711 1434 Tan·

511 1474 664 1538 dem
688 1473 1069 1553 Parmenio,
1099 1479 1118 1510 ‘
1138 1483 1291 1540 ante
1314 1470 1691 1554 suasisse,’¹
1719 1475 1843 1553 ait,
1873 1479 1895 1508 ‘
1922 1479 1994 1538 ut
2022 1475 2332 1560 captivos
2358 1472 2542 1557 apud
2571 1471 2708 1536 Da-

514 1596 809 1664 mascum
855 1577 1335 1643 redimentibus
1379 1578 1725 1660 redderet;
1769 1578 2099 1661 ingentem
2130 1577 2491 1662 pecuniam
2518 1582 2712 1659 potu-

512 1679 654 1746 isse
683 1681 897 1764 redigi
925 1702 1014 1747 ex
1058 1683 1165 1760 iis,
1195 1683 1312 1768 qui
1342 1684 1531 1748 multi
1563 1684 1769 1749 vincti
1799 1684 2093 1748 virorum
2122 1681 2391 1745 fortium
2420 1697 2710 1763 occupa-

576 1852 596 1877 ‘
634 1847 845 1902 Quorum
861 1847 1010 1897 nimia
1029 1850 1287 1913 amplitudo
1306 1853 1395 1899 est.

576 1908 602 1942 ‘¹
635 1912 812 1975 Aliqua
832 1917 941 1962 sunt
957 1929 1062 1977 quoe
1069 1914 1274 1973 facilius
1288 1915 1599 1978 acquiruntur
1620 1914 1758 1977 bello,
1777 1922 1917 1979 quam
1935 1919 2197 1966 servantur.
2473 1942 2502 1970 ι

570 1982 592 2009 ‘
624 1976 686 2025 Ia
705 1991 898 2028 suorum
917 1979 1113 2028 consilio
1133 1981 1324 2044 querit,
1338 1983 1451 2045 quid
1466 1983 1587 2045 ipsis
1600 1981 1830 2046 optimum
1849 1983 2057 2033 videtur.

1424 2110 1691 2130 ‘O‘OOONO
1696 2111 1721 2130 O
1729 2111 1785 2130 ‘O

510 2190 761 2239 admodum
802 2193 1049 2241 excedunt.
1098 2192 1253 2242 Voss.
1279 2197 1329 2243 2.
1367 2187 1463 2242 tam
1496 2192 1734 2255 amiserit,
1773 2194 1958 2243 omisso
1992 2193 2259 2240 multa—9
2294 2190 2530 2239 Florent.
2569 2187 2712 2237 Leid.

471 2283 480 2292 ι
511 2255 627 2303 Pal.
652 2259 699 2303 1.
722 2263 778 2305 et
800 2257 964 2321 Boug.
988 2257 1237 2307 omittunt
1257 2264 1329 2307 est
1353 2268 1469 2322 post
1496 2260 1714 2308 Facilius
1726 2275 1746 2318 ,-
1785 2259 2010 2309 Theocr.
2029 2258 2248 2306 Facilius
2264 2260 2334 2305 est
2355 2257 2509 2304 locum
2525 2254 2713 2302 vincere

509 2322 738 2381 quendam
758 2356 769 2370 .
788 2355 802 2370 .
821 2356 834 2370 .
852 2326 1077 2384 quantum
1112 2323 1298 2372 hercule
1311 2340 1331 2381 ,·
1382 2325 1520 2373 unde
1544 2325 1733 2374 Heuni.
1772 2325 1908 2386 conj.
1934 2328 2110 2387 quanto
2144 2322 2342 2371 hercule.
2408 2318 2709 2369 Schefferus

510 2383 680 2447 legit:
722 2386 932 2435 Facilius
951 2392 1022 2436 est
1043 2389 1227 2451 quidem
1260 2389 1460 2452 vincere,
1497 2392 1580 2452 fise.
1648 2390 1757 2439 Pro
1794 2390 1992 2452 rapiunt
2028 2389 2180 2438 Voss.
2212 2392 2262 2437 2.
2301 2386 2516 2449 capiunt.
2585 2384 2712 2433 Mox

506 2449 651 2500 Dan.
674 2450 907 2501 Florent.
930 2453 1077 2503 Leid.
1101 2460 1157 2503 et
1178 2454 1327 2503 Voss.
1358 2458 1408 2505 2.
1446 2456 1691 2505 admonere
1710 2460 1758 2506 te
1776 2461 1949 2519 potest.
2014 2454 2167 2503 Voss.
2192 2456 2242 2503 2.
2251 2451 2358 2513 jam
2378 2465 2505 2501 nunc
2526 2450 2712 2500 miseri-

508 2516 703 2578 cordioe,
721 2517 1104 2581 &a—loAui:
1141 2522 1204 2568 ad
1224 2520 1488 2570 concilium.
1539 2522 1691 2571 Voss.
1711 2525 1759 2572 2.
1785 2521 1903 2570 Τιιιη
1923 2522 2203 2570 nevum—ll
2240 2521 2256 2547 ‘
2286 2518 2346 2567 In
2373 2518 2471 2565 hac
2504 2517 2711 2582 oblique

501 2595 542 2629 ·a
566 2582 742 2632 Curtio
765 2583 928 2634 relata
949 2585 1186 2635 oratione
1215 2586 1594 2649 Parmenionis,
1619 2592 1673 2637 et
1695 2602 1759 2636 ex
1779 2586 1933 2636 codd.
1959 2591 2015 2634 et
2035 2585 2233 2643 monitu
2257 2583 2630 2646 interpretum,
2656 2588 2710 2630 ut

505 2648 689 2697 melius
730 2649 828 2699 sibi
865 2658 1153 2712 constaret,
1175 2650 1413 2716 quaedam
1452 2652 1738 2714 immutavi,
1775 2653 1978 2701 suasisse
2013 2651 2244 2700 scribens
2285 2664 2380 2712 pro
2418 2649 2677 2698 suasissem
2689 2663 2710 2705 ,·

503 2714 720 2765 redderet
745 2730 837 2778 pro
859 2717 1097 2779 redderes,
1114 2716 1277 2782 (quod
1304 2717 1496 2768 habent
1517 2733 1692 2768 omnes
1718 2716 1872 2767 codd.
1895 2725 1950 2766 et
1973 2715 2118 2777 edd.)
2149 2718 2432 2777 occuparent
2456 2728 2556 2778 pro
2578 2727 2708 2762 occu·

497 2785 751 2845 paverant,
788 2780 899 2845 (ubi
924 2783 1154 2846 quinque
1179 2781 1331 2831 codd.
1348 2789 1631 2847 occuparunt
1645 2782 1689 2845 ς)
1719 2798 1906 2833 censere
1927 2790 2039 2831 cum
2060 2788 2285 2844 quatuor
2305 2779 2459 2829 codd.
2486 2793 2584 2842 pro
2605 2792 2709 2827 cen-

498 2856 649 2892 serem
661 2861 681 2902 ,·
707 2850 946 2907 permutet
968 2861 1087 2895 cum
1112 2847 1278 2897 tribus
1299 2848 1453 2899 codd.
1476 2864 1572 2912 pro
1592 2854 1848 2912 permutes.
1915 2845 2219 2898 Schefferus
2256 2845 2573 2910 principium
2597 2857 2708 2893 ors-

501 2907 657 2957 tionis
680 2911 801 2958 olim
827 2910 921 2960 hoc
953 2909 1107 2960 fuisse
1130 2919 1314 2975 putat:
1358 2915 1566 2963 Tandem
1589 2914 1874 2972 Parmenio:
1907 2918 2019 2962 aute
2053 2912 2256 2961 suasisse
2291 2926 2362 2971 se,
2384 2910 2476 2971 ait,
2497 2910 2711 2972 captivos

503 2974 629 3033 apud
652 2973 940 3024 Damascum
959 2976 1295 3026 redimentibus
1314 2979 1570 3029 redderet!
1601 2978 1924 3029 Schmieder.
1991 2979 2222 3027 Florent.
2242 2976 2385 3026 Leid.
2405 2981 2464 3025 et
2484 2977 2643 3024 Voss.
2663 2978 2709 3024 2.

507 3042 649 3086 antea
672 3040 917 3088 suasissem
926 3055 946 3096 ‚·
996 3041 1139 3090 Pith.
1160 3048 1271 3091 ante
1293 3044 1531 3094 suasisset.
1585 3044 1683 3094 Ed.
1709 3059 1790 3109 pr.
1814 3044 2030 3093 Venett.
2055 3044 2249 3093 Veron.
2275 3049 2467 3091 ceterae
2493 3049 2628 3090 vett.
2653 3049 2708 3088 et

505 3110 730 3177 recentt.
756 3111 810 3154 et
835 3117 1011 3154 omues
1034 3104 1146 3155 fere
1163 3107 1317 3156 codd.
1334 3114 1444 3157 ante
1462 3110 1733 3168 suasissem.
1790 3109 1912 3159 ΑΜ.
1933 3114 2018 3158 aut
2039 3110 2271 3173 captivos.
2324 3107 2473 3156 Voss.
2501 3110 2550 3156 2.
2571 3120 2709 3168 pecu-

501 3180 630 3214 niam
651 3182 784 3230 posse
803 3170 978 3232 redigi.
1018 3172 1253 3222 Florent.
1275 3173 1421 3224 Leid.
1440 3175 1592 3224 Voss.
1612 3180 1661 3225 2.
1680 3183 1735 3225 et
1760 3176 1894 3225 Mer.
1919 3190 1980 3225 ex
2002 3175 2094 3224 his.
2140 3175 2275 3223 Dan.
2301 3173 2536 3222 Florent.
2564 3170 2709 3220 Leid.

507 3238 562 3283 et
583 3232 737 3295 Voss.
761 3239 807 3284 l.
831 3239 880 3288 2.
902 3243 1185 3302 occuparant
1195 3254 1215 3297 ;
1247 3239 1347 3288 Ed.
1372 3254 1451 3304 pr.
1471 3242 1664 3292 Venet.
1682 3243 1829 3293 Rom.
1846 3242 1969 3290 Vet.
1988 3255 2073 3290 an.
2098 3243 2241 3290 1474.
2261 3237 2484 3289 Mediol.
2509 3237 2705 3287 Veron.

1486 3372 1535 3421 N
1544 3371 1701 3423 01¹AE

559 3463 584 3498 ¹¹
617 3465 924 3530 Minusjam]
972 3467 1088 3518 Hoc
1112 3469 1278 3534 ipsum
1295 3470 1408 3534 jam
1430 3478 1554 3522 ante
1635 3471 2022 3533 animadvertit,
2056 3485 2210 3521 nemo
2244 3468 2583 3531 inficiabitur,
2619 3467 2707 3533 qui

493 3540 797 3593 Alexander
815 3544 1553 3610 doluerat,siPlutarchocre-
1634 3555 1794 3599 totam
1842 3548 2096 3599 attentius
2141 3547 2349 3610 legerit.
2427 3545 2706 3596 Quomodo

491 3618 675 3669 dimus.
1632 3625 1770 3675 enim
1793 3624 2008 3675 directae
2032 3624 2346 3693 conveniunt
2368 3622 2492 3685 ista,
2509 3621 2526 3648 ‘
2550 3628 2705 3684 potu-

559 3693 723 3747 unte
739 3698 965 3762 suasisse]
1006 3699 1125 3751 Hoc
1144 3701 1277 3753 enim
1295 3709 1551 3766 suaserat,
1630 3700 1773 3765 isse,’
1805 3701 2167 3767 ‘possedisse‚'
2197 3696 2559 3765 ‘respiceret,'
2595 3700 2706 3749 ‘in-

492 3777 628 3823 teste
646 3773 890 3839 Arriano,
901 3779 1011 3841 jam
1030 3784 1138 3829 tum
1157 3793 1272 3828 cum
1296 3779 1433 3844 apud
1448 3781 1550 3844 Ty·
1631 3781 1903 3845 tueretur,'
1937 3785 2038 3832 διο.
2075 3795 2231 3847 quem
2262 3779 2608 3830 desultoriam
2647 3786 2704 3828 et

493 3863 607 3900 rum
651 3855 830 3916 agenti
860 3856 1101 3905 secundae
1126 3871 1158 3905 a
1183 3856 1344 3906 Dario
1378 3857 1548 3907 literae
1624 3860 2009 3912 inconstantem
2055 3871 2348 3909 sermonem
2398 3853 2704 3907 efficerent?

491 3931 660 3981 allstae
690 3938 830 3996 sunt,
863 3935 1050 3999 quibus
1080 3935 1257 3984 decem
1297 3935 1549 3986 talentum
1629 3937 1818 4003 Itaque
1835 3938 1959 3986 nihil
1978 3937 2320 3992 dubitandum
2338 3933 2441 3983 fuit
2456 3935 2585 3999 quin
2603 3946 2700 3998 pro

488 4008 651 4060 millia
671 4009 924 4062 offerebat
954 4027 1048 4077 pro
1074 4021 1256 4075 matre,
1279 4027 1465 4076 uxore,
1489 4029 1551 4064 ac
1626 4017 1897 4077 suasissem,
1927 4029 2176 4078 censerem,
2197 4018 2455 4078 permutes,
2476 4009 2582 4076 legi
2606 4009 2698 4061 de-

486 4084 707 4148 liberis;
736 4094 791 4137 et
832 4088 1078 4153 quicquid
1117 4094 1373 4139 terrarum
1413 4090 1551 4142 inter
1631 4089 1754 4139 beat
1772 4091 1993 4153 suasisse,
2029 4104 2230 4150 censere,
2257 4093 2516 4153 permutet.
2588 4085 2699 4136 Tri-

486 4161 733 4214 Graecum
767 4179 909 4215 mare
942 4172 1097 4231 atque
1121 4167 1439 4232 Euphratem
1464 4168 1548 4231 ja·
1630 4166 1737 4230 bus]
1783 4167 1913 4232 Cap.
1952 4182 2066 4233 sup.
2136 4167 2360 4218 Millibus
2397 4165 2515 4229 tal.]
2554 4163 2693 4214 Vide

487 4246 594 4294 cet.
642 4240 887 4290 Ceterum
909 4241 1171 4308 obliquam
1195 4258 1305 4294 esse
1330 4244 1546 4293 Parme·
1627 4245 1716 4296 lib.
1743 4259 1795 4296 v.
1817 4260 1934 4310 cap.
1959 4250 2007 4296 5.

488 4316 653 4367 nionis
676 4318 979 4382 orationem,
1001 4319 1136 4384 quod
1161 4329 1303 4372 recte
1319 4321 1543 4372 Budaeus
