2978 4933
2347 404 2476 478 279

292 554 487 622 sunt.d
534 558 641 624 32.
674 559 814 627 Sed
840 561 989 628 haec
1008 583 1132 629 suo
1160 585 1446 650 quaeque
1462 555 1755 653 tempori
1772 577 2214 637 reserventur.
2263 572 2468 638 Nunc

290 665 510 723 cetera
532 664 782 748 exequi
825 684 1117 749 pergam.

371 777 531 826 vul.
558 765 616 830 1.
663 764 1056 832 Alexander
1086 770 1173 835 ab
1205 769 1592 837 Hammone
1619 774 1927 856 rediens:¹
1955 783 2032 841 ut
2056 779 2129 860 [a
2153 779 2353 860 mari]
2384 778 2473 843 ad

287 861 674 931 Mareotimb
703 869 1045 951 paludem,
1074 873 1251 938 haud
1275 876 1511 958 procul
1540 878 1763 944 insula
1781 865 2004 945 Pharo
2028 888 2051 916 ‘³
2098 868 2320 960 sitam,
2352 901 2473 946 ve-

282 966 408 1043 nit„
442 972 932 1055 contemplatus
962 974 1102 1041 loci
1133 983 1460 1057 naturam,
1506 982 1791 1064 primum
1820 984 1886 1048 in
1913 985 2069 1068 ipsa
2096 985 2314 1050 insula
2335 992 2470 1048 sta-

282 1075 498 1135 tuerat
523 1074 750 1138 urbem
780 1095 1025 1142 novam
1046 1079 1355 1145 condere.
1412 1082 1477 1147 2.
1525 1083 1714 1162 Inde,
1740 1090 1813 1150 ut
1839 1088 2175 1170 apparuit,
2208 1081 2464 1169 magnae

280 1175 452 1240 sedis
481 1178 773 1245 insulam
799 1181 976 1247 haud
1007 1204 1356 1269 capacem,
1402 1189 1607 1271 elegit
1634 1191 1783 1254 urbi
1813 1192 2090 1270 locum,‘¹
2141 1192 2259 1256 ubi
2289 1210 2465 1255 nunc

277 1284 374 1344 est
391 1278 851 1364 Alexandria,⁸
877 1287 1403 1372 appellationem
1427 1292 1697 1359 trahens
1719 1313 1807 1359 ex
1821 1291 2127 1359 nomines
2149 1294 2464 1372 auctoriS.

732 399 760 448 ὅ
824 419 942 466 οι..
990 418 1181 466 exn.
1226 403 1288 468 1.
1362 420 1434 468 A.
1482 421 1607 469 011.
1649 423 1724 472 N.
1766 406 1917 473 331.

1188 1453 1548 1478 OOOOOOOOOOOO

272 1564 374 1608 suae
387 1578 407 1621 ‚·
429 1564 577 1615 Voss.
602 1569 652 1615 2.
686 1573 770 1615 aut
790 1568 970 1618 versati
990 1574 1250 1621 suna-32
1270 1571 1368 1623 Sed
1390 1573 1439 1625 h.
1462 1590 1504 1624 s.
1529 1591 1708 1641 quoque
1723 1575 1841 1626 edd.
1864 1581 1995 1627 vett.
2016 1573 2222 1639 'tempore
2245 1577 2394 1627 Voss.
2410 1579 2460 1625 2.
2542 1621 2546 1628 .

270 1623 390 1691 ξΑΙά.
418 1636 474 1677 et
498 1630 639 1680 Mer.
674 1634 860 1696 assequi
885 1648 1084 1697 pergam
1114 1637 1267 1686 Voss.
1290 1641 1341 1688 2.

331 1694 357 1739 1
391 1692 407 1721 ‘
427 1694 686 1746 Videntur
721 1697 854 1746 ista:
888 1715 919 1749 a
952 1701 1092 1761 mari,
1127 1702 1226 1766 [ita
1250 1704 1349 1754 Ed.
1372 1719 1450 1768 pr.
1472 1705 1669 1755 Venet.
1693 1706 1885 1755 Veron.
1912 1703 2029 1755 Ald.
2063 1704 2231 1755 Colin.
2257 1705 2464 1769 Grypb.

271 1755 400 1806 Mer.
417 1758 541 1808 Bas.
560 1760 676 1809 Col.
699 1762 932 1812 Freinsh.
960 1765 1151 1817 Cellar.
1176 1767 1363 1818 Pitisc.
1381 1770 1518 1820 Tell.
1536 1770 1695 1820 Snak.
1718 1770 1839 1834 Bip.
1863 1770 2026 1820 Cunz.
2049 1780 2104 1819 et
2122 1770 2301 1833 Botb.]
2335 1771 2465 1820 scri-

270 1820 431 1872 bentis
455 1838 650 1888 errore,
666 1841 731 1875 ex
756 1828 935 1891 primis
957 1829 1122 1880 literis
1139 1835 1465 1897 sequentium
1491 1842 1633 1885 nata.
1700 1835 1763 1886 In
1790 1843 2011 1899 quatuor
2032 1835 2184 1885 codd.
2205 1835 2461 1897 [Floreat.

270 1884 409 1937 Leid.
433 1895 489 1938 et
511 1891 667 1941 Voss.
692 1897 738 1942 1.
758 1893 835 1957 2.]
871 1893 1143 1946 deficiunt:
1183 1905 1281 1948 ata
1303 1902 1427 1949 mari
1448 1901 1512 1949 ad
1524 1917 1545 1959 ,·
1601 1900 1689 1950 alii
1718 1900 1800 1963 [ut
1821 1900 1993 1966 Pith.]
2016 1898 2238 1951 habent:
2273 1900 2464 1950 rediens

268 1950 315 1998 ia
352 1953 613 2004 Mareotim
633 1973 652 2014 ,·
702 1958 808 2021 alii,
855 1958 937 2021 [ut
980 1961 1172 2026 Bong.]
1224 1968 1280 2012 at
1315 1965 1602 2015 Mareotim!
1634 1965 1953 2016 Schmieder.
2035 1967 2186 2015 Voss.
2220 1969 2269 2015 2.
2307 1964 2462 2014 insula

269 2015 535 2069 Plione-2
570 2022 727 2072 Voss.
753 2028 799 2073 l.
831 2028 884 2072 ut
905 2032 1210 2088 apparuerat.
1277 2030 1418 2078 Dan.
1439 2031 1608 2094 Bong.
1633 2032 1752 2080 Pal.
1772 2034 1820 2081 1.
1843 2038 1897 2079 et
1925 2031 2070 2080 Leid.
2091 2044 2306 2094 capacem
2325 2044 2426 2079 esse
2439 2046 2460 2089 ,-

268 2079 405 2135 Voss.
426 2088 474 2134 2.
496 2089 847 2151 capacemsore.
911 2091 1057 2142 Leid.
1078 2098 1133 2142 et
1156 2093 1291 2143 Dan.
1306 2096 1594 2146 Alexandri.
1658 2095 1782 2147 Ald.
1804 2096 1863 2145 C.
1882 2096 1964 2161 qui
1985 2096 2238 2164 quicquid:
2289 2096 2460 2160 Bong-

1251 2208 1305 2260 N
1310 2207 1466 2260 01·AE

322 2314 346 2348 θ
377 2314 601 2367 Αυετεαεί
647 2318 783 2383 sant]
829 2320 1086 2385 Exempla
1124 2322 1322 2375 dabunt

264 2390 505 2456 Philotae,
563 2396 929 2456 Callisthenes,
984 2400 1319 2468 Hermolaus,

263 2470 354 2518 dre.
376 2471 477 2519 suis
500 2472 649 2522 locis.

320 2553 343 2580 ⁸
377 2548 614 2613 Rediens]
646 2548 899 2602 Arrianus
922 2561 977 2604 et
1001 2556 1315 2606 Plutarchus

262 2623 395 2685 prius
434 2626 728 2677 inchoatam
769 2629 1137 2681 Alexandriam
1180 2632 1315 2682 refe·

261 2707 391 2762 runt,
412 2717 564 2766 quam
591 2703 658 2752 ad
688 2704 1029 2756 Hammonem
1052 2708 1153 2757 iter
1170 2707 1313 2758 insti-

261 2775 444 2827 tuerit:
480 2779 665 2828 Curtio
700 2781 1033 2832 consentiunt
1056 2783 1313 2835 Diodorus

262 2857 312 2899 et
327 2851 573 2906 Justinus.
621 2855 877 2907 Neutrum
897 2864 1046 2908 certa
1067 2860 1202 2909 ratio
1220 2866 1313 2910 aut
1363 2912 1368 2913 ⁷

262 2926 441 2988 probat
478 2937 571 2982 aut
610 2931 841 2994 refellit3
877 2935 967 2984 sed
1007 2935 1108 2985 illis
1147 2937 1311 3000 magis

259 3001 410 3070 favet,
430 3022 584 3072 quam
604 3008 734 3072 istis,
755 3012 1001 3073 temporis
1038 3012 1311 3069 ratio,sive

259 3095 351 3145 quo
372 3084 655 3150 AEgyptum
678 3086 939 3151 ingressus
959 3096 1058 3154 est,
1080 3091 1191 3140 sive
1209 3106 1311 3156 quo

259 3156 499 3211 discessit.

266 3260 272 3267 ·
318 3236 340 3272 δ
372 3239 655 3305 Mareotim]
685 3241 767 3292 De
798 3242 1092 3294 Mareotide
1114 3244 1310 3296 dictum

260 3328 366 3378 cap.
382 3322 464 3368 28.

267 3414 272 3417 ·
316 3399 337 3427 ἓ
367 3395 552 3462 Pharo]
588 3398 805 3461 Pharus,
826 3399 1066 3462 insula,si
1090 3400 1309 3466 Stepha-

259 3478 321 3516 no
352 3473 625 3538 credimus,
646 3490 677 3524 a
706 3470 881 3526 Pharo
920 3478 1151 3527 Menelai
1191 3495 1308 3543 pro·

259 3552 365 3596 reta
384 3562 570 3602 nomen
603 3553 831 3617 accepit,
854 3555 991 3619 quod
1012 3571 1042 3604 a
1064 3564 1309 3620 serpente

228 3619 384 3673 *ictus
424 3627 615 3678 ibidem
655 3630 894 3680 humatus
940 3640 1092 3684 esset.
1160 3635 1310 3686 Hasd

255 3703 430 3768 procul]
464 3707 592 3774 E3²¹¹¹
626 3713 803 3757 tamen
831 3708 1090 3759 Homerus
1114 3711 1305 3774 Odyss.

257 3781 312 3824 Δ.
330 3778 575 3833 describit
606 3785 754 3833 nnius
780 3784 884 3834 diei
909 3787 1237 3851 navigatione
1274 3803 1307 3838 a

259 3857 527 3911 continenti
563 3861 813 3912 dissitam.
880 3865 1035 3917 Quod
1061 3867 1102 3916 si
1128 3881 1305 3916 verum

259 3938 350 3993 est,
369 3937 577 3988 multum
601 3940 832 4003 oportuit
856 3947 1011 3991 terrae
1036 3951 1303 4007 aggestum

260 4021 382 4074 esse,
418 4020 475 4063 ut
519 4015 853 4081 sequentibus
893 4020 1099 4068 saeculis
1138 4019 1307 4070 conti-

259 4096 380 4135 nens
397 4088 460 4138 ad
484 4090 701 4142 insulam
727 4108 920 4158 aggere
935 4096 1085 4160 jtingi
1109 4102 1302 4161 posset.

258 4158 496 4226 Equidem
517 4182 751 4232 magnam
774 4170 985 4235 AEgypti
1005 4178 1210 4235 partem
1234 4186 1303 4223 ex

1399 2325 1566 2378 insula
1602 2328 1761 2378 turris
1795 2326 1896 2378 fuit
1934 2327 2204 2392 proecelsa‚
2236 2324 2458 2375 Sostrati

1398 2405 1570 2456 Cnidii
1593 2420 1720 2470 opus
1738 2424 1753 2469 3
1788 2405 1932 2470 cujus
1948 2403 2196 2468 efastigio
2209 2416 2458 2466 suspensa

1331 2510 1340 2520 -
1398 2480 1485 2531 sax
1509 2490 1715 2547 portum
1733 2497 1800 2532 ex
1820 2482 1928 2532 alto
1944 2480 2300 2543 navigantibus
2314 2493 2458 2531 mon-

1398 2567 1610 2610 straret.
1675 2559 1810 2610 Inde
1833 2558 1992 2608 Phari
2014 2571 2201 2607 nomen
2232 2555 2455 2606 inditum

1396 2633 1618 2700 facibus,
1637 2650 1752 2700 quae
1775 2634 1920 2684 edito
1952 2648 2021 2682 ex
2043 2634 2155 2682 loco
2187 2637 2347 2681 noctu
2369 2643 2454 2680 ac-

1396 2726 1569 2762 censae
1619 2721 1828 2776 portum
1881 2708 2054 2760 nautis
2098 2708 2280 2773 procul
2321 2706 2456 2757 indi-

1395 2793 1660 2915 car-Urbi
1698 2861 1870 2926 locam]
1920 2862 2040 2913 Non
2083 2873 2453 2926 usquequaque

1377 2940 1533 2991 'nudo
1574 2947 1632 2991 et
1676 2955 1837 2990 vacuo
1880 2941 1993 2989 solo
2035 2937 2217 2988 urbem
2267 2950 2454 2985 novam

1392 3015 1694 3067 Alexander
1715 3015 1985 3066 excitavit.
2049 3013 2184 3064 Nam
2218 3025 2285 3062 ex
2307 3011 2454 3062 Stra-

1391 3092 1529 3144 bone
1573 3100 1780 3143 constat
1824 3098 2056 3141 vetustos
2091 3087 2453 3153 AEgyptiorum

1392 3169 1588 3235 Reges,
1609 3169 1713 3220 loci
1735 3167 2130 3234 opportunitate
2155 3173 2457 3229 conspecta,

1392 3247 1642 3311 oppidum
1689 3244 1763 3295 ibi
1808 3244 2127 3295 exstruxisse
2176 3240 2452 3299 Rhacotin,

1390 3339 1507 3388 quae
1519 3329 1701 3388 postea
1712 3336 1832 3387 pars
1845 3319 2177 3371 Alexandriae
2193 3318 2352 3368 fuerit
2364 3334 2381 3380 ς
2393 3325 2455 3368 ut

1388 3417 1491 3451 non
1511 3410 1713 3452 temere
1736 3399 2008 3464 scripserit
2027 3399 2377 3462 Hieronymus
2394 3397 2448 3447 in

1388 3479 1669 3544 Epitaphio
1692 3479 1896 3539 Paulae,
1926 3485 1940 3506 ‘
1968 3476 2150 3528 urbem
2185 3475 2310 3539 No‚’
2330 3489 2448 3539 quae

1389 3556 1502 3621 ipsa
1546 3555 1795 3606 Rhacotis
1833 3562 1937 3615 est,
1974 3553 1990 3582 ‘
2021 3558 2205 3617 postea
2244 3565 2449 3601 versam

1388 3649 1503 3684 esse
1521 3634 1576 3684 iu
1589 3631 1958 3683 Alexandriam
1977 3630 2011 3691 ς’
2041 3644 2140 3679 nec
2152 3627 2446 3693 culpandus

1387 3710 1648 3771 videatur,
1670 3708 1900 3773 quisquis
1939 3712 2042 3772 est,
2073 3713 2250 3756 noster
2287 3706 2448 3759 inter-

1386 3800 1526 3850 pres,
1549 3785 1636 3851 qui
1659 3784 1948 3834 Ezechielis
1968 3798 2083 3848 cap.
2104 3796 2243 3835 xxx.
2260 3799 2338 3835 vs.
2363 3787 2447 3836 14.

1387 3868 1469 3914 15.
1494 3867 1574 3914 16.
1595 3862 1736 3912 inter
1756 3860 1909 3912 urbes
1928 3859 2142 3925 IEgypti
2176 3858 2446 3925 primarias

1385 3938 1753 3988 Alexandriam
1775 3943 2045 4000 memorat,
2059 3937 2291 4002 quamvis
2310 3935 2446 3988 anti-

1385 4017 1562 4080 cipato
1585 4014 1810 4066 nomine.

1447 4098 1471 4125 ⁰
1503 4090 1823 4155 Alexandria]
1874 4090 2009 4141 Haee
2049 4090 2141 4140 illa
2187 4089 2310 4139 urbs
2364 4093 2448 4139 est

1382 4168 1598 4234 AEgypti
1634 4168 1792 4231 regia,
1813 4173 1896 4218 tot
1929 4167 2243 4231 scriptorum
2265 4179 2446 4217 monu-

261 4235 483 4291 advectis
520 4246 640 4294 Nilo
672 4244 831 4297 fluvio
867 4248 1021 4298 terris
1058 4250 1300 4300 extitisse
1380 4246 1572 4297 mentis
1595 4244 1895 4306 celebrata;
1930 4244 1994 4294 de
2028 4244 2175 4309 cujus
2203 4241 2444 4307 amplitu-

259 4310 476 4369 Justinus
500 4328 555 4371 et
591 4322 781 4374 Strabo
818 4324 1071 4384 indicant.
1138 4326 1204 4377 In
1234 4342 1300 4378 ea
1378 4324 1520 4384 dine,
1541 4322 1941 4389 magnificentia,
1962 4321 2178 4386 divitiis,
2195 4320 2452 4386 emporio,
