2978 4933
489 365 618 432 1:38
1279 379 1341 429 J.
1388 377 1894 429 snsrnsnsmu

487 522 731 582 Darium
757 519 1114 600 perfugerat,
1141 521 1439 582 occubuit.
1492 527 1498 535 ’
1526 524 1619 581 12.
1664 521 2063 583 Macedonum
2109 542 2229 584 non
2258 525 2498 604 quidem
2528 521 2688 585 ultra

486 617 745 680 sedecim
790 617 1107 698 perierunt,
1135 617 1243 679 sed
1295 617 1544 679 trecenti
1583 619 1766 679 ferme
1795 619 2085 681 vulnerati
2135 631 2310 690 sunt:
2354 622 2498 701 quia
2540 642 2686 682 noc·

485 727 661 776 turna
701 733 902 794 pugna
954 714 1166 788 suerat,
1208 735 1399 795 neque
1455 715 1739 777 adversus
1795 736 1990 778 coecos
2045 720 2200 779 ictus
2245 729 2306 777 et
2332 717 2689 779 ‚incidentia

486 821 702 872 temere
728 811 846 871 tela
872 812 1188 890 quicquam
1234 813 1377 874 satis
1413 811 1705 893 provideri
1754 822 2050 893 potuerat.
2139 817 2234 875 13.
2275 815 2423 875 Post
2455 815 2691 895 aliquot

487 908 704 970 deinde
730 906 881 976 dies,
911 905 1055 967 levis
1086 919 1146 968 et
1173 908 1402 969 ludicra
1428 902 1532 970 res=
1553 909 1780 988 ingenti
1811 912 2115 972 certamini
2142 931 2383 973 causam
2412 912 2688 992 praebuit,

488 1014 619 1065 orto
659 1004 827 1065 initio
855 1024 892 1065 a
918 1005 1150 1066 duobus
1179 1007 1469 1067 veteranis
1498 1026 1571 1067 ex
1601 1005 1905 1067 Perdiccae
1932 1008 2209 1088 agmine.⁶
2294 1008 2339 1067 li
2368 1009 2689 1068 contuber-

487 1103 656 1162 nales
683 1122 819 1163 cum
845 1115 1068 1177 essent,
1095 1123 1332 1183 unaque
1360 1104 1537 1183 genio
1564 1102 1976 1178 indulsissent,
2007 1116 2073 1164 ut
2097 1107 2166 1166 fit
2201 1105 2351 1166 inter
2379 1123 2689 1166 sermones

486 1199 826 1273 familiares,
846 1200 1137 1281 jactantia
1175 1201 1410 1260 militari
1455 1220 1566 1260 sua
1615 1201 1787 1261 fortia
1813 1203 1974 1262 facta
2015 1203 2273 1263 vicissim
2312 1201 2691 1275 extollentes,

490 1297 759 1357 altercari
788 1308 1105 1377 coeperant,
1132 1309 1262 1357 uter
1289 1297 1458 1358 alteri
1509 1297 1934 1367 anteferretur:
1985 1302 2080 1359 14.
2121 1320 2255 1360 cum
2284 1299 2432 1359 alter
2459 1319 2692 1371 eorum,

488 1400 507 1429 ⁸
539 1391 683 1471 quid
728 1393 888 1454 inani
936 1396 1185 1475 strepitu
1224 1396 1533 1455 verborum
1577 1395 1869 1456 soedamus
1917 1396 2393 1457 honestissimam
2439 1405 2696 1457 conten-

490 1489 712 1550 tionem
735 1489 779 1548 2’
818 1491 1045 1570 inquit:
1088 1499 1106 1526 ‘
1137 1512 1255 1552 non
1285 1492 1380 1553 cui
1422 1492 1649 1573 lingua,
1680 1493 1786 1553 sed
1816 1492 1912 1554 cui
1963 1492 2173 1554 dextra
2199 1493 2277 1553 sit
2303 1490 2534 1565 melior,
2577 1492 2694 1553 hoc

491 1585 718 1665 agitur:
762 1597 824 1647 et
850 1587 1023 1650 adest
1043 1590 1316 1653 occasio:
1357 1608 1432 1653 ea
1459 1591 1676 1671 optime
1717 1591 1793 1651 de
1827 1590 2242 1652 controversiis
2270 1590 2491 1649 nostris
2526 1589 2696 1669 judi-

492 1682 685 1745 cabit:
730 1704 863 1765 age,
881 1687 930 1746 si
952 1687 1035 1749 vir
1062 1708 1149 1761 es,
1171 1686 1573 1749 et’exeuntem
1600 1694 1886 1769 sequere.'
1979 1690 2072 1748 15.
2104 1686 2259 1747 Vino
2285 1696 2347 1748 et
2373 1686 2696 1747 ambitione

491 1782 897 1852 incaluerant:
934 1786 1132 1865 itaque
1179 1786 1407 1867 privato
1454 1785 1705 1847 consilio
1734 1803 1896 1846 arma
1944 1785 2207 1867 capiunt,
2236 1794 2297 1844 et
2320 1782 2413 1842 'ad
2465 1802 2695 1855 muros,

484 1877 656 1958 juxta
683 1899 876 1941 arcem
905 1902 1039 1962 quae
1071 1883 1353 1963 Mylassis
1381 1884 1633 1946 obversa
1678 1893 1791 1957 est,
1821 1891 2157 1943 excurrunt.
2242 1880 2469 1941 Horum
2506 1889 2694 1940 teme-

495 1975 667 2039 ritate
709 1977 1138 2053 animadversa,
1169 1980 1366 2041 statim
1413 1998 1488 2040 ex
1537 1979 1757 2061 oppido
1809 1980 2020 2059 globus
2049 1978 2302 2038 hostium
2349 1975 2695 2037 effunditur.

498 2070 591 2131 Illi
613 2074 844 2135 firmato
875 2075 1064 2155 gradu
1091 2088 1388 2138 certamen
1418 2085 1777 2138 conserunt:
1805 2075 2047 2157 propius
2079 2075 2445 2134 incurrentes
2474 2074 2696 2153 gladiis

497 2169 819 2249 excipiunt,
839 2173 897 2231 in
928 2173 1273 2235 recedentes
1302 2174 1423 2235 tela
1449 2173 1803 2252 conjiciunt:
1861 2174 1955 2233 16.
1997 2172 2106 2232 sed
2135 2170 2422 2231 adversus
2448 2168 2698 2242 multos,

496 2275 558 2326 et
586 2286 658 2325 ex
680 2269 976 2347 superiore
994 2269 1127 2330 loco
1145 2269 1519 2342 dimicantes,
1544 2268 1707 2329 haud
1735 2268 1840 2329 diu
1860 2256 2152 2349 impunita
2165 2266 2412 2328 duorum
2438 2267 2700 2327 audacia

496 2360 727 2434 fuisset,
778 2365 911 2435 nisi,
965 2378 1286 2447 conspecto
1342 2366 1605 2444 ipsorum
1658 2363 1940 2445 pericu10‚
1967 2364 2459 2425 'commilitonum
2519 2364 2698 2443 pauci

497 2460 706 2540 primo,
756 2459 972 2522 deinde
1018 2462 1112 2523 alii
1166 2473 1345 2543 atque
1386 2461 1487 2524 alii
1532 2461 1935 2523 laborantibus
1985 2461 2437 2522 subvenissent:
2481 2462 2700 2525 eodem

497 2558 675 2618 modo
705 2568 766 2619 et
791 2559 1101 2640 oppidanis
1130 2559 1380 2621 subinde
1404 2559 1482 2620 ad
1500 2560 1696 2622 locum
1713 2560 1813 2620 ubi
1834 2560 2213 2640 pugnabatur
2235 2559 2699 2621 confluentibus.

506 2658 599 2716 17.
647 2656 736 2716 Ita
764 2677 921 2718 nunc
962 2657 1078 2729 his,
1108 2677 1268 2719 nunc
1307 2658 1420 2719 illis
1449 2658 1658 2742 robore
1702 2676 2063 2736 numeroque
2093 2655 2509 2735 superioribus,
2541 2659 2701 2718 varie

497 2764 826 2831 pugnatum
857 2764 979 2821 est:
1024 2757 1216 2815 donec
1242 2754 1602 2828 Alexander,
1626 2775 1760 2815 cum
1800 2775 1977 2815 manu
2005 2774 2138 2833 quse
2168 2753 2325 2813 circa
2351 2752 2546 2832 ipsum
2573 2766 2703 2814 erat

503 2866 876 2926 progressuS,
902 2859 1122 2909 metum
1163 2850 1433 2911 hostibus
1482 2851 1755 2923 incussit,
1785 2851 2100 2930 statimque
2147 2851 2300 2910 intra
2337 2850 2702 2911 munimenta

500 2943 788 3023 compulsi
810 2957 989 3006 sunt:
1030 2965 1140 3007 nec
1169 2947 1419 3008 multum
1447 2947 1657 3021 abfuit,
1686 2949 1826 3028 quin
1856 2948 2058 3008 hostes
2084 2947 2260 3007 simul
2290 2947 2701 3026 irrumperent.

508 3041 602 3100 18.
649 3040 823 3101 Forte
852 3042 1007 3101 enim
1047 3043 1290 3102 intentis
1318 3043 1590 3104 omnibus
1634 3046 1695 3103 in
1722 3065 1795 3106 ea
1838 3066 1974 3125 quae
2002 3055 2139 3105 ante
2167 3044 2369 3104 urbem
2410 3045 2700 3123 gereban-

500 3147 615 3207 tur,
664 3139 876 3198 moenia
920 3139 1288 3220 negligenter
1332 3142 1552 3201 servari
1601 3143 1970 3223 contigerat:
2031 3154 2093 3203 et
2140 3140 2276 3201 duae
2325 3151 2509 3201 turres
2562 3161 2700 3202 cum

501 3235 825 3297 continenti
853 3256 1149 3297 murorum
1178 3249 1346 3318 parte
1375 3239 1591 3300 crebris
1618 3240 1863 3301 arietum
1893 3240 2108 3301 ictibus
2135 3247 2438 3298 cesserant
2464 3258 2482 3306 :
2526 3239 2703 3298 tertia

502 3352 738 3415 quoque
766 3332 965 3394 laxata
980 3335 1107 3416 jam
1136 3345 1198 3396 et
1223 3355 1521 3398 concussa
1551 3356 1859 3419 compage,
1903 3336 2264 3397 fodientibus
2293 3333 2455 3395 haud
2483 3335 2542 3393 in
2570 3336 2702 3395 lon-

503 3450 644 3510 gum
686 3430 958 3492 resistere
1005 3434 1318 3512 potuisset.
1409 3438 1505 3496 19.
1547 3436 1629 3495 At
1668 3435 1808 3515 quia
1834 3433 2279 3495 tumultuarium
2306 3431 2367 3491 id
2410 3431 2698 3512 praelium,

501 3545 693 3608 neque
721 3528 1028 3589 universus
1067 3531 1358 3591 exercitus
1403 3531 1728 3591 instructus
1780 3530 1991 3604 suerat,
2018 3528 2430 3610 opportunitas
2459 3528 2588 3609 ejus
2616 3529 2699 3589 rei

502 3646 537 3686 e
565 3625 834 3686 manibus
863 3626 1082 3687 amissa
1107 3636 1222 3688 est.
1305 3631 1407 3690 20.
1449 3628 1807 3699 Alexander,
1833 3646 2170 3708 quanquam
2199 3645 2272 3685 ea
2299 3644 2392 3685 res
2421 3626 2701 3706 opinione

502 3722 846 3784 Graecorum
873 3724 949 3784 de
977 3725 1219 3787 victoria
1246 3725 1629 3787 concedentis
1660 3725 1997 3798 videretur,t
2033 3741 2281 3802 corpora
2309 3739 2571 3796 suorum,
2597 3723 2700 3802 qui

504 3822 613 3877 sub
643 3821 785 3901 ipsis
827 3823 1117 3884 moenibus
1162 3824 1554 3905 oppetierant,
1582 3822 1836 3884 induciis
1873 3819 2186 3902 postulatis
2210 3820 2284 3880 ab
2313 3818 2508 3892 hoste,
2535 3839 2697 3899 repe·

507 3927 651 3988 tere,
685 3935 861 3995 quam
911 3918 1218 3981 inhumata
1263 3909 1558 3983 dimittere
1600 3920 1823 3981 maluit.
1906 3921 2011 3979 21.·
2049 3918 2132 3976 At
2175 3916 2277 3996 qui
2318 3934 2451 3976 cum
2504 3915 2696 3976 Persis

510 4023 699 4084 erant,
756 4012 1057 4091 Ephialtes
1114 4026 1174 4076 et
1225 4018 1628 4100 Thrasybulus
1679 4014 2126 4088 Athenienses,‘
2166 4033 2301 4073 cum
2348 4011 2484 4092 plus
2541 4011 2697 4092 apud

570 4178 592 4203 Θ
628 4168 824 4218 Arrian.
850 4182 888 4219 1.
914 4173 994 4220 22.
1706 4180 1730 4214 s
1767 4167 1925 4220 Diod.
1951 4170 1983 4218 l.
2007 4169 2042 4217 Ι.

570 4244 592 4276 f
616 4245 809 4297 ‹lus-tin.
831 4259 906 4296 vr.
931 4250 978 4295 6.
1003 4245 1090 4296 fin.
