2978 4933
2371 351 2504 418 535

298 531 498 595 gnum
541 510 844 577 dividere
889 505 1199 576 omnibus
1243 528 1545 593 possum.
1635 508 1786 575 Vos
1841 510 2107 586 currite,
2155 517 2225 575 et
2265 511 2499 580 liberis

296 614 560 692 vestris,
610 613 789 697 quod
839 621 1112 698 propter
1160 612 1313 676 illos
1358 612 1708 691 attulisti5‚
1760 611 1957 678 date?
2047 612 2154 677 13.
2197 612 2503 681 Tandem

297 717 382 780 ad
409 716 658 781 flumen
691 716 958 780 Oxumss
1006 716 1158 800 ipse
1202 717 1505 799 pervenit
1547 717 1765 799 prima
1807 717 1950 782 fere
2002 735 2328 799 vespera:
2375 718 2502 783 sed

296 819 636 884 exercitus
683 839 930 903 magna
981 839 1140 903 pars
1191 839 1324 883 non
1370 824 1687 903 potuerat
1738 820 2105 903 consequi:
2153 821 2265 884 ‘in
2313 820 2500 887 edito

295 929 517 987 monte
539 923 727 1006 ignes
750 922 767 948 '
787 923 984 1008 jubet
1016 930 1039 960 ‘
1060 922 1229 1000 fieri,
1261 930 1334 988 ut
1361 923 1433 1000 ii,
1468 925 1587 1009 qui
1611 942 1788 1007 aegre
1816 924 2290 1008 sequebantur,
2317 924 2501 989 haud

294 1027 528 1107 procul
557 1027 793 1090 castris
818 1046 894 1090 se
923 1026 1163 1092 abesse
1196 1032 1689 1109 cognoscerent.
1778 1028 1882 1091 14.
1928 1026 2068 1090 Eos
2099 1031 2345 1103 autem,
2382 1027 2500 1112 qui

293 1128 490 1208 primi
521 1130 807 1210 agminis
837 1135 1043 1205 erant,
1073 1135 1321 1193 mature
1368 1129 1523 1193 cibo
1573 1149 1656 1194 ac
1704 1130 1990 1213 potione
2029 1129 2350 1207 firmatoS,
2377 1130 2501 1193 im-

292 1229 479 1311 plere
535 1231 707 1296 alios
753 1239 956 1304 utres,
1006 1232 1181 1297 alios
1234 1251 1426 1310 vasa,
1473 1233 2011 1316 quibuscumque
2057 1251 2237 1315 aqua
2277 1233 2503 1316 possit

290 1334 586 1415 portari,'
617 1334 846 1418 jussit,
897 1339 1021 1400 ‘ac
1066 1335 1207 1399 suis
1252 1355 1446 1418 opem
1474 1334 1689 1401 ferre.'
1779 1337 1884 1399 15.
1929 1334 2067 1398 Sed
2110 1335 2229 1419 qui
2257 1334 2501 1399 intem-

290 1436 633 1518 perantius
669 1438 1037 1514 hauserant,
1059 1434 1461 1501 interclusoh
1506 1438 1746 1521 spiritu
1766 1438 2050 1502 extincti
2079 1444 2273 1501 sunt:
2321 1436 2497 1499 mul-

290 1544 494 1621 toque
519 1540 735 1624 major
765 1539 999 1604 horum
1028 1560 1342 1614 numerus
1370 1541 1527 1615 fuit,
1569 1561 1769 1624 quam
1810 1541 1951 1605 ullo
1984 1540 2299 1604 amiserat
2324 1556 2501 1623 prae-

265 1640 403 1720 lio.
492 1641 600 1707 16.
642 1641 737 1707 At
776 1642 893 1707 ille
941 1643 1284 1708 thoracem
1329 1644 1553 1709 adhuc
1584 1642 1875 1720 indutuS‚
1905 1663 2031 1708 nec
2064 1650 2181 1706 aut
2209 1643 2366 1706 cibo
2397 1660 2500 1706 re-

287 1742 515 1807 fectus
548 1751 665 1807 aut
693 1751 881 1827 potu,
912 1765 1052 1829 qua
1076 1746 1391 1810 veniebat
1421 1746 1783 1824 exercituS,
1802 1746 2144 1810 constitit:
2188 1764 2316 1808 nec
2342 1750 2498 1808 ante

288 1843 377 1909 ad
430 1846 800 1911 curandum
842 1867 1092 1931 corpus
1134 1849 1436 1926 recessit,
1482 1869 1687 1932 quam
1733 1850 2208 1931 praeterierant,
2236 1846 2351 1932 qui
2382 1865 2503 1928 ag-

285 1966 442 2011 men
468 1950 953 2034 sequebantur:
998 1956 1344 2035 totamque
1368 1972 1522 2017 eam
1541 1957 1803 2017 noctem
1834 1972 1989 2016 cum
2020 1945 2263 2034 magno
2295 1949 2498 2015 animi

871 367 987 413 012.
1034 344 1332 415 exn-‘a
1411 366 1482 414 A.
1533 365 1653 414 cn.
1700 366 1777 415 N.
1821 350 1971 416 329.

1213 2112 1481 2133 “cem“
1486 2114 1573 2135 ,θ’

281 2233 612 2279 vestros—13
648 2230 797 2281 Voss.
812 2235 859 2279 2.
881 2233 943 2281 ad
955 2231 1004 2291 f.
1031 2233 1207 2283 Exum.
1256 2231 1378 2282 Ald.
1403 2233 1569 2283 Colin.
1596 2233 1799 2297 Gryph.
1819 2231 1976 2285 Frob.
1997 2232 2134 2283 Mer.
2158 2232 2271 2281 Col.
2297 2235 2352 2279 et
2377 2230 2497 2282 Bas.

280 2310 380 2344 non
398 2299 585 2358 poterat
604 2295 755 2359 sequi.
824 2297 1053 2347 Florent.
1079 2304 1135 2347 et
1158 2298 1308 2347 Leid.
1339 2304 1391 2347 ιιι
1417 2299 1505 2359 hii,
1528 2300 1640 2361 qui;
1673 2301 1823 2348 Voss.
1847 2302 1893 2347 1.
1917 2303 1966 2347 2.
1993 2299 2161 2360 Bong.
2186 2304 2242 2345 et
2267 2296 2405 2345 Mer.
2441 2301 2499 2346 ut

280 2360 354 2421 hi,
386 2359 481 2423 qui.
553 2361 781 2409 Florent.
818 2369 872 2410 et
896 2362 1045 2412 Voss.
1080 2368 1127 2413 1.
1156 2367 1239 2411 aut
1271 2365 1450 2426 procul.
1520 2364 1754 2415 Florent.
1777 2364 1927 2413 Leid.
1956 2371 2010 2413 et
2032 2362 2187 2411 Voss.
2216 2366 2261 2411 l.
2286 2365 2336 2409 2.
2368 2361 2495 2424 ipsos

278 2425 444 2476 abesse
457 2442 477 2485 ,·
512 2427 652 2476 Dan.
681 2435 735 2475 et
758 2427 872 2476 Pal.
899 2431 944 2478 1.
971 2429 1015 2477 si
1035 2429 1160 2492 ipsos
1180 2428 1375 2487 abesse,·
1409 2427 1529 2479 Ald.
1561 2428 1698 2481 Mer.
1724 2431 1844 2479 Bas·
1869 2437 1924 2479 et
1946 2429 2058 2480 Col.
2079 2428 2124 2478 si
2146 2442 2223 2477 eos
2243 2426 2488 2480 abesse.—

284 2495 350 2540 14
386 2491 551 2542 Codd.
588 2492 925 2555 Bongarsiani
963 2501 1159 2556 praeter
1194 2495 1385 2545 Fauch.
1430 2495 1567 2557 Ipsos
1597 2501 1794 2554 autem5
1832 2495 1980 2545 Voss.
2017 2499 2067 2543 2.
2092 2494 2287 2543 omittit
2309 2498 2492 2542 autem.

281 2557 452 2617 Bong.
476 2557 577 2605 cibo
598 2562 646 2606 et
661 2559 869 2621 potione.
942 2558 1217 2607 Nonnullae
1251 2561 1373 2609 edd.
1408 2560 1678 2622 quibuscum
1699 2576 1834 2624 aqua.
1905 2561 2136 2608 Florent.
2164 2557 2311 2606 Leid.
2335 2559 2489 2606 Voss.

280 2625 336 2671 2.
359 2629 414 2669 et
436 2622 606 2685 Bong.
634 2623 823 2686 portari
853 2624 997 2686 possit
1013 2640 1032 2681 ,-
1067 2625 1214 2672 Voss.
1250 2628 1297 2672 1.
1329 2625 1519 2688 portari
1548 2631 1742 2687 possem
1776 2625 1928 2673 Frob.
1961 2625 2080 2672 Bas.
2104 2623 2219 2672 Col.
2246 2621 2415 2671 Amst.‘
2436 2626 2495 2669 et

281 2685 452 2749 Lugd.
482 2693 636 2749 posset
663 2688 864 2750 portari.
931 2689 1079 2738 Voss.
1119 2693 1164 2737 1.
1199 2688 1396 2738 omittit
1415 2688 1584 2750 jussit.
1650 2690 1779 2739 Mox
1811 2705 1941 2753 opem
1962 2688 2105 2737 delet
2130 2687 2490 2735 Modiam—1⁶

279 2751 435 2817 Voss.
461 2754 509 2799 1.
544 2750 640 2801 Sed
660 2769 705 2816 q.
726 2752 762 2803 i.
782 2758 1020 2802 auser-aut.
1086 2753 1241 2802 Voss.
1264 2758 1314 2803 2.
1335 2754 1535 2804 omittit
1574 2754 1756 2815 horum,
1779 2762 1837 2804 et
1860 2768 1980 2803 mox
2002 2753 2180 2811 habet,
2212 2751 2294 2799 illo
2326 2750 2496 2813 praelio

280 2816 664 2869 amiserat.—16
698 2818 848 2866 Voss.
890 2820 938 2867 2.
975 2824 1031 2867 et
1064 2818 1199 2867 Mer.
1224 2818 1440 2867 consistit
1466 2833 1560 2882 pro
1593 2819 1824 2869 constitit.
1890 2820 2044 2867 Voss.
2067 2822 2116 2866 2.
2136 2816 2499 2880 praeterierunt.

284 2882 433 2930 Leid.
472 2889 528 2933 et
549 2881 706 2942 Voss.
741 2882 824 2946 qui
855 2896 1025 2943 agmen
1058 2882 1289 2934 ducebant
1307 2899 1327 2943 ,·
1360 2884 1600 2936 Floreat.
1618 2885 1774 2934 Voss.
1817 2889 1863 2934 1.
1902 2884 2043 2933 Dan.
2079 2889 2136 2933 et
2171 2882 2341 2945 Bong.
2368 2885 2415 2929 1.
2449 2884 2500 2930 2.

1281 3012 1502 3063 NOTAE

350 3119 375 3154 s
414 3108 597 3173 Oxum]
641 3106 846 3159 Nobilis
871 3109 953 3159 hic
976 3111 1352 3176 multorumque

282 3186 497 3248 scriptis
534 3186 827 3235 celebratus
860 3184 1048 3236 fluvius
1077 3186 1173 3235 sub
1196 3188 1354 3237 Para-

283 3263 486 3326 pamiso
509 3262 617 3311 sive
643 3262 874 3311 Caucaso
907 3270 1079 3312 monte
1100 3263 1265 3312 oritur
1288 3278 1354 3313 ex

281 3342 403 3389 lacu
425 3338 521 3388 sibi
540 3339 863 3402 cognomine,
886 3338 1190 3403 mediusque
1213 3340 1351 3388 inter

281 3416 616 3466 Bactrianam
670 3429 733 3464 ac
771 3414 1086 3479 Sogdianam
1136 3415 1349 3467 labitur.

279 3495 504 3544 Interim
529 3493 707 3543 multis
725 3492 1029 3557 magnisque
1050 3501 1235 3542 auctus
1255 3490 1349 3542 flu·

283 3571 510 3621 minibus
550 3571 601 3619 in
630 3584 773 3618 mare
802 3568 1102 3633 Hyrcanum
1136 3568 1348 3633 rapidus

281 3646 588 3696 effunditur.
656 3646 812 3695 Hunc
835 3643 1014 3694 Graeci
1050 3644 1348 3695 Alexandro

281 3724 600 3790 antiquiores
622 3715 850 3773 Araxem
873 3730 1081 3784 vocant,
1097 3730 1154 3772 ut
1179 3723 1350 3772 Hero·

284 3804 438 3854 dotus
476 3810 529 3851 et
552 3799 900 3860 Aristoteles;
936 3806 994 3848 ut
1029 3807 1250 3863 apparet
1283 3814 1348 3849 ex

282 3879 347 3928 iis
371 3894 488 3943 quae
511 3877 578 3928 de
612 3879 700 3927 illo
732 3873 996 3926 referunt:
1032 3875 1123 3927 sed
1143 3876 1348 3926 aliunde

283 3970 403 4006 cum
450 3968 573 4004 vero
618 3952 790 4002 Araxe
835 3950 1095 4001 Armenias
1133 3949 1350 4000 confun-

282 4033 430 4081 dunt.
495 4031 639 4082 Quos
662 4028 749 4078 alii
770 4043 971 4093 quoque
995 4028 1184 4078 imitati
1207 4037 1346 4086 sunt.

285 4109 590 4174 Dionysius,
612 4107 772 4168 Mela,
804 4109 905 4158 &c.
970 4106 1057 4155 De
1085 4105 1234 4169 hujus
1258 4105 1348 4155 ad-

286 4185 534 4237 mirandis
563 4183 730 4233 videri
766 4188 942 4247 potest
979 4181 1229 4246 Polybius
1259 4182 1349 4233 lib.

289 4278 348 4315 x.
371 4270 428 4315 et
446 4263 589 4315 Mela
610 4261 698 4313 lib.
711 4273 798 4312 ιιι.
814 4275 931 4325 cap.
949 4265 998 4312 5.
1021 4259 1118 4311 sub
1135 4258 1351 4325 Araxis,

1431 3117 1492 3161 ut
1513 3110 1751 3175 dicimus,
1775 3111 2007 3161 nomine:
2042 3118 2152 3160 tum
2168 3124 2285 3175 quae
2304 3107 2500 3157 ibidem

1432 3187 1670 3253 disputat
1694 3189 1921 3239 Vossius,
1960 3187 2287 3238 Hodiernum
2312 3199 2500 3234 nomen

1432 3278 1551 3313 esse
1589 3265 1769 3314 dicunt
1807 3265 1953 3314 Albia
1998 3265 2107 3313 sive
2147 3263 2388 3325 Albiamu,
2428 3260 2501 3311 ad

1433 3339 1585 3402 cnjus
1608 3339 1742 3389 ostia
1764 3339 1887 3388 urbs
1911 3345 1992 3388 est
2019 3337 2232 3402 insignis
2259 3337 2499 3400 Zabaspa,

1434 3413 1719 3465 Aviceunae
1766 3415 2089 3479 Philosophi,
2140 3422 2200 3464 ut
2247 3414 2499 3475 ereditur,

1431 3491 1624 3555 patria.

1494 3565 1520 3601 ¹·
1553 3568 1841 3632 Intercluso]
1889 3569 2059 3618 Tanta
2101 3568 2295 3634 quippe
2333 3567 2496 3617 avidi-

1431 3651 1540 3693 tate
1579 3644 1842 3709 copiosam
1878 3660 2062 3710 aquam
2085 3645 2382 3695 bibentibus
2417 3659 2496 3694 re-

1430 3722 1727 3785 spirationis
1752 3721 1835 3771 via
1864 3723 2036 3772 subito
2063 3722 2424 3786 praecluditur,
2441 3730 2498 3774 et

1431 3799 1680 3849 naturalis
1699 3788 1858 3861 calor,
1876 3801 2020 3849 velut
2035 3799 2167 3863 ignis
2190 3799 2351 3849 nimia
2368 3800 2499 3863 lym·

1430 3876 1534 3939 plia
1562 3874 1746 3938 affusa,
1770 3875 2073 3927 suffocatur.
2137 3876 2258 3925 Alia
2290 3890 2499 3941 quoque

1430 3955 1603 4018 potuit
1639 3970 1755 4005 esse
1788 3970 1945 4005 causa
1970 3955 2124 4019 hujus
2162 3955 2328 4019 exitii,
2360 3955 2501 4021 quod

1429 4032 1666 4081 turbidus
1683 4048 1745 4083 ac
1762 4033 1971 4082 limosus
1991 4048 2107 4082 cum
2125 4048 2333 4097 semper
2352 4032 2500 4090 fluat,

1428 4109 1723 4173 potantium
1750 4109 1949 4160 viscera
1981 4109 2105 4158 limo
2139 4108 2499 4158 distenderen-

1434 4194 1538 4247 tur,
1553 4191 1613 4234 ut
1633 4184 1729 4236 lib.
1744 4199 1821 4236 tv.
1846 4200 1964 4250 cap.
1981 4190 2064 4236 14.
2097 4186 2277 4236 Persis
2293 4184 2494 4249 fugien-

1432 4263 1570 4315 tibus
1593 4263 1877 4330 contigisse
1898 4263 2138 4315 vidimus.
