2978 4933
492 379 624 445 266
952 395 1020 455 Q.
1068 391 1332 442 colvm
1381 374 1565 442 itum
1618 392 1763 440 111ss.
1810 391 1910 440 ιν.
1957 394 2121 444 οΑΡ.
2167 376 2231 442 6.

497 546 797 604 struxere
827 540 1337 604 munimentum:
1385 538 1508 603 sed
1543 558 1627 602 ne
1654 537 1725 602 id
1755 537 2024 622 quidem
2056 542 2275 603 turres·
2319 538 2539 621 aggeri
2569 538 2687 602 im·

497 645 757 726 positas
800 663 1069 726 aequare
1104 649 1408 726 poterat:
1464 643 1696 726 itaque
1724 643 2044 707 interiora
2075 662 2348 726 quoque
2376 642 2564 706 urbis
2592 644 2689 705 ina

494 747 669 812 festa
696 748 853 812 telis
898 752 1131 811 erant!
1214 746 1322 810 23.
1370 745 1632 811 Ultima
1662 748 1875 829 pestis
1925 746 2110 810 urbis
2158 746 2331 810 suite
2378 746 2691 809 cuniculo

498 851 810 914 subrutus
840 869 1108 930 murus3
1154 868 1275 933 per
1317 849 1512 933 cujus
1558 850 1791 913 ruinas
1818 848 2033 913 hostis
2080 849 2371 913 intravit.
2463 849 2693 913 Duce-

498 953 618 1018 bat
650 956 798 1036 ipse
830 975 952 1018 rex
981 953 1460 1036 antesignanos
1482 976 1500 1028 ς
1524 959 1549 986 ⁰
1595 960 1667 1016 et
1694 951 1853 1015 dum
1886 951 2227 1015 incautius
2275 951 2479 1027 subit,
2523 970 2693 1015 saxo

496 1077 651 1120 crus
679 1058 823 1142 ejus
854 1056 1194 1138 affligitur:
1240 1056 1349 1119 24.
1381 1054 1654 1119 innixus
1686 1059 1910 1118 tamen
1933 1054 2096 1131 telo,
2125 1053 2424 1117 nondum
2450 1055 2695 1136 prioris

494 1158 789 1223 vulneris
820 1159 1114 1223 obducta
1132 1158 1470 1234 cicatrice,
1501 1157 1668 1222 inter
1694 1157 2017 1240 primores
2049 1157 2367 1223 dimicat:
2412 1155 2515 1219 ira
2534 1174 2705 1238 quo-

496 1281 628 1345 que
668 1280 1012 1340 accensuS‚
1045 1261 1232 1343 quod
1260 1259 1394 1324 duo
1438 1259 1507 1323 in
1552 1259 1899 1325 obsidione
1947 1261 2131 1325 urbis
2161 1259 2308 1343 ejus
2341 1262 2699 1342 acceperat

495 1365 793 1429 vulnera.
879 1365 990 1429 25.
1038 1366 1289 1442 Betim,
1335 1364 1605 1447 egregia
1631 1364 1815 1430 edita
1861 1374 2107 1448 pugna,
2158 1362 2524 1445 multisque
2556 1361 2709 1426 vul-⁴

493 1471 762 1533 neribus
822 1470 1190 1535 confectum
1252 1469 1683 1536 deseruerant
1735 1471 1878 1535 sui:
1955 1489 2078 1533 nec
2139 1475 2364 1534 tamen
2421 1467 2698 1550 segnius

495 1571 803 1655 praelium
838 1572 1257 1655 capessebat,
1305 1572 1586 1636 lubricis
1632 1572 1834 1637 armis
1867 1593 1992 1637 suo
2025 1571 2276 1655 pariter
2307 1579 2512 1656 atque
2544 1570 2705 1636 hos·

496 1673 661 1737 tium
695 1675 1029 1756 sanguine.
1116 1676 1225 1740 26.
1270 1673 1405 1739 Sed
1436 1683 1635 1739 cum?
1679 1675 1972 1760 undique

589 1791 771 1870 [unus
818 1793 1079 1853 omnium
1130 1795 1261 1854 telis
1305 1804 1622 1874 peteretur,
1671 1792 1749 1854 ad
1792 1803 2173 1874 postremum,
2226 1792 2533 1853 exhaustis
2567 1792 2702 1853 viri-

657 1890 791 1962 buS,
820 1891 989 1968 vivus
1019 1892 1081 1950 in
1110 1901 1465 1970 potestatem
1493 1892 1747 1951 hostium
1775 1892 2078 1975 pervenit:
2122 1911 2242 1971 quo
2270 1891 2347 1950 ad
2375 1892 2607 1970 regem]

501 2000 814 2082 adducto,
840 2005 1156 2072 insolenti
1174 2005 1425 2089 gaudio
1443 2004 1711 2089 juvenis
1743 2006 1963 2072 elatus
1982 2008 2164 2071 'alias
2195 2006 2462 2070 virtutis
2492 2005 2701 2069 etiam

498 2104 566 2167 in
613 2105 803 2172 hoste
852 2110 1143 2189 mirator,
1206 2114 1378 2174 ‘non
1424 2117 1500 2174 ut
1544 2109 1858 2189 voluisti,'
1904 2111 2142 2193 inquit,
2176 2110 2467 2188 ‘orieriS,
2498 2109 2698 2173 Beti:

558 2330 590 2363 P
628 2323 791 2372 Etiam
813 2325 944 2373 urbis
964 2326 1193 2376 interiora
1213 2326 1470 2376 missilibus
1484 2327 1798 2376 Macedonum
1814 2324 2180 2387 infestabantur.

562 2395 587 2427 ⁹
618 2387 851 2438 Extrema
867 2393 1098 2454 pernicies
1121 2391 1269 2441 Gazoe
1278 2391 1401 2453 fuit.

1413 2570 1625 2592 ΝΜ
1629 2565 1778 2591 ”m

501 2688 643 2740 1629.
669 2690 813 2737 1686.
834 2688 1093 2750 fastigium
1127 2705 1378 2741 murorum.
1446 2691 1600 2740 Voss.
1621 2696 1670 2740 2.
1703 2694 1786 2740 sed
1805 2706 1863 2740 ne
1884 2691 2011 2740 idem
2037 2697 2211 2740 turres.
2279 2688 2428 2738 Leid.
2453 2689 2622 2751 Bong.
2648 2694 2703 2737 et

499 2752 650 2813 Voss.
677 2757 721 2801 l.
744 2758 793 2802 2.
824 2761 1010 2817 poterat
1050 2772 1249 2819 aequare.
1315 2758 1530 2806 Theocr.
1567 2757 1797 2817 insesmta
1839 2758 2094 2806 telis—23
2126 2758 2342 2805 Theocr.
2374 2756 2525 2818 pestis
2567 2754 2705 2810 urbi:

498 2817 649 2867 VosS.
672 2823 721 2868 2.
746 2821 945 2869 omittit
964 2821 1111 2870 urbis.
1178 2823 1328 2870 Voss.
1347 2826 1395 2870 2.
1420 2829 1475 2872 et
1501 2822 1618 2871 Ald.
1640 2823 1988 2884 antesignanos
2001 2839 2021 2881 ‚·
2052 2826 2103 2871 et
2122 2824 2233 2870 dnm
2247 2837 2267 2878 ;
2303 2818 2467 2869 Amst.
2489 2819 2704 2880 antesig-

498 2896 679 2940 nanos,·
709 2885 838 2945 dum,
862 2886 1049 2935 omisso
1073 2892 1139 2935 et.
1203 2888 1352 2935 Voss.
1375 2891 1424 2936 2.
1448 2896 1503 2937 et
1527 2887 1671 2936 Pith.
1697 2888 1915 2940 incautus
1937 2887 2213 2937 subin-24
2244 2887 2396 2935 Voss·
2418 2890 2468 2933 2.
2497 2890 2706 2934 annixus

500 2949 538 2994 t.
562 2948 671 2997 telo.
738 2950 963 2998 Florent.
1005 2952 1152 2999 Leid.
1186 2960 1238 2999 et
1265 2953 1416 3001 Voss.
1457 2957 1501 3000 1.
1534 2956 1580 2999 2.
1623 2954 1820 3002 vulnera
1858 2955 2246 3016 acceperam—25
2283 2951 2518 3000 Florent.
2558 2949 2702 2999 Leid.

499 3010 655 3060 Voss·
701 3017 747 3062 1.
785 3018 833 3062 2.
883 3016 1050 3077 Bong.
1091 3016 1228 3065 Dan.
1265 3025 1322 3064 et
1359 3017 1476 3067 Pal.
1511 3017 1779 3065 vulneribus
1819 3032 1860 3065 c.
1895 3020 2350 3066 deseruerunt.—26
2397 3018 2412 3043 ‘
2441 3017 2702 3064 Lacunam

500 3077 706 3139 explevi
747 3093 812 3126 ex
857 3079 1187 3128 Freinshemii
1234 3080 1644 3144 Supplemento.'
1690 3082 1984 3132 Sclimieder.
2067 3082 2288 3131 Theocr.
2328 3079 2574 3130 exhibet:
2611 3079 2706 3128 Sed

499 3142 705 3204 undique
720 3144 829 3191 telis
844 3145 1108 3207 appetitus:
1131 3146 1350 3194 insolenti
1370 3147 1523 3195 elatus
1535 3165 1551 3195 .·
1571 3147 1731 3208 gladio
1749 3150 1912 3197 educto
1929 3148 2048 3197 alias
2068 3146 2263 3197 virtutis
2279 3147 2483 3194 mirator
2495 3147 2703 3195 Alexan-

500 3207 602 3282 der,
637 3223 728 3255 non
759 3214 830 3265 ut,
862 3213 941 3271 ⁸5⁰·
1009 3210 1126 3259 Pal.
1153 3215 1198 3258 l.
1240 3212 1359 3259 Bas.
1394 3218 1449 3260 et
1473 3213 1691 3260 Erasm-
1713 3213 1808 3262 Sed
1842 3227 1948 3261 cum
1980 3215 2095 3262 und.
2133 3214 2214 3261 tel.
2255 3217 2325 3260 est
2361 3212 2705 3260 circumductus

499 3273 721 3323 smolenti
738 3276 915 3336 gaudio
936 3274 1129 3336 juvenis
1149 3277 1301 3327 elatus
1320 3278 1443 3326 alias
1470 3277 1673 3327 virtutes
1693 3279 1841 3328 etiam
1871 3281 1922 3327 in
1944 3278 2074 3328 hoste
2096 3277 2329 3327 imitatus.
2398 3277 2530 3326 Tunc
2550 3274 2706 3339 inquit

1492 3455 1713 3507 NOTAE

565 3621 589 3648 ⁰
619 3614 997 3680 Antesignanos]
1042 3615 1447 3680 ‘Antesiguani,’
1486 3616 1561 3665 in·
1641 3618 1844 3681 undique
1866 3631 1987 3666 unus
2016 3618 2221 3665 omnium
2244 3616 2352 3666 telis
2361 3619 2620 3680 peteretur,
2640 3616 2705 3663 ad

503 3692 614 3756 quit
635 3691 856 3756 Lipsius,
879 3699 892 3721 ‘
916 3694 1082 3757 prima
1102 3694 1261 3758 acies,
1282 3702 1338 3744 et
1358 3695 1446 3759 qui
1471 3708 1562 3758 po·
1638 3699 1929 3756 postremum
1962 3693 2206 3743 exhaustis
2241 3692 2443 3753 viribus,
2476 3692 2613 3741 vivus
2650 3691 2704 3740 in

502 3767 587 3818 siti
616 3777 736 3818 aute
760 3770 924 3833 signa,
946 3771 1105 3835 iisque
1125 3768 1546 3835 propugnandis?
1638 3776 1920 3834 potestatem
1940 3770 2142 3819 hostium
2164 3771 2308 3819 venit.
2379 3770 2482 3825 Quo
2512 3773 2576 3819 ad
2604 3770 2704 3819 Re-

565 3853 591 3886 Ρ
626 3845 723 3895 Sed
739 3846 866 3909 cum]
904 3847 1023 3895 Non
1049 3846 1388 3910 depravatum
1407 3845 1562 3895 modo
1637 3865 1749 3911 gem
1767 3852 1988 3911 adducto,
2006 3852 2090 3913 ⁸5¹0·
2159 3849 2316 3912 Cujus
2340 3862 2438 3911 ego
2462 3848 2701 3897 emenda-⁸

499 3925 634 3972 hune
657 3925 847 3982 locum,
868 3923 956 3972 sed
992 3924 1150 3973 etiam
1171 3924 1411 3973 mutilum
1434 3924 1561 3972 satis
1643 3927 1837 3977 tionem
1861 3942 1922 3975 ac
1946 3926 2381 3989 supplementum,
2404 3932 2590 3973 utnon
2612 3940 2699 3972 au-

501 3999 782 4047 ostendunt
818 4000 1129 4049 criticorum
1164 4001 1433 4064 lectiones,
1458 4015 1561 4049 non
1643 4005 1736 4052 sim
1759 4016 2000 4066 germana
2021 4016 2273 4063 asserere,
2295 4001 2421 4065 (nec
2447 4016 2568 4050 vero
2591 4002 2699 4064 ipse

501 4077 553 4126 iu
580 4076 747 4124 verbis
770 4077 950 4137 solum,
972 4078 1061 4125 sed
1085 4077 1138 4124 in
1160 4091 1313 4126 sensu
1336 4091 1561 4141 quoque,
1644 4078 1908 4141 asserum)
1948 4077 2261 4127 itae-eteris·
2283 4076 2620 4139 praefereuda‚
2645 4085 2701 4127 et

500 4151 637 4200 haud
656 4166 834 4215 parum
852 4152 1222 4215 discrepantes.
1239 4154 1369 4203 Eum
1385 4154 1561 4202 Frein-
1643 4155 1763 4205 dum
1788 4154 1981 4219 aliquid
2005 4154 2189 4205 melius
2206 4161 2458 4210 occurrat,
2480 4155 2699 4218 amplec-

500 4227 722 4277 sbemius
741 4228 814 4276 sic
833 4227 1129 4290 restituens,
1144 4238 1203 4278 ut
1220 4229 1471 4291 dedimus,
1484 4230 1562 4279 ita
1640 4233 1798 4283 tenda
1820 4245 2023 4281 censeo.

502 4309 703 4373 expleri
742 4322 893 4373 posse
931 4309 1168 4361 lacunam
1208 4316 1387 4376 putat:
1438 4312 1560 4361 Cum
