2978 4933
503 392 634 458 470
961 407 1029 467 ρ.
1074 403 1339 455 cum-11
1391 405 1576 456 nuri
1625 405 1773 457 mu.
1822 405 1923 457 vr.
1969 404 2142 462 cni-2.
2181 393 2247 459 8.

493 552 628 618 nisi
684 558 921 617 auctor
981 556 1098 618 aut
1142 551 1504 638 particeps.
1593 549 1817 631 Quem
1871 550 2048 618 enim
2068 549 2095 589 ²³
2142 553 2332 638 pium
2390 557 2463 620 et
2504 553 2703 631 bonae

497 655 758 735 mentis,
799 673 938 720 non
986 654 1278 721 amicum
1331 654 1563 734 modo,
1596 654 1711 720 sed
1765 676 1858 722 ex
1898 655 2141 722 ultima
2183 657 2406 742 plebe,
2444 658 2705 725 auditis

493 779 654 843 quae
686 756 777 823 ad
817 778 970 825 eum
1000 757 1227 825 delata
1269 764 1486 838 erant,
1534 777 1667 823 non
1714 763 2038 844 protenus
2081 757 2169 824 ad
2221 752 2451 844 regem
2482 754 2702 826 fnisse

495 881 844 928 cursurum
867 863 898 927 l
987 864 1093 929 11.
1149 860 1218 929 N
1221 882 1260 928 e
1318 861 1672 935 Oebalia&
1731 862 2000 948 quidem
2050 863 2392 948 exemplo,
2431 865 2557 949 qui
2610 884 2703 930 ex

492 966 698 1032 fratre
736 972 1085 1052 comperta
1108 965 1249 1052 ipsi
1294 966 1700 1045 nuntiasset,
1735 965 2206 1032 Parmenionis
2256 965 2497 1044 filium,
2528 987 2702 1051 prae-

495 1070 753 1136 fectum
810 1070 1176 1155 equitatus,
1233 1068 1537 1137 omnium
1595 1088 1994 1137 arcanorum
2067 1071 2245 1155 regis
2312 1071 2698 1136 arbitrum?

489 1174 853 1241 simulasse
882 1175 1087 1242 etiam
1111 1193 1248 1240 non
1275 1193 1565 1240 vacasse
1591 1174 1881 1240 sermoni
1909 1193 2034 1239 suo
2058 1193 2303 1258 regem,
2333 1194 2419 1241 ne
2448 1171 2704 1251 index*¹

495 1278 701 1344 alium
723 1277 1202 1345 internuntium
1229 1285 1582 1364 quaereret.
1670 1278 1781 1342 12.
1828 1276 2342 1358 Nicomachum,
2371 1279 2694 1363 religione

489 1401 758 1466 quoque
822 1382 1046 1450 Deum
1104 1383 1477 1463 astrictum,
1537 1382 2019 1449 conscientiam
2074 1401 2268 1447 suam
2327 1400 2697 1450 exonerare

488 1504 946 1569 properasse:
1023 1486 1367 1567 Philotan,
1428 1492 1782 1553 consumto
1840 1505 1964 1570 per
2022 1484 2259 1550 ludum
2321 1483 2697 1572 jocumque
2757 1556 2765 1564 .

447 1606 687 1672 .paene
730 1593 871 1654 toto
898 1586 1031 1670 die,
1060 1598 1413 1674 gravatum
1436 1590 1637 1656 esse*l
1663 1609 1890 1675 pauca
1906 1590 2138 1667 verba,
2167 1588 2253 1653 ad
2283 1598 2498 1673 caput
2525 1594 2699 1674 regis

483 1690 906 1775 pertinentia,
950 1697 1086 1758 tam
1110 1692 1310 1777 longo
1340 1698 1406 1758 et
1445 1693 1736 1759 forsitan
1779 1710 2203 1777 supervacuo
2233 1691 2530 1757 inserere
2560 1714 2698 1760 ser·

482 1796 686 1861 moni.
775 1794 880 1862 13.
912 1793 1008 1862 At
1028 1797 1209 1862 'enim
1241 1816 1375 1862 nou
1427 1796 1798 1863 credidisse
1825 1797 1991 1863 talia
2020 1795 2489 1862 deferentibus
2535 1816 2697 1880 pue-

483 1899 576 1962 ris
597 1897 613 1962 !
638 1905 660 1933 ⁶
698 1918 816 1964 cur
838 1899 1041 1982 igitur
1054 1903 1471 1967 extraxisset
1487 1902 1790 1980 biduum,
1814 1908 2128 1985 tanquam
2149 1899 2407 1977 indicio
2423 1900 2697 1966 haberet

481 1999 724 2067 fidem:
780 2001 1252 2069 dimittendum
1294 2004 1510 2071 fuisse
1540 2003 1966 2082 Ceba-linum,
1995 2004 2056 2069 si
2105 2003 2519 2069 delationem
2546 2004 2694 2088 ejus

482 2104 865 2171 damnabat.
953 2105 1062 2179 14.
1107 2105 1191 2172 In
1221 2126 1349 2173 suo
1375 2126 1703 2193 quemque
1730 2107 2029 2191 periculo
2046 2122 2365 2188 magnum
2392 2104 2691 2171 animum

477 2205 759 2273 habere:
817 2227 969 2273 cum
999 2209 1085 2276 de
1126 2209 1346 2275 salute
1396 2210 1573 2293 regis
1626 2210 1996 2285 timeretur,
2030 2207 2343 2272 credulos
2375 2226 2533 2271 esse
2580 2208 2692 2273 de·

477 2308 630 2375 bere
663 2330 683 2391 ;
755 2329 931 2376 vana
995 2331 1267 2397 quoque
1323 2310 1698 2379 deferentes
1771 2310 2166 2378 admittere?
2282 2308 2393 2376 15.
2439 2309 2690 2381 Omnes

541 2495 569 2530 ⁰¹
601 2497 718 2547 Non
738 2512 839 2549 esse
859 2499 1126 2563 dignatum.

1397 2581 1457 2602 00
1462 2579 1755 2602 0000000000

475 2677 610 2729 Dan.
648 2679 869 2730 dubitant
890 2681 1028 2732 Mer.
1095 2679 1226 2733 Mox
1248 2681 1402 2733 Voss.
1425 2685 1477 2733 2.
1519 2686 1600 2732 sed
1633 2683 1820 2743 ultima,
1858 2681 2049 2732 omisso
2083 2683 2293 2730 (κα-11
2332 2678 2485 2728 rdem
2523 2675 2685 2727 codex

479 2745 751 2800 Cebalinus.
816 2746 985 2809 Lnga.
1008 2749 1091 2813 qui
1127 2764 1159 2797 c
1181 2748 1365 2809 fratre.
1428 2749 1578 2799 Voss.
1600 2753 1647 2799 2.
1681 2748 1879 2800 omittit
1901 2747 2123 2797 omnium.
2189 2747 2338 2795 Voca-
2366 2750 2412 2794 1.
2434 2743 2689 2793 zur-elua-

472 2824 657 2859 norum.
726 2810 872 2862 Voss.
911 2817 957 2861 1.
992 2819 1048 2863 ut
1090 2814 1387 2864 ividem—12
1422 2813 1562 2863 Pitli.
1596 2820 1943 2878 properassent.
2012 2813 2167 2861 Voss.
2191 2815 2239 2861 2.
2279 2811 2515 2868 Filotan5
2571 2808 2686 2857 edd.

472 2883 604 2925 vett.
626 2876 905 2935 Philotam
954 2878 1093 2929 Pan.
1117 2883 1164 2929 1.
1187 2883 1237 2929 2.
1260 2883 1309 2929 8.
1356 2880 1497 2930 Dan.
1535 2878 1676 2929 Pith.
1716 2880 1840 2929 Put.
1866 2878 2060 2928 Fauch.
2097 2877 2269 2941 Bong.
2296 2880 2338 2926 1.
2360 2879 2412 2927 2.
2450 2876 2685 2925 Florent.

471 2939 621 2990 Leid.
656 2948 711 2991 et
748 2942 899 2991 Voss·
922 2945 970 2994 1.
1007 2944 1256 2995 Philotan.
1321 2945 1471 2993 Voss.
1496 2948 1545 2993 2.
1578 2944 1788 2994 obeundo
1823 2959 1919 3008 pro
1941 2949 2199 2993 consumto.
2267 2942 2508 2990 Floreat.
2532 2940 2683 2989 Leid.

471 3004 624 3055 Voss.
650 3010 697 3054 1.
719 3007 861 3056 Dan.
886 3008 1052 3072 Bong.
1078 3017 1135 3059 et
1156 3010 1271 3059 Pal.
1297 3013 1346 3058 1.
1385 3009 1681 3073 pertinentia
1701 3012 1765 3059 ad
1787 3016 1929 3074 eaput
1950 3009 2235 3071 regia-13
2273 3007 2511 3056 Floreat.
2535 3004 2682 3054 Leid.

469 3068 619 3118 Voss.
643 3075 693 3120 2.
732 3085 910 3120 omnes
950 3073 1184 3139 Gruter-i,
1207 3076 1399 3126 Venet.
1433 3076 1629 3124 Veron.
1670 3074 1888 3124 Mediol-
1931 3074 2057 3123 Ald.
2098 3073 2264 3123 Colin.
2304 3071 2513 3135 Gryph-
2548 3070 2683 3119 Mer·

421 3181 436 3188 ,
468 3134 593 3183 Bas.
619 3133 732 3185 Coi.
758 3142 812 3185 et
834 3136 990 3188 Frob.
1011 3138 1056 3187 ei
1077 3154 1171 3188 non
1190 3140 1468 3191 credidisset
1483 3157 1505 3199 ,·
1549 3140 1701 3189 Voss.
1722 3144 1768 3190 1.
1785 3155 1878 3189 non
1899 3139 2196 3189 credidisset.
2265 3138 2404 3186 Mer.
2422 3135 2682 3196 deseremi-

466 3199 555 3248 hue
566 3215 656 3265 pro
676 3200 821 3263 veris,
843 3217 947 3264 cur,
969 3205 1052 3266 85⁶.
1119 3204 1317 3255 Eadem
1338 3222 1352 3254 :
1384 3207 1429 3255 si
1451 3206 1872 3256 dilationem—14
1907 3205 2099 3255 Fauch.
2121 3211 2173 3253 et
2202 3204 2343 3253 Dan.
2366 3217 2463 3251 una
2486 3215 2679 3265 quoque·

470 3265 628 3316 Frob.
649 3274 706 3316 et
728 3267 851 3317 Bas.
874 3267 1191 3328 deferenteis3
1246 3271 1478 3320 Florem.
1513 3270 1663 3321 Leid.
1689 3285 1865 3320 omnes
1886 3269 2132 3323 Gruter-i.
2163 3268 2286 3317 Aid-
2307 3276 2363 3317 et
2397 3268 2538 3316 Mer.
2559 3265 2681 3326 dese-

466 3331 654 3391 remim
711 3333 883 3398 Bong.
911 3339 957 3384 1.
981 3339 1031 3385 2.
1067 3334 1344 3402 deserentis,
1378 3337 1470 3387 sed
1494 3337 1849 3401 superscripto
1872 3340 2046 3386 e.—-15
2081 3335 2234 3385 Voss.
2260 3339 2308 3383 1.
2342 3337 2400 3382 ut
2431 3330 2677 3396 particeps.

1457 3469 1676 3521 NOTAE

529 3565 552 3598 ὓ
588 3565 740 3621 Quem
774 3566 922 3631 enim]
958 3567 1023 3617 ld
1061 3573 1172 3619 este
1217 3567 1349 3621 Quis
1388 3569 1526 3618 enim

464 3642 600 3707 pius,
644 3646 743 3693 διο.
798 3658 901 3693 non
940 3645 1117 3695 statim
1168 3644 1526 3695 cucurrisset?

462 3719 597 3769 Vide
621 3721 712 3771 lib.
737 3736 815 3772 ιν.
838 3737 957 3785 cap.
980 3727 1029 3773 2.

523 3804 548 3830 ⁰
584 3799 825 3862 Cebalini]
878 3798 1030 3850 Anne
1054 3799 1290 3850 Cebalini
1314 3798 1525 3864 quidem

461 3878 702 3940 exemplo
713 3879 915 3929 statim‘
928 3877 1088 3929 fuisse
1100 3877 1384 3929 cursurum’
1396 3868 1523 3927 Phi·

463 3949 641 4008 lotam.
667 3953 708 3999 si
723 3954 738 3979 ⁸
757 3954 869 4015 pins
886 3962 941 4005 et
964 3954 1114 4005 bonae
1133 3953 1335 4005 mentis'
1354 3954 1523 4004 esset?

526 4024 550 4059 ‘¹
585 4027 761 4092 Index]
820 4031 1097 4082 Cebalinus
1146 4031 1521 4097 conjurationis

460 4102 684 4154 delator.
747 4105 1020 4171 Religione]
1053 4107 1405 4173 Jurejurando
1424 4122 1522 4175 per

459 4181 604 4231 Deos
622 4191 903 4245 praesentes
926 4184 1082 4249 dato;
1114 4201 1233 4251 cap.
1256 4191 1308 4239 ⁷.

523 4265 547 4291 e
578 4259 775 4322 Pueris]
810 4259 952 4309 Puer
975 4255 1111 4311 alias
1131 4278 1317 4314 nomen
1344 4264 1518 4314 aetatis

462 4343 559 4393 est,
582 4352 698 4400 quae
739 4340 949 4403 proprie
983 4341 1119 4390 iuter
1157 4340 1425 4393 infantiam
1460 4350 1519 4392 et

1608 3567 2008 3619 adolescentiam
2023 3562 2322 3615 decurritur
2338 3577 2353 3611 ε
2377 3561 2674 3626 factumque

1607 3654 1691 3704 est
1732 3660 1797 3693 ex
1843 3650 2071 3705 vetusto,
2108 3643 2123 3670 ‘
2148 3638 2379 3705 puer-us?
2422 3642 2438 3666 ‘
2461 3653 2628 3702 puer-a
2644 3636 2675 3699 ς’

1606 3721 1762 3783 unde,
1815 3721 1831 3749 ⁴
1850 3716 2089 3784 puellus,’
2136 3718 2154 3745 ‘
2173 3716 2350 3780 puella
2367 3714 2402 3765 ι’
2464 3725 2521 3765 et
2564 3721 2674 3764 erat

1606 3799 1764 3848 etiam
1786 3795 2146 3861 apudrpriscos
2169 3792 2472 3843 Latinitatis
2499 3799 2672 3842 aucto-

1605 3875 1756 3926 resin
1779 3873 2044 3924 foemininc
2062 3885 2273 3937 genere,
2289 3875 2352 3920 ut
2372 3870 2518 3934 apud
2538 3870 2672 3920 Pris-

1604 3954 1808 4003 cianum
1828 3951 2049 4014 legimus
2074 3964 2140 3999 ex
2163 3948 2313 3999 Livio
2338 3947 2672 4008 Andronico;

1604 4031 1819 4080 ‘sancta
1842 4042 1989 4092 puer,
2024 4025 2237 4076 Saturni
2267 4024 2417 4075 filia:
2481 4025 2667 4077 Condi-

1601 4109 1792 4158 tionem
1812 4107 1937 4156 alias
1950 4102 2211 4169 significat
2225 4101 2474 4152 serviant
2492 4101 2665 4152 famuli

1601 4185 1989 4250 cnjuscumqne.
2028 4180 2146 4230 Hoc
2169 4179 2285 4228 loco
2305 4178 2374 4229 de
2394 4188 2559 4229 aetate
2582 4194 2663 4229 ac-

1599 4263 1704 4327 cipi
1726 4261 1914 4311 debet:
1952 4273 2126 4308 verum
2150 4256 2324 4319 latius,
2344 4262 2403 4305 ut
2427 4255 2496 4308 de
2516 4260 2533 4286 ‘
2550 4256 2661 4306 ado-

1598 4338 1912 4391 lescentibus
1928 4334 1943 4359 '
1967 4348 2174 4401 quoque
2197 4333 2427 4400 intelligi
2452 4333 2628 4399 possit.
