2978 4933
475 341 564 408 70
1026 374 1031 379 -
1272 355 1331 404 s.
1378 353 1884 405 ranmsnnmr

476 505 535 565 vi
580 514 802 578 tamen,
846 520 1026 583 quam
1078 499 1277 583 specie
1326 499 1621 569 validiorz
1673 501 1891 581 quippe
1946 501 2210 584 corporis
2266 501 2393 582 ejus
2444 500 2684 564 habitus

475 603 633 663 intra
659 602 1069 682 proceritatem
1097 599 1314 662 stetit.⁸
1402 603 1497 662 10.
1541 599 1755 662 Cutem
1777 600 1982 662 habuit
2005 599 2346 673 candidam,
2374 599 2497 660 nisi
2525 598 2684 680 quod

480 701 539 759 in
568 700 763 772 malis,
789 700 1048 780 itemque
1081 707 1345 779 pectore,
1393 706 1565 778 grato
1609 698 1818 757 rubore
1864 696 2355 758 suffundebatur:
2397 695 2685 776 capillum

480 798 720 869 flavum,
749 796 961 857 leniter
1000 795 1317 856 intortum:
1361 813 1577 854 nasum
1621 794 1985 875 aquilinum:
2028 795 2237 855 oculos
2286 793 2507 868 varios,
2550 811 2687 852 nam

482 895 668 955 laevus
709 895 958 974 glaucus
1004 893 1191 954 fuisse
1239 892 1511 965 traditur,
1566 892 1755 954 altero
1792 887 2161 973 nigerrimo·¹²
2240 893 2440 952 Inerat
2490 898 2687 950 autem

479 992 626 1073 ipsis
670 992 911 1052 occulta
960 988 1237 1072 quaedam
1293 991 1405 1063 vis,
1464 1000 1535 1050 ut
1588 991 1716 1053 sine
1769 992 2149 1053 veneratione
2207 1000 2386 1070 atque
2441 988 2687 1048 horrore

479 1090 738 1168 quodam
797 1088 1152 1150 intuentium
1208 1109 1327 1150 non
1383 1089 1765 1170 aspiceretur.
1881 1092 1975 1152 11.
2047 1088 2408 1149 Pernicitate
2463 1086 2686 1167 pedum

481 1186 812 1246 admirabili
838 1186 986 1255 fuit;
1018 1206 1196 1266 quam
1227 1196 1291 1246 ut
1318 1206 1555 1266 magnae
1585 1187 1643 1246 in
1673 1186 2144 1269 expeditionibus
2173 1185 2470 1258 utilitatis,
2510 1184 2686 1244 etiam

481 1304 584 1345 rex
624 1304 744 1344 non
784 1283 985 1344 omisit
1010 1303 1303 1357 exercere,
1334 1303 1615 1364 saepeque
1641 1304 1778 1344 cum
1807 1283 2198 1346 velocissimis
2229 1290 2471 1344 suorum
2510 1300 2688 1342 cursu

483 1390 709 1443 certare
737 1381 897 1441 visus
927 1389 1058 1442 est:
1101 1381 1386 1462 patientia
1413 1381 1631 1441 laboris
1664 1400 1842 1462 supra
1872 1380 2048 1443 fidem
2077 1380 2329 1449 eximia;
2372 1399 2498 1460 qua
2528 1397 2688 1458 saepe

482 1498 623 1551 una,
678 1478 1037 1539 difficillimis
1090 1480 1470 1560 temporibus,
1533 1478 1641 1539 sibi
1698 1478 2170 1560 exercitibusque
2238 1478 2361 1538 suis
2432 1476 2689 1537 salutem

481 1576 741 1657 peperit.¹
847 1579 940 1638 12.
1005 1576 1540 1638 Exercitationibus
1596 1577 1837 1649 crebris,
1889 1588 1951 1637 et
1997 1575 2363 1637 calidissima
2422 1572 2688 1654 corporis

483 1674 785 1752 temperie,
814 1672 966 1733 adeo
992 1673 1276 1754 quicquid
1304 1673 1500 1734 vitiosi
1531 1673 1794 1734 humoris
1825 1675 1935 1734 sub
1965 1684 2100 1735 cute
2128 1673 2331 1754 colligi
2359 1672 2540 1746 solet,
2586 1690 2686 1731 ex-

483 1771 811 1850 pugnavit;
851 1782 918 1832 ut
947 1791 1188 1832 suavem
1218 1792 1291 1831 ex
1320 1792 1421 1833 ore
1450 1772 1845 1853 membrisque
1875 1772 2181 1832 exhalaret
2206 1771 2469 1843 odorem,
2497 1787 2687 1848 eoque

485 1867 665 1927 etiam
692 1868 948 1942 tunicas,
987 1869 1204 1948 quibus
1234 1879 1516 1944 uteretur,
1569 1869 1875 1950 impleret:
1918 1870 1995 1929 ob
2043 1868 2286 1928 easdem
2333 1885 2578 1940 causas,
2623 1872 2687 1925 ut

486 1963 725 2042 quidam
769 1976 1005 2047 putant,
1048 1967 1125 2027 ad
1154 1969 1349 2027 vinum
1380 1969 1642 2046 iramque
1671 1962 2034 2046 proclivium*
2122 1968 2217 2027 13.
2266 1964 2556 2025 Visuntur
2583 1963 2687 2025 ad-

485 2061 603 2122 huc
630 2063 916 2143 imagines
946 2066 1074 2145 ejus
1105 2078 1458 2145 statuaeque,
1487 2084 1849 2126 summorum
1879 2065 2165 2125 artificum
2189 2081 2402 2143 opera:
2437 2082 2515 2122 ne
2531 2061 2686 2128 enim

483 2160 812 2241 vulgarium
842 2164 1208 2244 sculptorum
1238 2165 1603 2244 pictorumve
1635 2164 1961 2223 temeritate
1990 2162 2106 2223 oris
2139 2162 2231 2222 sui
2270 2160 2465 2221 honor
2512 2163 2688 2222 obso-

482 2258 755 2331 lesceret,
786 2260 1052 2321 studiose
1089 2258 1301 2327 cavitz'
1330 2269 1346 2296 ‘
1370 2260 1637 2341 poenam'
1678 2260 2095 2335 comminatus,
2140 2267 2159 2295 ⁸
2182 2260 2231 2319 si
2274 2259 2418 2339 quis'
2455 2259 2688 2338 injussu

487 2373 596 2413 suo
623 2356 973 2415 conaretur!
1054 2358 1214 2436 Ergo
1261 2355 1605 2417 abundante
1651 2364 1775 2416 tum
1824 2356 2111 2418 artificum
2156 2357 2347 2437 copia,
2389 2355 2688 2416 volentem

485 2471 642 2511 unus
672 2452 910 2533 Apelles
940 2454 1147 2534 pinxit,
1196 2455 1448 2536 sculpsit
1485 2455 1857 2537 Pyrgoteles,
1901 2454 2193 2537 Lysippus
2244 2463 2307 2515 et
2342 2452 2687 2535 Polycletus

488 2571 605 2611 aere
634 2551 964 2613 duxerunt.¹
1052 2557 1146 2616 14.
1191 2561 1208 2589 ‘
1234 2554 1579 2616 Citatiorem
1608 2574 1879 2636 gressum
1910 2553 2190 2616 Leonidae
2228 2553 2434 2615 vitium
2462 2549 2689 2624 suisse‚’

487 2650 716 2717 ferunt:
780 2656 891 2711 ‘ex
945 2653 1131 2734 ipsius
1185 2652 1621 2714 consuetudine
1676 2652 1739 2712 id
1795 2652 2043 2714 haesisse
2097 2650 2471 2712 Alexandro:
2525 2646 2689 2730 quod
2776 2656 2786 2665 ⁴

486 2757 715 2825 postea,
743 2767 878 2809 cum
908 2750 1077 2812 enixe
1103 2751 1302 2824 vellet,
1344 2752 1639 2832 corrigere
1680 2772 1800 2812 non
1828 2750 2126 2832 potuerit?
2210 2748 2507 2829 Equidem
2539 2747 2686 2808 edu-

489 2844 708 2904 cationi
738 2844 1048 2924 plurimum
1072 2849 1245 2908 tribui
1278 2848 1495 2908 debere
1526 2868 1645 2908 non
1688 2849 1917 2909 infiteor
1945 2868 1962 2917 ς
2005 2859 2267 2908 ceterum
2303 2846 2415 2906 hoc
2445 2845 2687 2925 quidem

489 2951 717 3001 naturae
766 2943 964 3022 potius
1009 2945 1431 3019 adolescentis,
1461 2967 1640 3025 quam
1671 2945 2038 3021 assuetudini
2063 2946 2322 3025 deputo:
2368 2929 2588 3003 etenim
2629 2942 2688 3000 in

486 3037 750 3106 homine,
772 3039 1161 3102 velocissimae
1212 3044 1450 3116 mentis,
1500 3064 1812 3106 necessum
1858 3053 2006 3118 erat,
2058 3052 2127 3103 ut
2177 3041 2445 3102 ardorem
2488 3037 2686 3111 animi,

487 3135 747 3214 corporis
777 3136 954 3197 etiam
994 3148 1187 3200 motus
1233 3149 1598 3220 sequeretur.
1691 3143 1783 3201 15.
1828 3140 2019 3209 Quem
2069 3140 2221 3201 adeo
2270 3159 2389 3200 non
2438 3140 2501 3198 in
2547 3136 2688 3197 vitio

484 3251 734 3310 posuere
765 3254 1141 3298 successores
1170 3238 1378 3319 ipsius,
1409 3251 1474 3299 ut
1502 3239 1679 3301 etiam
1710 3238 1978 3300 studiose
2020 3237 2470 3305 aemularentur:
2516 3233 2688 3297 simul

487 3328 854 3408 depressiore
882 3333 941 3392 in
971 3333 1186 3396 laevum
1217 3337 1434 3410 collo,¹¹¹
1461 3339 1732 3399 obtutum
1763 3336 1891 3418 ejus
1920 3337 2272 3407 vibrantem,
2302 3347 2361 3395 et
2389 3331 2687 3394 elatiorem

484 3445 689 3487 vocem
719 3429 968 3500 imitati;
1000 3453 1135 3493 cum
1163 3435 1420 3501 animum
1451 3457 1571 3497 non
1600 3437 1988 3517 exprimerent
2017 3454 2035 3495 t
2064 3433 2282 3514 quippe
2305 3431 2684 3513 plurimorum

486 3543 560 3583 ex
587 3524 700 3585 illis
726 3525 907 3607 longa
935 3530 1056 3590 vita
1086 3531 1188 3592 vix
1217 3518 1532 3615 quicquam
1562 3534 1772 3595 habuit
1800 3534 2069 3614 dignum,
2111 3529 2274 3610 quod
2319 3550 2453 3589 cum
2509 3529 2682 3609 hujus

485 3623 735 3701 pueritia
756 3639 1210 3705 compararetur.
1302 3633 1396 3695 16.
1440 3632 1651 3711 Neque
1679 3632 1835 3692 enim
1857 3631 2175 3711 quicquam
2195 3638 2296 3688 aut
2315 3626 2682 3707 loquebatur,

486 3729 589 3778 aut
617 3723 831 3801 agebat
859 3723 1081 3787 humile
1104 3746 1120 3796 ς
1151 3726 1258 3788 sed
1281 3727 1454 3789 dictis
1486 3729 1781 3809 factisque
1803 3747 1910 3808 par
1938 3727 2192 3788 fortunae
2225 3745 2371 3798 suae,
2399 3724 2495 3785 vel
2512 3724 2683 3785 etiam

1015 3843 1042 3870 ο
2655 3843 2658 3846 .

551 3900 577 3935 ⁸
608 3893 752 3945 Curt.
780 3912 864 3947 ur.
885 3904 963 3951 12.
987 3905 1070 3951 16.
1104 3917 1155 3953 v.
1190 3908 1240 3955 2.
1267 3909 1348 3955 13.
1385 3918 1463 3955 v1.
1498 3909 1547 3955 5.
1690 3901 1714 3935 ¹¹
1739 3902 1881 3953 Plut.
1906 3903 1939 3952 l.
1960 3904 1995 3956 l.

485 3972 566 4019 2⁹·
632 3992 640 3997 ·
1699 3979 1712 4013 ¹
1753 3980 1866 4030 cic.
1910 3980 2011 4044 Ep.
2055 3978 2121 4028 ad
2155 3978 2296 4027 ram.
2323 3990 2376 4026 v.
2423 3979 2502 4025 12.
2547 3970 2681 4024 Ριῑιι.

549 4045 573 4078 ¹¹
597 4047 642 4096 P
647 4049 739 4098 ¹¹¹1·
764 4050 845 4099 Μ·
1630 4058 1770 4109 Hist.
1791 4058 2031 4109 Naum.
2055 4062 2138 4107 37.
2162 4068 2340 4106 xxxv.
2365 4059 2443 4105 10.
2468 4061 2681 4103 xxxvu.

549 4123 561 4155 ¹
597 4126 824 4178 Curt.'v.
846 4134 892 4178 6.
917 4134 995 4181 14.
1031 4146 1106 4182 vl.
1128 4137 1176 4182 6.
1202 4137 1285 4182 27.
1320 4133 1459 4186 Plnt.
1480 4139 1546 4188 de
1630 4139 1678 4183 l.
2063 4131 2068 4138 ”

485 4199 642 4327 gdnl.
665 4210 720 4252 et
746 4203 913 4256 Amic.
952 4210 1122 4262 Discr.
1145 4215 1226 4261 29.
1261 4212 1327 4261 de
1349 4213 1544 4281 Tranq.
1691 4219 1725 4245 ¹¹²
1743 4211 1891 4274 fluit.
1921 4210 1956 4259 l.
1980 4209 2015 4260 Ι.
2047 4206 2127 4258 Id.
2150 4207 2216 4256 d'e
2235 4208 2375 4256 Fort.
2400 4204 2482 4255 Al.
2500 4218 2560 4256 ιι.
2579 4207 2627 4253 5.

539 4285 754 4331 n1n1.20.
1264 4289 1267 4292 ’
1358 4327 1365 4333 .
