<?xml version="1.0" encoding="UTF-8"?>
<!DOCTYPE html PUBLIC "-//W3C//DTD XHTML 1.0 Transitional//EN"
    "http://www.w3.org/TR/xhtml1/DTD/xhtml1-transitional.dtd">
<html xmlns="http://www.w3.org/1999/xhtml" xml:lang="en" lang="en">
 <head>
  <title>
</title>
<meta http-equiv="Content-Type" content="text/html;charset=utf-8" />
  <meta name='ocr-system' content='tesseract 3.04.00' />
  <meta name='ocr-capabilities' content='ocr_page ocr_carea ocr_par ocr_line ocrx_word'/>
</head>
<body>
  <div class='ocr_page' id='page_1' title='image "./quinticurtiiruf03rufugoog_0180.png"; bbox 0 0 2978 4933; ppageno 0'>
   <div class='ocr_carea' id='block_1_1' title="bbox 942 947 2321 1289">
    <p class='ocr_par' dir='ltr' id='par_1_1' title="bbox 942 947 2321 1289">
     <span class='ocr_line' id='line_1_1' title="bbox 942 947 2321 1064; baseline -0.004 -21"><span class='ocrx_word' id='word_1_1' title='bbox 942 948 1071 1043; x_wconf 81' lang='lat' dir='ltr'>Q.</span> <span class='ocrx_word' id='word_1_2' title='bbox 1179 947 1776 1041; x_wconf 86' lang='lat' dir='ltr'>CURTII</span> <span class='ocrx_word' id='word_1_3' title='bbox 1887 948 2321 1064; x_wconf 78' lang='lat' dir='ltr'>RUFI,</span> 
     </span>
     <span class='ocr_line' id='line_1_2' title="bbox 1129 1209 2154 1289; baseline 0.002 -4"><span class='ocrx_word' id='word_1_4' title='bbox 1129 1210 1290 1287; x_wconf 91' lang='lat' dir='ltr'>DE</span> <span class='ocrx_word' id='word_1_5' title='bbox 1360 1209 1717 1289; x_wconf 88' lang='lat' dir='ltr'><strong>REBUS</strong></span> <span class='ocrx_word' id='word_1_6' title='bbox 1786 1209 2154 1287; x_wconf 87' lang='lat' dir='ltr'><strong>GESTIS</strong></span> 
     </span>
    </p>
   </div>
   <div class='ocr_carea' id='block_1_2' title="bbox 678 1456 2615 1573">
    <p class='ocr_par' dir='ltr' id='par_1_2' title="bbox 678 1456 2615 1573">
     <span class='ocr_line' id='line_1_3' title="bbox 678 1456 2615 1573; baseline 0.007 -41"><span class='ocrx_word' id='word_1_7' title='bbox 678 1456 1351 1573; x_wconf 83' lang='lat' dir='ltr'>ALEXANDRI</span> <span class='ocrx_word' id='word_1_8' title='bbox 1438 1459 1769 1539; x_wconf 89' lang='lat' dir='ltr'><strong>REGIS</strong></span> <span class='ocrx_word' id='word_1_9' title='bbox 1852 1458 2615 1547; x_wconf 87' lang='lat' dir='ltr'><strong>MACEDONUM‚</strong></span> 
     </span>
    </p>
   </div>
   <div class='ocr_carea' id='block_1_3' title="bbox 1366 1724 1937 1802">
    <p class='ocr_par' dir='ltr' id='par_1_3' title="bbox 1366 1724 1937 1802">
     <span class='ocr_line' id='line_1_4' title="bbox 1366 1724 1937 1802; baseline -0.002 -2"><span class='ocrx_word' id='word_1_10' title='bbox 1366 1724 1702 1802; x_wconf 87' lang='lat' dir='ltr'><strong>LIBER</strong></span> <span class='ocrx_word' id='word_1_11' title='bbox 1784 1724 1937 1801; x_wconf 88' lang='lat'>111.</span> 
     </span>
    </p>
   </div>
   <div class='ocr_carea' id='block_1_4' title="bbox 1382 2294 1955 2345">
    <p class='ocr_par' dir='ltr' id='par_1_4' title="bbox 1382 2294 1955 2345">
     <span class='ocr_line' id='line_1_5' title="bbox 1382 2294 1955 2345; baseline 0.002 -1"><span class='ocrx_word' id='word_1_12' title='bbox 1382 2294 1955 2345; x_wconf 73' lang='lat' dir='ltr'>ARGUMENTUM.</span> 
     </span>
    </p>
   </div>
   <div class='ocr_carea' id='block_1_5' title="bbox 563 2455 2840 4154">
    <p class='ocr_par' dir='ltr' id='par_1_5' title="bbox 563 2455 2840 4154">
     <span class='ocr_line' id='line_1_6' title="bbox 563 2455 2749 2530; baseline 0 -20"><span class='ocrx_word' id='word_1_13' title='bbox 563 2455 702 2512; x_wconf 66' lang='lat' dir='ltr'>Car.</span> <span class='ocrx_word' id='word_1_14' title='bbox 725 2476 764 2512; x_wconf 85' lang='lat'>1.</span> <span class='ocrx_word' id='word_1_15' title='bbox 832 2462 1152 2514; x_wconf 84' lang='lat' dir='ltr'>Celaenarum</span> <span class='ocrx_word' id='word_1_16' title='bbox 1175 2461 1302 2517; x_wconf 88' lang='lat' dir='ltr'>urbe</span> <span class='ocrx_word' id='word_1_17' title='bbox 1325 2470 1382 2514; x_wconf 91' lang='lat' dir='ltr'>et</span> <span class='ocrx_word' id='word_1_18' title='bbox 1403 2478 1526 2514; x_wconf 91' lang='lat' dir='ltr'>arce</span> <span class='ocrx_word' id='word_1_19' title='bbox 1550 2470 1785 2527; x_wconf 87' lang='lat' dir='ltr'>recepta,</span> <span class='ocrx_word' id='word_1_20' title='bbox 1821 2460 2074 2514; x_wconf 84' lang='lat' dir='ltr'><strong>Gordium</strong></span> <span class='ocrx_word' id='word_1_21' title='bbox 2096 2462 2390 2529; x_wconf 85' lang='lat' dir='ltr'>primariam</span> <span class='ocrx_word' id='word_1_22' title='bbox 2413 2462 2654 2530; x_wconf 83' lang='lat' dir='ltr'>Phrygiae</span> <span class='ocrx_word' id='word_1_23' title='bbox 2676 2472 2749 2510; x_wconf 85' lang='lat' dir='ltr'>ur·</span> 
     </span>
     <span class='ocr_line' id='line_1_7' title="bbox 630 2541 2750 2610; baseline -0.001 -18"><span class='ocrx_word' id='word_1_24' title='bbox 630 2542 749 2592; x_wconf 91' lang='lat' dir='ltr'>bem</span> <span class='ocrx_word' id='word_1_25' title='bbox 774 2542 1070 2596; x_wconf 81' lang='lat' dir='ltr'>Alexander</span> <span class='ocrx_word' id='word_1_26' title='bbox 1090 2544 1400 2610; x_wconf 75' lang='lat' dir='ltr'>ingreditur,</span> <span class='ocrx_word' id='word_1_27' title='bbox 1434 2543 1684 2609; x_wconf 80' lang='lat' dir='ltr'>fatalique</span> <span class='ocrx_word' id='word_1_28' title='bbox 1709 2543 1842 2594; x_wconf 89' lang='lat' dir='ltr'>nodo</span> <span class='ocrx_word' id='word_1_29' title='bbox 1866 2544 2048 2594; x_wconf 87' lang='lat' dir='ltr'>Gordii</span> <span class='ocrx_word' id='word_1_30' title='bbox 2081 2545 2250 2596; x_wconf 91' lang='lat' dir='ltr'>soluto</span> <span class='ocrx_word' id='word_1_31' title='bbox 2276 2546 2480 2596; x_wconf 86' lang='lat' dir='ltr'>obviam</span> <span class='ocrx_word' id='word_1_32' title='bbox 2506 2545 2665 2596; x_wconf 91' lang='lat' dir='ltr'>Dario</span> <span class='ocrx_word' id='word_1_33' title='bbox 2684 2541 2750 2589; x_wconf 84' lang='lat' dir='ltr'>ire</span> 
     </span>
     <span class='ocr_line' id='line_1_8' title="bbox 575 2620 2752 2691; baseline -0.002 -18"><span class='ocrx_word' id='word_1_34' title='bbox 575 2639 578 2642; x_wconf 92' lang='lat'>·</span> <span class='ocrx_word' id='word_1_35' title='bbox 630 2626 836 2676; x_wconf 75' lang='lat' dir='ltr'><strong>statuit.</strong></span> <span class='ocrx_word' id='word_1_36' title='bbox 903 2639 968 2676; x_wconf 85' lang='lat' dir='ltr'>n.</span> <span class='ocrx_word' id='word_1_37' title='bbox 1002 2626 1280 2677; x_wconf 74' lang='lat' dir='ltr'>Exercitus</span> <span class='ocrx_word' id='word_1_38' title='bbox 1300 2626 1506 2677; x_wconf 75' lang='lat' dir='ltr'>Persici</span> <span class='ocrx_word' id='word_1_39' title='bbox 1523 2625 1794 2687; x_wconf 79' lang='lat' dir='ltr'>lustrati03</span> <span class='ocrx_word' id='word_1_40' title='bbox 1829 2624 1895 2675; x_wconf 89' lang='lat' dir='ltr'>de</span> <span class='ocrx_word' id='word_1_41' title='bbox 1919 2641 2020 2690; x_wconf 92' lang='lat' dir='ltr'>quo</span> <span class='ocrx_word' id='word_1_42' title='bbox 2045 2640 2160 2676; x_wconf 90' lang='lat' dir='ltr'>cum</span> <span class='ocrx_word' id='word_1_43' title='bbox 2184 2627 2336 2676; x_wconf 90' lang='lat' dir='ltr'>Darii</span> <span class='ocrx_word' id='word_1_44' title='bbox 2348 2628 2501 2691; x_wconf 89' lang='lat' dir='ltr'>jussu</span> <span class='ocrx_word' id='word_1_45' title='bbox 2524 2620 2752 2677; x_wconf 82' lang='lat' dir='ltr'>Charide-</span> 
     </span>
     <span class='ocr_line' id='line_1_9' title="bbox 631 2707 2752 2773; baseline -0.004 -17"><span class='ocrx_word' id='word_1_46' title='bbox 631 2722 744 2757; x_wconf 85' lang='lat' dir='ltr'>mus</span> <span class='ocrx_word' id='word_1_47' title='bbox 768 2707 1100 2758; x_wconf 83' lang='lat' dir='ltr'>Atheniensis</span> <span class='ocrx_word' id='word_1_48' title='bbox 1122 2723 1301 2759; x_wconf 80' lang='lat' dir='ltr'>verum</span> <span class='ocrx_word' id='word_1_49' title='bbox 1324 2709 1645 2773; x_wconf 88' lang='lat' dir='ltr'>liberumque</span> <span class='ocrx_word' id='word_1_50' title='bbox 1669 2707 1975 2772; x_wconf 81' lang='lat' dir='ltr'>protulisset</span> <span class='ocrx_word' id='word_1_51' title='bbox 1987 2707 2266 2771; x_wconf 88' lang='lat' dir='ltr'>judicium,</span> <span class='ocrx_word' id='word_1_52' title='bbox 2290 2709 2464 2773; x_wconf 86' lang='lat' dir='ltr'>capite</span> <span class='ocrx_word' id='word_1_53' title='bbox 2488 2707 2752 2758; x_wconf 82' lang='lat' dir='ltr'>mulctatus</span> 
     </span>
     <span class='ocr_line' id='line_1_10' title="bbox 633 2780 2755 2856; baseline -0.001 -19"><span class='ocrx_word' id='word_1_54' title='bbox 633 2799 730 2854; x_wconf 53' lang='lat' dir='ltr'>est.</span> <span class='ocrx_word' id='word_1_55' title='bbox 785 2802 873 2844; x_wconf 82' lang='lat' dir='ltr'>m.</span> <span class='ocrx_word' id='word_1_56' title='bbox 891 2788 1256 2840; x_wconf 70' lang='lat' dir='ltr'>Pharnabazus</span> <span class='ocrx_word' id='word_1_57' title='bbox 1279 2790 1567 2856; x_wconf 83' lang='lat' dir='ltr'>Memnoni,</span> <span class='ocrx_word' id='word_1_58' title='bbox 1589 2805 1695 2840; x_wconf 76' lang='lat' dir='ltr'>orae</span> <span class='ocrx_word' id='word_1_59' title='bbox 1718 2789 1990 2839; x_wconf 76' lang='lat' dir='ltr'>maritituae</span> <span class='ocrx_word' id='word_1_60' title='bbox 2014 2788 2287 2852; x_wconf 81' lang='lat' dir='ltr'>praefecto‚</span> <span class='ocrx_word' id='word_1_61' title='bbox 2308 2780 2567 2841; x_wconf 81' lang='lat' dir='ltr'>succedit.</span> <span class='ocrx_word' id='word_1_62' title='bbox 2620 2780 2755 2835; x_wconf 72' lang='lat' dir='ltr'>Darii</span> 
     </span>
     <span class='ocr_line' id='line_1_11' title="bbox 635 2863 2756 2936; baseline -0.001 -18"><span class='ocrx_word' id='word_1_63' title='bbox 635 2870 920 2932; x_wconf 86' lang='lat' dir='ltr'>somnium;</span> <span class='ocrx_word' id='word_1_64' title='bbox 943 2869 1155 2934; x_wconf 88' lang='lat' dir='ltr'>ejusque</span> <span class='ocrx_word' id='word_1_65' title='bbox 1178 2871 1319 2921; x_wconf 85' lang='lat' dir='ltr'>varia</span> <span class='ocrx_word' id='word_1_66' title='bbox 1340 2871 1727 2935; x_wconf 80' lang='lat' dir='ltr'>interpretatio.</span> <span class='ocrx_word' id='word_1_67' title='bbox 1797 2870 1946 2920; x_wconf 86' lang='lat' dir='ltr'>Ordo</span> <span class='ocrx_word' id='word_1_68' title='bbox 1968 2871 2249 2921; x_wconf 82' lang='lat' dir='ltr'>Persarum</span> <span class='ocrx_word' id='word_1_69' title='bbox 2270 2870 2508 2936; x_wconf 85' lang='lat' dir='ltr'>agminis,</span> <span class='ocrx_word' id='word_1_70' title='bbox 2529 2876 2641 2920; x_wconf 88' lang='lat' dir='ltr'>orto</span> <span class='ocrx_word' id='word_1_71' title='bbox 2660 2863 2756 2915; x_wconf 75' lang='lat' dir='ltr'>sole</span> 
     </span>
     <span class='ocr_line' id='line_1_12' title="bbox 635 2950 2758 3017; baseline 0.001 -19"><span class='ocrx_word' id='word_1_72' title='bbox 635 2952 840 3008; x_wconf 75' lang='lat' dir='ltr'>demum</span> <span class='ocrx_word' id='word_1_73' title='bbox 863 2950 1233 3014; x_wconf 85' lang='lat' dir='ltr'>procedentis:</span> <span class='ocrx_word' id='word_1_74' title='bbox 1271 2959 1377 3002; x_wconf 87' lang='lat' dir='ltr'>tum</span> <span class='ocrx_word' id='word_1_75' title='bbox 1411 2953 1679 3016; x_wconf 83' lang='lat' dir='ltr'>copiarum</span> <span class='ocrx_word' id='word_1_76' title='bbox 1716 2951 2002 3002; x_wconf 82' lang='lat' dir='ltr'>Alexandri</span> <span class='ocrx_word' id='word_1_77' title='bbox 2037 2952 2338 3017; x_wconf 80' lang='lat' dir='ltr'>descriptio.</span> <span class='ocrx_word' id='word_1_78' title='bbox 2402 2967 2483 3003; x_wconf 79' lang='lat' dir='ltr'>lv.</span> <span class='ocrx_word' id='word_1_79' title='bbox 2524 2952 2758 3001; x_wconf 57' lang='lat' dir='ltr'>Deserta</span> 
     </span>
     <span class='ocr_line' id='line_1_13' title="bbox 637 3028 2757 3097; baseline -0.002 -17"><span class='ocrx_word' id='word_1_80' title='bbox 637 3030 705 3080; x_wconf 80' lang='lat' dir='ltr'>al»</span> <span class='ocrx_word' id='word_1_81' title='bbox 726 3029 947 3093; x_wconf 87' lang='lat' dir='ltr'>Arsane,</span> <span class='ocrx_word' id='word_1_82' title='bbox 986 3031 1134 3080; x_wconf 88' lang='lat' dir='ltr'>Darii</span> <span class='ocrx_word' id='word_1_83' title='bbox 1172 3031 1445 3096; x_wconf 77' lang='lat' dir='ltr'>proefecto,</span> <span class='ocrx_word' id='word_1_84' title='bbox 1479 3030 1679 3082; x_wconf 67' lang='lat' dir='ltr'>Ciliciae</span> <span class='ocrx_word' id='word_1_85' title='bbox 1703 3028 1881 3081; x_wconf 80' lang='lat' dir='ltr'>fauces</span> <span class='ocrx_word' id='word_1_86' title='bbox 1905 3031 2203 3082; x_wconf 85' lang='lat' dir='ltr'>Alexander</span> <span class='ocrx_word' id='word_1_87' title='bbox 2225 3039 2521 3097; x_wconf 84' lang='lat' dir='ltr'>opportune</span> <span class='ocrx_word' id='word_1_88' title='bbox 2537 3032 2757 3093; x_wconf 86' lang='lat' dir='ltr'>occupat.</span> 
     </span>
     <span class='ocr_line' id='line_1_14' title="bbox 641 3108 2759 3178; baseline -0.002 -17"><span class='ocrx_word' id='word_1_89' title='bbox 641 3126 698 3161; x_wconf 80' lang='lat' dir='ltr'>v.</span> <span class='ocrx_word' id='word_1_90' title='bbox 734 3110 865 3160; x_wconf 90' lang='lat' dir='ltr'>Cum</span> <span class='ocrx_word' id='word_1_91' title='bbox 896 3111 952 3160; x_wconf 90' lang='lat' dir='ltr'>in</span> <span class='ocrx_word' id='word_1_92' title='bbox 990 3110 1227 3175; x_wconf 78' lang='lat' dir='ltr'>Cydnum</span> <span class='ocrx_word' id='word_1_93' title='bbox 1259 3111 1564 3162; x_wconf 83' lang='lat' dir='ltr'>Alexander</span> <span class='ocrx_word' id='word_1_94' title='bbox 1586 3112 1827 3163; x_wconf 88' lang='lat' dir='ltr'>abluendi</span> <span class='ocrx_word' id='word_1_95' title='bbox 1848 3114 2083 3178; x_wconf 88' lang='lat' dir='ltr'>corporis</span> <span class='ocrx_word' id='word_1_96' title='bbox 2106 3115 2279 3178; x_wconf 84' lang='lat' dir='ltr'>gratia</span> <span class='ocrx_word' id='word_1_97' title='bbox 2297 3113 2661 3177; x_wconf 84' lang='lat' dir='ltr'>intempestive</span> <span class='ocrx_word' id='word_1_98' title='bbox 2681 3108 2759 3158; x_wconf 87' lang='lat' dir='ltr'>de·</span> 
     </span>
     <span class='ocr_line' id='line_1_15' title="bbox 641 3191 2759 3261; baseline -0 -19"><span class='ocrx_word' id='word_1_99' title='bbox 641 3191 946 3258; x_wconf 84' lang='lat' dir='ltr'>scendisset,</span> <span class='ocrx_word' id='word_1_100' title='bbox 984 3193 1282 3257; x_wconf 82' lang='lat' dir='ltr'>gravissimo</span> <span class='ocrx_word' id='word_1_101' title='bbox 1326 3194 1506 3245; x_wconf 86' lang='lat' dir='ltr'>morbo</span> <span class='ocrx_word' id='word_1_102' title='bbox 1548 3195 1845 3260; x_wconf 90' lang='lat' dir='ltr'>corripitur.</span> <span class='ocrx_word' id='word_1_103' title='bbox 1932 3210 2013 3246; x_wconf 80' lang='lat' dir='ltr'>vr.</span> <span class='ocrx_word' id='word_1_104' title='bbox 2058 3196 2327 3261; x_wconf 83' lang='lat' dir='ltr'>Philippus</span> <span class='ocrx_word' id='word_1_105' title='bbox 2364 3195 2616 3256; x_wconf 84' lang='lat' dir='ltr'>medicus,</span> <span class='ocrx_word' id='word_1_106' title='bbox 2656 3202 2759 3241; x_wconf 80' lang='lat' dir='ltr'>eum</span> 
     </span>
     <span class='ocr_line' id='line_1_16' title="bbox 641 3274 2760 3340; baseline -0.001 -14"><span class='ocrx_word' id='word_1_107' title='bbox 641 3274 995 3326; x_wconf 84' lang='lat' dir='ltr'>Alexandrum</span> <span class='ocrx_word' id='word_1_108' title='bbox 1016 3274 1071 3324; x_wconf 75' lang='lat' dir='ltr'>i‘n</span> <span class='ocrx_word' id='word_1_109' title='bbox 1094 3276 1364 3340; x_wconf 84' lang='lat' dir='ltr'>pristinam</span> <span class='ocrx_word' id='word_1_110' title='bbox 1385 3277 1734 3329; x_wconf 81' lang='lat' dir='ltr'>valetudinem</span> <span class='ocrx_word' id='word_1_111' title='bbox 1756 3292 1875 3328; x_wconf 83' lang='lat' dir='ltr'>mox</span> <span class='ocrx_word' id='word_1_112' title='bbox 1898 3278 2235 3339; x_wconf 85' lang='lat' dir='ltr'>restituisset,</span> <span class='ocrx_word' id='word_1_113' title='bbox 2274 3277 2465 3328; x_wconf 84' lang='lat' dir='ltr'>divinis</span> <span class='ocrx_word' id='word_1_114' title='bbox 2485 3276 2597 3327; x_wconf 84' lang='lat' dir='ltr'>fere</span> <span class='ocrx_word' id='word_1_115' title='bbox 2618 3274 2760 3323; x_wconf 74' lang='lat' dir='ltr'>hono-</span> 
     </span>
     <span class='ocr_line' id='line_1_17' title="bbox 644 3354 2763 3423; baseline -0.003 -17"><span class='ocrx_word' id='word_1_116' title='bbox 644 3355 789 3407; x_wconf 89' lang='lat' dir='ltr'>ribus</span> <span class='ocrx_word' id='word_1_117' title='bbox 823 3357 891 3407; x_wconf 84' lang='lat' dir='ltr'>ab</span> <span class='ocrx_word' id='word_1_118' title='bbox 924 3356 1158 3407; x_wconf 85' lang='lat' dir='ltr'>exercitu</span> <span class='ocrx_word' id='word_1_119' title='bbox 1192 3356 1434 3409; x_wconf 85' lang='lat' dir='ltr'>afficitur.</span> <span class='ocrx_word' id='word_1_120' title='bbox 1503 3372 1607 3411; x_wconf 80' lang='lat' dir='ltr'>vn.</span> <span class='ocrx_word' id='word_1_121' title='bbox 1639 3359 1890 3423; x_wconf 84' lang='lat' dir='ltr'>Vegetior</span> <span class='ocrx_word' id='word_1_122' title='bbox 1921 3357 2116 3421; x_wconf 86' lang='lat' dir='ltr'>factus,</span> <span class='ocrx_word' id='word_1_123' title='bbox 2153 3358 2339 3409; x_wconf 86' lang='lat' dir='ltr'>Cilicia</span> <span class='ocrx_word' id='word_1_124' title='bbox 2370 3358 2509 3407; x_wconf 87' lang='lat' dir='ltr'>omni</span> <span class='ocrx_word' id='word_1_125' title='bbox 2545 3354 2763 3411; x_wconf 84' lang='lat' dir='ltr'>subacta,</span> 
     </span>
     <span class='ocr_line' id='line_1_18' title="bbox 643 3437 2761 3504; baseline -0.004 -16"><span class='ocrx_word' id='word_1_126' title='bbox 643 3438 883 3499; x_wconf 88' lang='lat' dir='ltr'>Darium,</span> <span class='ocrx_word' id='word_1_127' title='bbox 914 3437 1219 3503; x_wconf 86' lang='lat' dir='ltr'>Euphraten</span> <span class='ocrx_word' id='word_1_128' title='bbox 1259 3446 1658 3504; x_wconf 79' lang='lat' dir='ltr'>transgressum,</span> <span class='ocrx_word' id='word_1_129' title='bbox 1693 3439 1906 3503; x_wconf 78' lang='lat' dir='ltr'>aggredi</span> <span class='ocrx_word' id='word_1_130' title='bbox 1939 3439 2158 3503; x_wconf 85' lang='lat' dir='ltr'>cogitat,</span> <span class='ocrx_word' id='word_1_131' title='bbox 2193 3438 2518 3504; x_wconf 81' lang='lat' dir='ltr'>Sisinemque</span> <span class='ocrx_word' id='word_1_132' title='bbox 2549 3437 2761 3490; x_wconf 86' lang='lat' dir='ltr'>Persam,</span> 
     </span>
     <span class='ocr_line' id='line_1_19' title="bbox 644 3512 2765 3587; baseline -0.004 -20"><span class='ocrx_word' id='word_1_133' title='bbox 644 3518 995 3582; x_wconf 86' lang='lat' dir='ltr'>imprudentia</span> <span class='ocrx_word' id='word_1_134' title='bbox 1012 3519 1422 3584; x_wconf 88' lang='lat' dir='ltr'>delinquentem,</span> <span class='ocrx_word' id='word_1_135' title='bbox 1442 3520 1608 3571; x_wconf 89' lang='lat' dir='ltr'>occidi</span> <span class='ocrx_word' id='word_1_136' title='bbox 1621 3520 1797 3584; x_wconf 87' lang='lat' dir='ltr'>jubet.</span> <span class='ocrx_word' id='word_1_137' title='bbox 1851 3529 1977 3569; x_wconf 77' lang='lat' dir='ltr'>vm.</span> <span class='ocrx_word' id='word_1_138' title='bbox 2000 3520 2151 3570; x_wconf 89' lang='lat' dir='ltr'>Darii</span> <span class='ocrx_word' id='word_1_139' title='bbox 2177 3527 2298 3571; x_wconf 91' lang='lat' dir='ltr'>ante</span> <span class='ocrx_word' id='word_1_140' title='bbox 2320 3535 2548 3587; x_wconf 87' lang='lat' dir='ltr'>pugnam</span> <span class='ocrx_word' id='word_1_141' title='bbox 2571 3512 2765 3569; x_wconf 78' lang='lat' dir='ltr'>consilia</span> 
     </span>
     <span class='ocr_line' id='line_1_20' title="bbox 645 3594 2763 3666; baseline -0.003 -13"><span class='ocrx_word' id='word_1_142' title='bbox 645 3609 704 3653; x_wconf 85' lang='lat' dir='ltr'>et</span> <span class='ocrx_word' id='word_1_143' title='bbox 724 3602 987 3666; x_wconf 85' lang='lat' dir='ltr'>ingressus</span> <span class='ocrx_word' id='word_1_144' title='bbox 1009 3601 1062 3650; x_wconf 88' lang='lat' dir='ltr'>in</span> <span class='ocrx_word' id='word_1_145' title='bbox 1086 3601 1321 3652; x_wconf 88' lang='lat' dir='ltr'>Ciliciam</span> <span class='ocrx_word' id='word_1_146' title='bbox 1342 3618 1358 3664; x_wconf 69' lang='grc' dir='ltr'><strong><em>ς</em></strong></span> <span class='ocrx_word' id='word_1_147' title='bbox 1391 3610 1502 3652; x_wconf 91' lang='lat' dir='ltr'>tum</span> <span class='ocrx_word' id='word_1_148' title='bbox 1521 3602 1784 3651; x_wconf 83' lang='lat' dir='ltr'>exercitus</span> <span class='ocrx_word' id='word_1_149' title='bbox 1808 3601 2008 3651; x_wconf 85' lang='lat' dir='ltr'>Persici</span> <span class='ocrx_word' id='word_1_150' title='bbox 2029 3602 2400 3664; x_wconf 86' lang='lat' dir='ltr'>consternatio,</span> <span class='ocrx_word' id='word_1_151' title='bbox 2436 3600 2677 3666; x_wconf 80' lang='lat' dir='ltr'>proximae</span> <span class='ocrx_word' id='word_1_152' title='bbox 2698 3594 2763 3642; x_wconf 86' lang='lat' dir='ltr'>in·</span> 
     </span>
     <span class='ocr_line' id='line_1_21' title="bbox 648 3673 2763 3748; baseline -0.006 -14"><span class='ocrx_word' id='word_1_153' title='bbox 648 3683 961 3734; x_wconf 89' lang='lat' dir='ltr'>ternecionis</span> <span class='ocrx_word' id='word_1_154' title='bbox 993 3684 1321 3748; x_wconf 82' lang='lat' dir='ltr'>praesagium.</span> <span class='ocrx_word' id='word_1_155' title='bbox 1387 3683 1618 3746; x_wconf 89' lang='lat' dir='ltr'>Propius</span> <span class='ocrx_word' id='word_1_156' title='bbox 1639 3688 1859 3746; x_wconf 85' lang='lat' dir='ltr'>uterque</span> <span class='ocrx_word' id='word_1_157' title='bbox 1882 3681 2146 3731; x_wconf 83' lang='lat' dir='ltr'>exercitus</span> <span class='ocrx_word' id='word_1_158' title='bbox 2168 3681 2233 3731; x_wconf 88' lang='lat' dir='ltr'>ad</span> <span class='ocrx_word' id='word_1_159' title='bbox 2269 3683 2488 3732; x_wconf 87' lang='lat' dir='ltr'>alterum</span> <span class='ocrx_word' id='word_1_160' title='bbox 2514 3673 2763 3746; x_wconf 82' lang='lat' dir='ltr'>progredi·</span> 
     </span>
     <span class='ocr_line' id='line_1_22' title="bbox 650 3755 2762 3830; baseline -0.004 -15"><span class='ocrx_word' id='word_1_161' title='bbox 650 3773 751 3816; x_wconf 90' lang='lat' dir='ltr'>tur.</span> <span class='ocrx_word' id='word_1_162' title='bbox 836 3778 915 3814; x_wconf 81' lang='lat' dir='ltr'>rx.</span> <span class='ocrx_word' id='word_1_163' title='bbox 950 3764 1235 3830; x_wconf 86' lang='lat' dir='ltr'>Utriusque</span> <span class='ocrx_word' id='word_1_164' title='bbox 1276 3765 1542 3815; x_wconf 87' lang='lat' dir='ltr'>exercitus</span> <span class='ocrx_word' id='word_1_165' title='bbox 1578 3762 1810 3813; x_wconf 86' lang='lat' dir='ltr'>membra</span> <span class='ocrx_word' id='word_1_166' title='bbox 1846 3764 2132 3828; x_wconf 85' lang='lat' dir='ltr'>praecipua‚</span> <span class='ocrx_word' id='word_1_167' title='bbox 2167 3778 2450 3828; x_wconf 90' lang='lat' dir='ltr'>eorumque</span> <span class='ocrx_word' id='word_1_168' title='bbox 2490 3755 2762 3813; x_wconf 82' lang='lat' dir='ltr'>collocatio·</span> 
     </span>
     <span class='ocr_line' id='line_1_23' title="bbox 650 3835 2765 3909; baseline -0.003 -14"><span class='ocrx_word' id='word_1_169' title='bbox 650 3860 709 3897; x_wconf 88' lang='lat' dir='ltr'>x.</span> <span class='ocrx_word' id='word_1_170' title='bbox 743 3846 1030 3896; x_wconf 86' lang='lat' dir='ltr'>Alexandri</span> <span class='ocrx_word' id='word_1_171' title='bbox 1054 3848 1222 3897; x_wconf 89' lang='lat' dir='ltr'>oratio</span> <span class='ocrx_word' id='word_1_172' title='bbox 1245 3847 1310 3896; x_wconf 90' lang='lat' dir='ltr'>ad</span> <span class='ocrx_word' id='word_1_173' title='bbox 1334 3846 1548 3897; x_wconf 87' lang='lat' dir='ltr'>milites.</span> <span class='ocrx_word' id='word_1_174' title='bbox 1617 3859 1695 3897; x_wconf 84' lang='lat' dir='ltr'>xr.</span> <span class='ocrx_word' id='word_1_175' title='bbox 1729 3845 1915 3909; x_wconf 86' lang='lat' dir='ltr'>Pugna</span> <span class='ocrx_word' id='word_1_176' title='bbox 1935 3852 2170 3909; x_wconf 88' lang='lat' dir='ltr'>cruenta,</span> <span class='ocrx_word' id='word_1_177' title='bbox 2206 3843 2259 3894; x_wconf 90' lang='lat' dir='ltr'>in</span> <span class='ocrx_word' id='word_1_178' title='bbox 2284 3858 2386 3909; x_wconf 87' lang='lat' dir='ltr'>qua</span> <span class='ocrx_word' id='word_1_179' title='bbox 2408 3847 2617 3895; x_wconf 88' lang='grc'><strong>100000.</strong></span> <span class='ocrx_word' id='word_1_180' title='bbox 2640 3835 2765 3904; x_wconf 87' lang='lat' dir='ltr'>pedi·</span> 
     </span>
     <span class='ocr_line' id='line_1_24' title="bbox 652 3919 2840 3993; baseline -0.002 -19"><span class='ocrx_word' id='word_1_181' title='bbox 652 3933 760 3974; x_wconf 86' lang='lat' dir='ltr'>tum</span> <span class='ocrx_word' id='word_1_182' title='bbox 785 3941 845 3975; x_wconf 90' lang='lat' dir='ltr'>ac</span> <span class='ocrx_word' id='word_1_183' title='bbox 866 3930 1043 3977; x_wconf 86' lang='grc'><strong>10000.</strong></span> <span class='ocrx_word' id='word_1_184' title='bbox 1068 3928 1302 3993; x_wconf 87' lang='lat' dir='ltr'>equitum</span> <span class='ocrx_word' id='word_1_185' title='bbox 1325 3928 1604 3978; x_wconf 85' lang='lat' dir='ltr'>Persarum</span> <span class='ocrx_word' id='word_1_186' title='bbox 1627 3925 1878 3976; x_wconf 85' lang='lat' dir='ltr'>cecidisse</span> <span class='ocrx_word' id='word_1_187' title='bbox 1900 3933 2208 3987; x_wconf 57' lang='lat' dir='ltr'>narrantum</span> <span class='ocrx_word' id='word_1_188' title='bbox 2242 3925 2451 3989; x_wconf 87' lang='lat' dir='ltr'>reliquis</span> <span class='ocrx_word' id='word_1_189' title='bbox 2480 3924 2607 3974; x_wconf 84' lang='lat' dir='ltr'>fusis</span> <span class='ocrx_word' id='word_1_190' title='bbox 2636 3919 2764 3982; x_wconf 75' lang='lat' dir='ltr'>fuga·</span> <span class='ocrx_word' id='word_1_191' title='bbox 2836 3923 2840 3928; x_wconf 79' lang='grc'>’</span> 
     </span>
     <span class='ocr_line' id='line_1_25' title="bbox 654 4006 2763 4071; baseline -0.005 -16"><span class='ocrx_word' id='word_1_192' title='bbox 654 4008 843 4070; x_wconf 86' lang='lat' dir='ltr'>tisque.</span> <span class='ocrx_word' id='word_1_193' title='bbox 910 4020 1014 4057; x_wconf 83' lang='lat' dir='ltr'>xn.</span> <span class='ocrx_word' id='word_1_194' title='bbox 1048 4009 1235 4059; x_wconf 85' lang='lat' dir='ltr'>Castra</span> <span class='ocrx_word' id='word_1_195' title='bbox 1254 4009 1536 4059; x_wconf 87' lang='lat' dir='ltr'>Persarum</span> <span class='ocrx_word' id='word_1_196' title='bbox 1561 4023 1677 4058; x_wconf 90' lang='lat' dir='ltr'>cum</span> <span class='ocrx_word' id='word_1_197' title='bbox 1700 4007 1902 4071; x_wconf 83' lang='lat' dir='ltr'>ingenti</span> <span class='ocrx_word' id='word_1_198' title='bbox 1936 4006 2117 4071; x_wconf 85' lang='lat' dir='ltr'>praeda</span> <span class='ocrx_word' id='word_1_199' title='bbox 2135 4012 2308 4070; x_wconf 86' lang='lat' dir='ltr'>capta.</span> <span class='ocrx_word' id='word_1_200' title='bbox 2372 4007 2562 4056; x_wconf 84' lang='lat' dir='ltr'>Matris</span> <span class='ocrx_word' id='word_1_201' title='bbox 2583 4009 2636 4054; x_wconf 86' lang='lat' dir='ltr'>et</span> <span class='ocrx_word' id='word_1_202' title='bbox 2654 4011 2763 4049; x_wconf 83' lang='lat' dir='ltr'>uxo·</span> 
     </span>
     <span class='ocr_line' id='line_1_26' title="bbox 655 4077 2765 4154; baseline -0.003 -18"><span class='ocrx_word' id='word_1_203' title='bbox 655 4087 724 4137; x_wconf 83' lang='lat' dir='ltr'>ris</span> <span class='ocrx_word' id='word_1_204' title='bbox 746 4088 896 4138; x_wconf 90' lang='lat' dir='ltr'>Darii</span> <span class='ocrx_word' id='word_1_205' title='bbox 919 4103 1121 4139; x_wconf 89' lang='lat' dir='ltr'>necnon</span> <span class='ocrx_word' id='word_1_206' title='bbox 1142 4090 1359 4138; x_wconf 83' lang='lat' dir='ltr'>aliarum</span> <span class='ocrx_word' id='word_1_207' title='bbox 1382 4090 1705 4154; x_wconf 82' lang='lat' dir='ltr'>captivarum</span> <span class='ocrx_word' id='word_1_208' title='bbox 1730 4089 1924 4138; x_wconf 90' lang='lat' dir='ltr'>luctum</span> <span class='ocrx_word' id='word_1_209' title='bbox 1945 4088 2082 4137; x_wconf 82' lang='lat' dir='ltr'>levat</span> <span class='ocrx_word' id='word_1_210' title='bbox 2099 4086 2413 4137; x_wconf 81' lang='lat' dir='ltr'>Alexander.</span> <span class='ocrx_word' id='word_1_211' title='bbox 2491 4098 2616 4135; x_wconf 83' lang='lat' dir='ltr'>xm.</span> <span class='ocrx_word' id='word_1_212' title='bbox 2636 4077 2765 4131; x_wconf 78' lang='lat' dir='ltr'>Darii</span> 
     </span>
    </p>
   </div>
   <div class='ocr_carea' id='block_1_6' title="bbox 652 4158 2761 4316">
    <p class='ocr_par' dir='ltr' id='par_1_6' title="bbox 652 4158 2761 4316">
     <span class='ocr_line' id='line_1_27' title="bbox 655 4158 2761 4234; baseline -0.003 -15"><span class='ocrx_word' id='word_1_213' title='bbox 655 4184 832 4234; x_wconf 87' lang='lat' dir='ltr'>gazam</span> <span class='ocrx_word' id='word_1_214' title='bbox 852 4171 1147 4220; x_wconf 83' lang='lat' dir='ltr'>immensam</span> <span class='ocrx_word' id='word_1_215' title='bbox 1170 4184 1284 4220; x_wconf 87' lang='lat' dir='ltr'>cum</span> <span class='ocrx_word' id='word_1_216' title='bbox 1308 4169 1506 4233; x_wconf 85' lang='lat' dir='ltr'>ingenti</span> <span class='ocrx_word' id='word_1_217' title='bbox 1541 4168 1792 4219; x_wconf 89' lang='lat' dir='ltr'>nobilium</span> <span class='ocrx_word' id='word_1_218' title='bbox 1825 4182 2042 4219; x_wconf 87' lang='lat' dir='ltr'>numero</span> <span class='ocrx_word' id='word_1_219' title='bbox 2079 4167 2412 4219; x_wconf 87' lang='lat' dir='ltr'>Parmenioni</span> <span class='ocrx_word' id='word_1_220' title='bbox 2435 4164 2654 4233; x_wconf 84' lang='lat' dir='ltr'>perfidus</span> <span class='ocrx_word' id='word_1_221' title='bbox 2674 4158 2761 4208; x_wconf 68' lang='lat' dir='ltr'>Dt-</span> 
     </span>
     <span class='ocr_line' id='line_1_28' title="bbox 652 4249 1320 4316; baseline -0.004 -14"><span class='ocrx_word' id='word_1_222' title='bbox 652 4252 815 4302; x_wconf 86' lang='lat' dir='ltr'>masci</span> <span class='ocrx_word' id='word_1_223' title='bbox 835 4249 1119 4316; x_wconf 82' lang='lat' dir='ltr'>praefectus</span> <span class='ocrx_word' id='word_1_224' title='bbox 1141 4249 1320 4300; x_wconf 86' lang='lat' dir='ltr'>tradit.</span> 
     </span>
    </p>
   </div>
  </div>
 </body>
</html>
