2978 4933
495 348 629 417 114
1292 367 1350 416 J.
1396 365 1902 416 FREINSHEMH

497 513 856 591 parata'est.
940 508 1174 589 Quippe
1216 512 1415 575 nemos
1436 518 1789 571 cunctanter
1831 512 2053 593 appetit
2094 512 2353 574 fortioris
2404 515 2692 592 gratiam:

499 628 675 688 porro
715 602 920 669 'sortior
961 607 1230 682 habetur,
1255 607 1360 689 qui
1406 608 1586 668 infert
1628 608 1870 682 bellum,
1899 630 2075 687 quarn
2123 610 2226 688 qui
2273 610 2508 689 excipit.
2603 615 2693 671 14.

503 706 745 775 Quanto
772 716 969 766 autem
989 705 1437 767 existimationis
1456 716 1676 767 nostrae
1696 705 1966 788 *periculo
1989 707 2260 767 fallemus
2283 728 2450 788 spem
2472 728 2704 779 eorum,-

502 802 1111 886 qui‘adolescentibus
1140 796 1310 863 nobis
1339 822 1474 862 eum
1514 804 1797 866 honorem
1844 803 2225 865 deferendum
2260 805 2696 884 judicaverunt,

501 922 676 984 quem
724 901 1014 962 maximus
1057 900 1392 981 imperator,
1429 911 1596 982 pater
1643 922 1834 976 meus,
1872 914 2010 982 post
2057 912 2149 962 tot
2189 903 2421 963 virtutis
2472 904 2699 982 experi-

499 998 905 1079 menta'paulo
935 1008 1073 1059 ante
1124 999 1349 1058 obitum
1394 998 1691 1061 obtinuit?
1778 1003 1872 1060 15.
1914 1000 2053 1059 Non
2098 1000 2254 1059 enim
2283 999 2419 1059 ideo
2451 1001 2707 1062 Graeco--

500 1118 627 1159 rum
657 1097 1306 1179 conciliumffimperium
1335 1098 1505 1159 nobis
1545 1098 1827 1173 decrevit,
1858 1096 2008 1158 utin
2053 1096 2413 1157 Macedonia
2458 1097 2704 1158 desides·

500 1206 561 1257 et
587 1197 818 1276 ignavis
846 1196 1245 1276 voluptatibus
1290 1196 1532 1269 addicti,
1561 1196 1803 1276 injurias
1832 1195 1969 1257 olim
2014 1208 2074 1257 et
2115 1215 2302 1276 nuper
2329 1193 2549 1255 Graeco
2593 1215 2705 1255 now

501 1294 644 1355 mini
671 1294 868 1354 illatas
900 1293 1367 1373 negligeremus:
1414 1293 1522 1353 sed
1550 1304 1619 1354 ut
1657 1287 1910 1364 eorum,‘¹
1938 1312 2073 1372 quae
2114 1312 2218 1372 per
2265 1312 2559 1352 summam
2590 1312 2709 1353 ·su-·

499 1391 758 1472 perbiam
787 1391 1050 1470 improbe
1079 1400 1140 1450 et
1168 1389 1506 1470 petulanter
1534 1391 1592 1449 in
1625 1390 2202 1464 noscommiserunt,
2228 1410 2435 1471 poenas
2471 1390 2708 1469 pende--

500 1498 657 1549 rent.
744 1489 837 1547 16.
881 1487 1042 1557 Quid
1072 1487 1265 1548 dicam
1295 1485 1370 1547 de
1398 1487 1470 1546 iis
1501 1486 1848 1547 Groecorum
1876 1487 2236 1560 nationibuS,
2265 1506 2416 1566 quas
2443 1486 2569 1546 late
2597 1507 2708 1567 per

499 1584 702 1645 Asiam
731 1582 979 1645 diffusas
1008 1584 1415 1666 impotentium
1456 1585 1835 1645 barbarorum
1880 1584 2254 1644 intoleranda
2282 1583 2536 1645 servitus
2565 1605 2699 1664 pre-

500 1681 649 1740 mit?
732 1681 1022 1762 Equidem
1079 1682 1291 1764 quibus
1328 1690 1535 1761 nuper
1588 1681 1907 1761 precibus,‘²
1953 1681 2285 1763 quibusque
2333 1682 2700 1760 argumentis

499 1798 740 1839 causam
768 1799 970 1841 eorum
999 1780 1206 1841 Delius
1250 1778 1543 1859 Ephesius
1573 1782 1778 1860 egerit,
1808 1800 1946 1841 cum
1993 1779 2107 1862 ipsi
2136 1780 2543 1851 memineritis,
2576 1797 2696 1840 non

494 1889 779 1958 repetam.
868 1881 963 1940 17.
1008 1877 1076 1938 Id
1105 1897 1248 1938 sane
1277 1887 1534 1951 constat,
1561 1896 1664 1937 eos
1713 1897 1941 1951 omnes,
1971 1888 2039 1937 ut
2065 1878 2313 1957 primum
2344 1876 2522 1957 signa
2549 1898 2705 1939 nos-·

492 1985 586 2036 tra
612 1977 1041 2060 conspexerint,
1069 1975 1337 2057 protinus
1366 1974 1456 2035 ad·
1474 1994 1588 2035 nos
1618 1994 1761 2035 esse*
1782 1976 2156 2048 transituros,
2185 1983 2247 2034 et
2272 1994 2381 2053 pro
2409 1973 2694 2036 liberato-

495 2075 655 2134 ribus
704 2075 1211 2157 assertoribusque
1262 2075 1385 2134 suis
1432 2073 1715 2134 adversus
1766 2092 1974 2153 graves
2022 2073 2377 2152 iniquosque
2418 2072 2700 2134 dominos

497 2172 805 2252 quodlibet
851 2174 1175 2253 periculum
1223 2173 1469 2253 impigre
1520 2181 1945 2252 suscepturos.·
2011 2173 2107 2232 18.
2150 2172 2510 2250 Quanquam
2555 2171 2700 2252 quid

498 2270 684 2329 nostri
710 2270 927 2348 pariter
969 2271 1345 2347 hostiumque
1383 2267 1551 2328 obliti
1593 2268 1813 2328 auxilia
1859 2268 2361 2349 circumspicimus
2406 2267 2703 2330 adversus

500 2376 731 2444 gentes,
759 2384 907 2443 quas
933 2365 1110 2424 etiam
1139 2367 1319 2444 paulo
1341 2364 1557 2425 lentius
1586 2366 1801 2426 vicisse
1828 2386 1865 2425 a
1890 2366 2112 2445 pudore
2136 2386 2314 2447 quam
2342 2366 2537 2446 gloria
2561 2387 2674 2448 pro
2687 2391 2711 2414 ··

494 2461 629 2542 pius
678 2459 972 2521 abfuerit?
1063 2463 1154 2522 19.
1200 2461 1442 2522 Patrum
1485 2483 1615 2523 aevo
1660 2462 1728 2522 in·
1752 2464 1954 2524 Asiam
1999 2464 2279 2545 profectis
2321 2464 2706 2526 Lacedaemo·

496 2554 763 2620 niorumf
794 2560 999 2640 paucis
1049 2559 1323 2639 ingentes
1373 2558 1634 2619 hostium
1687 2560 1981 2621 exercitus
2038 2562 2256 2621 frustra
2310 2561 2703 2622 restiterunt:

495 2658 836 2740 Phrygiam,
866 2657 1131 2739 Lydiam,
1160 2656 1659 2738 Paphlagoniam,
1688 2659 1784 2738 agi
1814 2659 2065 2740 ferrique
2091 2659 2288 2740 passi:
2333 2670 2438 2719 aut
2456 2660 2704 2739 quoties

491 2746 694 2816 ‘vetare
719 2756 1049 2828 voluerunt,
1077 2754 1155 2814 ad
1198 2755 1461 2816 hostium
1509 2757 1841 2817 satietatem
1879 2756 2022 2816 caesi
2071 2765 2246 2815 sunt:
2287 2755 2476 2816 donec
2509 2775 2547 2814 a
2577 2757 2707 2816 suis

494 2861 802 2911 revocatus
833 2851 1171 2930 Agesilaus,
1193 2852 1271 2911 ob
1298 2861 1536 2911 exortos
1564 2852 1623 2910 in
1664 2851 1899 2912 Graecia
1914 2851 2232 2922 tumultus,
2255 2850 2709 2930 trepidantibus·

496 2956 557 3005 et
585 2947 814 3010 consilii
843 2947 1081 3007 incertis
1108 2947 1287 3007 animi
1313 2967 1388 3007 ex
1417 2958 1582 3007 tanto
1610 2967 1802 3016 errore
1831 2946 2150 3026 recipiendi
2191 2948 2447 3027 spatium
2476 2967 2704 3009 conce-

497 3043 683 3102 deret.
767 3045 868 3102 20.
913 3042 1129 3106 Paucis
1159 3052 1296 3103 ante
1318 3043 1497 3102 istum
1527 3044 1697 3103 annis
1728 3044 1825 3104 vix
1853 3043 2059 3104 decem
2090 3043 2437 3103 Graecorum
2461 3044 2708 3119 millia}

496 3139 624 3199 sine
652 3140 925 3213 ducibus,
970 3140 1096 3200 sine
1137 3152 1489 3213 commeatu,
1522 3162 1596 3201 ex
1632 3142 1850 3202 intimis
1884 3141 2110 3202 Persici
2142 3141 2366 3221 imperii
2403 3144 2713 3221 partibus,

496 3256 601 3317 per
628 3246 715 3296 tot
756 3238 1003 3298 infestas
1054 3236 1323 3297 nationes
1368 3238 1475 3297 iter
1517 3238 1576 3297 in
1624 3239 1872 3317 patriam
1921 3239 2074 3298 ferro
2118 3248 2514 3317 aperuerunt:
2559 3239 2717 3300 curn-

496 3353 600 3393 eos
627 3343 1088 3413 persequeretur
1116 3333 1421 3398 universus
1462 3335 1619 3412 regis
1648 3334 1974 3407 'exercituS,
2013 3354 2134 3414 quo
2163 3335 2342 3395 modo
2370 3355 2510 3395 curn
2537 3337 2711 3418 Cyro.

494 3431 671 3490 fratre
700 3432 775 3491 de
804 3451 988 3511 regno
1025 3431 1427 3504 dimicaverat,
1456 3430 1762 3510 victorque
1791 3430 2096 3492 extiterat:
2136 3452 2314 3511 quem
2336 3431 2422 3491 illi
2450 3433 2709 3513 quidem

494 3529 846 3608 ubicumque
876 3547 1262 3607 congressum
1287 3527 1585 3588 fuderunt¹
1609 3529 2101 3608 fugaveruntque.
2186 3530 2287 3589 21.
2334 3530 2461 3588 Nos
2490 3530 2713 3609 igitur,

493 3626 708 3705 quibus
735 3625 1008 3686 universa
1036 3625 1272 3686 Graecia
1296 3634 1388 3685 tot
1411 3625 1671 3685 victoriis
1703 3625 1963 3686 edomita
1989 3636 2175 3706 paret,
2202 3626 2303 3705 qui
2332 3639 2546 3685 ‘eorum
2575 3626 2709 3685 for-

494 3723 753 3782 tissimos
784 3735 886 3784 aut
913 3724 973 3782 in
1002 3723 1126 3784 acie
1153 3721 1499 3793 cecidimus,
1529 3732 1633 3781 aut
1653 3721 1939 3783 habemus
1970 3721 2029 3780 in
2057 3722 2269 3782 castris
2293 3742 2311 3790 ;
2354 3720 2709 3783 timebimus¹
2744 3751 2747 3752 ⁷

497 3818 730 3877 scilicet
749 3820 970 3892 Asiam,
999 3839 1177 3900 quam
1207 3829 1409 3879 eorum
1454 3838 1607 3899 quos
1648 3819 1918 3891 vicimus,
1945 3819 2118 3898 pauci
2164 3817 2457 3898 pudendis
2502 3816 2703 3879 cladi·

494 3916 606 3973 bus
636 3912 958 3974 affecerunt
976 3915 1019 3973 2*
1102 3920 1203 3976 22.
1250 3917 1397 3979 Aliis
1427 3915 1646 3977 deinde
1669 3915 1728 3974 in
1759 3914 2009 3975 eandem
2031 3916 2386 3979 sententiam
2415 3914 2714 3996 adjectis,-

496 4011 648 4074 adeo
674 4012 963 4089 permovit
990 4012 1334 4085 animoS,fut
1353 4012 1637 4073 omnibus
1657 4011 2116 4072 assentientibus
2145 4012 2327 4076 etiam
2349 4011 2707 4088 Parmeni0,

559 4179 584 4215 ὃ
619 4180 775 4231 Diod.
794 4194 932 4232 xvu.
954 4196 1005 4245 p.
1030 4187 1146 4235 664.
1690 4183 1709 4219 ¹
1738 4185 1880 4236 Plut.
1903 4183 2178 4249 Agesilaus
2201 4199 2254 4248 p.
2276 4188 2391 4234 598.
2492 4203 2499 4208 ·

559 4266 581 4293 e
616 4258 759 4310 Plut.
784 4259 899 4311 adv.
923 4260 1159 4312 Colotem
1184 4275 1229 4312 c.
1256 4264 1338 4312 50.
1693 4270 1718 4308 8
1749 4261 1991 4327 Xenopb.
2009 4259 2235 4322 Ἀναβάσ.
2260 4274 2323 4315 11.
2341 4276 2475 4328 sqq«¹
