2978 4933
883 390 1000 439 or..
1048 390 1206 451 cxi.
1248 377 1313 445 4.
1386 393 1464 443 A·
1509 395 1629 445 cn.
1677 397 1752 446 N.
1795 381 1950 451 333.
2382 389 2515 461 ml

307 526 629 608 praesidio
668 527 741 594 in
781 532 1011 603 urbem
1044 534 1288 605 Chium
1315 537 1712 622 introducto,
1744 538 2012 613 ce'ntum
2055 548 2345 616 navibus
2375 548 2517 623 An-

306 629 537 694 drum⁰
582 638 653 699 et
700 634 859 700 inde
906 634 1546 724 Sypbnum'petiit:
1591 664 1713 710 eas
1754 666 2022 732 quoque
2050 650 2309 717 insulas
2339 672 2518 737 prae·

302 732 500 799 sidiis
523 745 849 822 occupat3
877 743 1166 824 pecunia
1181 744 1496 809 mulctat.
1556 745 1665 811 38.
1687 747 2103 833 Magnitudo
2122 753 2305 831 belli,
2326 756 2515 839 quod

303 838 391 900 ab
422 840 946 922 opulentissimis
977 843 1265 929 Europae
1289 844 1625 933 Asiaeque
1655 853 1945 935 regibuS,
1976 855 2047 920 in
2079 876 2268 940 spem
2302 860 2515 929 totius

303 941 490 1006 orbis
507 946 908 1028 occupandi,
930 950 1307 1029 gerebatur,
1338 949 1631 1019 Graeciae
1663 974 1933 1040 quoque
1953 969 2021 1024 et
2038 958 2259 1031 Cretae
2274 969 2302 1012 Ρ
2324 981 2514 1033 arma

300 1056 779 1117 commoverat.
868 1051 979 1117 39.
1012 1052 1236 1136 Agis,‘¹
1267 1054 1940 1127 Lacedaemoniorum
1959 1068 1981 1096 f
2009 1080 2151 1141 rex,
2185 1070 2339 1135 octo
2362 1065 2513 1137 rnil-

298 1146 485 1213 libus
517 1149 950 1232 Graecorum:
978 1156 1095 1240 qui
1123 1176 1214 1222 ex
1245 1156 1495 1224 Cilicia
1515 1159 1782 1244 profugi
1816 1163 2058 1232 domos
2089 1166 2511 1250 repetierant,

299 1254 684 1332 contractis,
715 1257 967 1323 bellum
999 1258 1411 1343 Antipatro:
1441 1261 1871 1333 Macedoniae
1923 1268 2251 1350 praefecto
2278 1269 2514 1334 molie-

295 1355 545 1419 batum
630 1359 737 1425 40.
784 1359 1164 1441 Cretenses,
1211 1364 1336 1429 has
1386 1377 1507 1431 aut
1565 1367 1724 1432 illas
1767 1352 1997 1452 partes
2049 1372 2284 1450 secuti,
2330 1354 2515 1438 nuno

292 1457 808 1541 Spartanorum,
856 1485 1030 1531 nunc
1080 1467 1540 1535 Macedonum
1592 1472 1935 1555 praesidiis
1981 1477 2511 1559 occupabantur.
2554 1510 2559 1520 ,

296 1560 436 1625 Sed
490 1563 746 1630 leviora
774 1567 951 1632 inter
999 1569 1159 1635 illos
1201 1570 1390 1637 fuere
1433 1572 1867 1657 discrimina3
1914 1585 2506 1656 unum-certamen,

291 1682 384 1728 ex
414 1674 551 1751 qno
581 1671 1245 1755 cetera‘pendebant,
1276 1676 1575 1749 intuente
1604 1676 1952 1759 fortuna!-

357 1869 386 1906 ν
422 1864 616 1924 Inferre
635 1870 1018 1931 aggrediebatur.
1066 1881 1072 1884 ’

359 1935 385 1960 ²
420 1930 519 1979 Sed
538 1933 656 1982 levis
688 1939 914 1986 momenti
931 1937 1075 1997 suere
1106 1938 1207 1988 hac
1237 1936 1516 2000 certamina,
1551 1953 1657 1988 eum
1678 1940 1885 1999 fortuna
1913 1939 2050 2005 qnasi
2083 1939 2271 1991 intenta
2302 1943 2421 1989 esset
2455 1938 2509 1987 in

287 2006 440 2042 unum
461 1996 581 2046 iamt
600 1998 769 2049 bellam
791 2015 853 2051 ex
871 2018 961 2066 qno
978 2003 1266 2066 reliquorum
1286 2004 1447 2053 exitus
1461 2004 1713 2067 pendebat.

1214 2149 1369 2171 ‘m‘

287 2242 396 2291 bem
437 2243 595 2293 Hium
634 2245 769 2297 Dan.
809 2248 937 2304 Put.
972 2250 1118 2303 Pith.
1158 2253 1390 2303 Florent.
1430 2252 1602 2316 Bong.
1636 2254 1690 2302 2.
1725 2249 1874 2300 Leid.
1894 2255 1949 2300 et
1972 2249 2123 2299 Voss.
2149 2253 2195 2298 1.
2217 2248 2509 2301 introducti:

289 2307 444 2358 Leid.
514 2308 737 2373 Siphium
757 2314 874 2365 Pal.
910 2321 956 2366 1.
982 2324 1038 2366 et
1059 2318 1207 2371 Voss.
1236 2322 1286 2368 2.
1322 2317 1561 2380 Siphnum
1582 2317 1732 2366 Voss.
1761 2321 1806 2366 1.
1840 2315 2080 2380 Sypheum
2102 2314 2227 2364 Bas·
2249 2322 2304 2363 et
2328 2315 2441 2365 Col·
2461 2315 2508 2364 ¹⁸⁸

288 2387 472 2436 quoqne
496 2374 647 2427 Leid.
686 2387 742 2430 et
763 2380 916 2432 Voss.
938 2387 989 2432 2.
1022 2383 1099 2432 his
1129 2399 1309 2449 qaoque
1330 2385 1500 2446 Bong.
1523 2388 1575 2439 1.
1591 2387 1640 2432 2.
1662 2385 1803 2433 Dan.
1825 2382 1942 2431 Pal.
1970 2385 2015 2431 1.
2038 2380 2267 2429 Florent.
2287 2380 2436 2431 Voss.
2460 2384 2508 2429 1.

287 2439 415 2490 Ald.
442 2440 609 2490 Colin.
647 2449 703 2494 et
742 2444 946 2510 Gryph.
970 2462 1137 2513 easque
1171 2451 1308 2500 Mer.
1343 2450 1562 2500 Venett.
1605 2456 1662 2500 et
1680 2448 1875 2498 Veron.
1898 2447 2071 2510 hasque
2106 2444 2274 2511 Lug-l.
2299 2444 2506 2510 Idasque

287 2502 463 2556 Amst.
501 2507 747 2559 Heinsius
770 2526 865 2574 pro
885 2520 1078 2577 occupat
1102 2516 1201 2578 legi
1225 2515 1387 2579 jussit
1422 2519 1816 2578 ‹mumma—39
1849 2513 2015 2575 Ηαεὶδ
2034 2512 2096 2562 1⁴·
2121 2526 2214 2560 ''e-²2
2234 2511 2368 2561 1)θῦ-
2391 2511 2505 2562 1³⁸¹·

288 2573 339 2618 1.
361 2570 528 2635 Bong.
569 2573 800 2624 Florent.
823 2578 975 2628 Voss.
1002 2584 1046 2629 1.
1069 2584 1119 2630 2.
1145 2579 1267 2631 Ald.
1300 2579 1468 2630 Colin.
1494 2590 1550 2630 et
1583 2579 1786 2642 Gryph.
1809 2580 1968 2628 domos
1988 2581 2262 2640 receperant
2285 2577 2434 2627 Voss.
2456 2580 2507 2625 2.

287 2636 607 2687 moliebantur
640 2640 924 2693 Lem—40
958 2646 1093 2693 Dan.
1128 2645 1296 2710 Bong.
1334 2646 1567 2695 Florent.
1601 2652 1656 2693 et
1678 2645 1830 2693 Voss.
1872 2648 1918 2692 1.
1957 2642 2312 2698 Parianoram5
2360 2640 2506 2691 Leid.

281 2700 645 2815 ἓᾶζραηωωω
680 2707 831 2760 Voss.
868 2712 919 2761 2.
955 2709 1301 2774 Spananorum
1339 2710 1552 2762 omittit.
1585 2709 1702 2758 Pal.
1740 2713 1787 2758 1.
1822 2708 2022 2758 omittit
2042 2707 2356 2756 Maoedonum
2380 2720 2507 2770 proe·

360 2781 442 2822 ns.

1282 2856 1503 2910 No'rAE

349 2971 376 2996 ⁰
406 2962 653 3032 Andrum]
709 2967 941 3035 Andros,
977 2971 1133 3021 hodie
1170 2969 1357 3036 Andro,

287 3035 344 3090 'et
364 3039 618 3106 Siphnos,
633 3043 788 3096 hodie
805 3046 1037 3116 Siphano,
1057 3046 1174 3098 duae
1199 3064 1266 3098 ex
1284 3050 1357 3099 in·

284 3117 413 3166 sulis
437 3120 750 3182 Cycladibus
769 3122 821 3171 in
843 3122 1025 3188 AEgaeo
1051 3124 1203 3174 Mari.

353 3198 381 3233 Ρ
417 3194 601 3258 Crete]
656 3197 834 3259 Creta,
882 3214 1037 3263 quam
1082 3201 1235 3250 hodie
1288 3201 1353 3251 ab

287 3268 419 3319 urbe
443 3272 689 3334 primaria
730 3274 965 3326 Caudium
999 3276 1241 3341 dicimus,
1264 3293 1353 3327 no-

285 3344 536 3397 bilissima
554 3347 606 3398 in
624 3350 790 3414 AEgaei
812 3351 977 3403 Maris
1001 3353 1145 3404 aditu
1169 3355 1353 3420 insula,

286 3419 651 3492 Peloponneso
672 3428 899 3494 objacet.
954 3431 970 3457 ‘
997 3429 1351 3496 Hecatompo-

287 3498 351 3549 lis
366 3499 382 3520 ’
416 3500 562 3552 dicta
581 3517 612 3552 a
642 3512 858 3555 centum
880 3506 1111 3571 urbibus,
1133 3525 1349 3575 quarum

287 3576 567 3641 praecipuae
604 3580 858 3646 Gnossus,
893 3584 1151 3649 Gortyna,
1175 3587 1349 3651 Cydo-

287 3650 391 3714 nia,
412 3653 628 3719 Lyctos,
649 3657 924 3724 Lycastos,
948 3660 1202 3726 Phaestos,
1222 3665 1348 3714 Dic-

288 3734 463 3798 tynna.
495 3733 619 3804 Suis
640 3735 840 3802 legibus
862 3737 915 3792 id
937 3742 1189 3806 temporis
1212 3743 1349 3791 vive·

289 3804 415 3858 bant
437 3807 735 3877 Cretenses,
765 3828 898 3879 quas
929 3831 961 3865 a
991 3818 1172 3869 Minoe
1200 3834 1351 3871 acce·

288 3884 424 3948 pisse
449 3886 702 3941 feruntur.
768 3892 957 3942 Earum
979 3895 1224 3957 plurimas
1247 3899 1349 3962 Ly·

288 3975 476 4028 surgas
494 3965 924 4019 Lacedaemonem
949 3972 1232 4024 transtulit.
1270 3974 1351 4024 De

291 4038 450 4091 Creta
466 4041 657 4094 videsis
677 4045 985 4098 Strabonem
1008 4049 1098 4100 lib.
1121 4063 1200 4110 x„

349 4127 375 4161 (ι
408 4119 553 4185 Agis]
587 4122 718 4173 Tres
754 4126 1085 4189 reperiuntur
1120 4128 1220 4179 hoc
1257 4144 1349 4180 no-

289 4194 420 4244 mine
458 4196 636 4262 Reges
678 4199 1074 4263 Spartanorum.
1138 4203 1347 4270 Primus

298 4268 634 4335 Eurysthenis
667 4274 825 4343 filius,
845 4279 958 4344 ejus
981 4282 1069 4346 qui
1103 4296 1208 4333 nna
1229 4298 1347 4335 cum

1435 2969 1602 3021 fratre
1622 2968 1814 3019 Procle
1836 2964 2241 3018 Heraclidas-um
2265 2979 2427 3031 regno
2450 2965 2503 3015 in

1435 3050 1697 3100 Laconica
1721 3049 1924 3099 initium
1959 3037 2140 3098 dedit:
2180 3051 2315 3098 alter
2351 3059 2504 3113 quem

1437 3128 1663 3192 Lycurgi
1688 3128 1831 3191 leges
1841 3124 2044 3191 jamdiu
2068 3125 2326 3174 obsoletas
2350 3122 2506 3173 redu·

1436 3219 1557 3254 cere
1590 3212 1866 3255 conantem
1902 3206 2042 3254 cives
2081 3204 2160 3253 sui
2198 3203 2250 3252 in
2290 3214 2504 3253 carcere

1434 3289 1714 3340 necarunt,
1739 3288 1797 3332 ut
1819 3282 2005 3333 scribit
2023 3282 2076 3331 in
2100 3281 2209 3345 ejus
2232 3279 2354 3329 Vita
2376 3279 2502 3328 Plu-

1437 3357 1676 3410 tarchus:
1714 3358 1902 3409 tertius
1941 3358 2025 3408 hic
2059 3360 2127 3409 de
2148 3372 2251 3423 quo
2281 3356 2512 3420 agimus,

1433 3436 1572 3486 inter
1593 3443 1873 3500 utrumque
1895 3434 2116 3485 medius.

1496 3519 1518 3545 ¹
1537 3511 2035 3575 ·Lacedoemoniorum]
2099 3509 2505 3573 Lacedaemonii‚

1434 3590 1603 3655 quiet
1625 3592 1857 3640 Lacones
1891 3596 1948 3639 et
1979 3588 2244 3653 Spartani,
2275 3587 2500 3637 Graeciae

1432 3665 1631 3735 populi,
1660 3669 1713 3718 in
1743 3675 1977 3717 extrema
1999 3668 2396 3731 Peloponneso:
2435 3664 2503 3715 de

1429 3746 1508 3795 his
1530 3746 1619 3798 lib.
1642 3760 1723 3796 vr.
1746 3759 1863 3809 cap.
1887 3749 1933 3795 l.

1465 3831 1515 3880 ,⁸
1552 3822 1851 3886 Groecmm]
1884 3813 2049 3872 Dario
2084 3819 2329 3871 mercede
2366 3817 2501 3868 mili·

1430 3899 1672 3962 tantiam,
1693 3900 1800 3964 qui,
1825 3913 1892 3949 ex
1928 3912 2104 3962 pugna
2137 3896 2202 3948 ad
2241 3897 2412 3954 Issum
2444 3897 2500 3946 in

1432 3977 1617 4026 Cilicia
1640 3976 1826 4041 elapsi,
1850 3975 2114 4027 Graeciam
2148 3976 2273 4026 mari
2301 3974 2501 4041 repeti·

1431 4060 1606 4104 erunt.

1496 4131 1513 4163 ἲ
1543 4129 1828 4196 Antipatro]
1863 4130 1951 4181 De
1991 4143 2093 4196 quo
2127 4126 2364 4190 inferius,
2402 4126 2497 4178 lib.

1429 4223 1509 4260 v-1.
1535 4224 1654 4274 cap.
1680 4215 1728 4260 1.
1773 4205 2144 4273 Spartanorum]
2168 4204 2499 4256 Lacedaemo-

1428 4286 1662 4337 niornmz
1697 4284 1787 4336 lib.
1807 4298 1887 4335 vr.
1911 4297 2030 4348 cap.
2054 4287 2102 4332 l.
