2978 4933
876 385 1134 435 surm..
1185 385 1265 433 m
1318 387 1386 445 Q.
1435 383 1785 435 oun'rum
1840 386 1985 435 ms.
2035 387 2083 436 1.
2481 369 2569 437 85

367 531 585 610 ipsum,
624 549 818 610 neque
854 530 915 590 in
954 551 1063 593 nos
1106 531 1385 591 conviciis
1415 551 1548 593 esse
1573 541 2034 611 temperaturos:
2079 551 2217 593 nam
2250 534 2348 612 qui
2377 534 2569 612 pudo·

366 648 490 687 rem
519 638 994 702 consumserunt,
1016 628 1162 709 quid
1189 630 1506 709 loquantur
1530 640 1633 689 aut
1659 628 1880 691 faciant
1903 650 2108 710 parum
2133 634 2302 712 pensi
2325 632 2567 706 habent,

349 724 512 786 ‚dum
540 725 753 806 cupitis
782 729 1100 806 potiantur.
1184 730 1244 788 2.
1290 725 1410 787 Sed
1438 726 1524 785 illi
1552 725 1812 807 quidem,
1845 729 1894 787 si
1922 730 2072 788 bene
2096 748 2200 788 vos
2231 729 2388 802 novi,
2415 728 2572 791 The-

364 822 531 895 bani,
577 842 682 903 spe
712 843 822 883 sua
849 825 1081 905 egregie
1111 824 1272 896 falsi,
1314 824 1560 903 dignum
1608 825 1822 885 virtute
1866 836 2063 886 vestra
2107 827 2571 907 Graecorumque

366 921 629 982 moribus
679 942 1027 1003 responsum
1079 921 1155 982 ad
1202 921 1593 983 Macedonem
1642 922 1930 983 referent:
1975 943 2081 983 vos
2126 937 2321 985 autem
2357 924 2434 984 ad
2480 943 2571 996 ea,

367 1038 507 1098 quse
557 1040 716 1082 nunc
762 1019 999 1101 agenda
1042 1031 1201 1094 sunt,
1245 1019 1505 1080 animum
1551 1020 1867 1101 diligenter
1917 1021 2245 1082 advertite:
2328 1031 2386 1083 3.
2432 1042 2571 1082 nam

366 1125 700 1178 vestrorum
722 1137 959 1199 quoque
981 1120 1351 1198 negotiorum
1377 1138 1666 1179 summam
1694 1139 1851 1179 nunc
1882 1120 1978 1200 agi
2007 1120 2148 1200 ipsis
2178 1139 2367 1180 rerum
2401 1139 2574 1200 argu-

367 1215 589 1275 mentis
628 1216 1030 1290 ostendemuS,
1073 1235 1192 1276 non
1241 1218 1551 1286 verborum
1596 1217 1938 1298 praestigiis,
1982 1220 2196 1298 quibus
2248 1218 2344 1277 isti
2388 1219 2574 1278 vereri

369 1333 437 1373 se
464 1312 674 1374 dicunt
702 1334 778 1375 ne
807 1316 1140 1396 capiamini.
1200 1319 1262 1377 4.
1302 1314 1420 1375 Sed
1452 1316 1695 1396 quando
1727 1317 1813 1377 sic
1844 1336 1950 1396 pro
1977 1317 2140 1376 vobis
2173 1329 2313 1376 sunt
2340 1315 2575 1388 soliciti,

368 1424 606 1491 ponant
632 1424 875 1487 metum,
905 1414 1049 1474 nihil
1077 1412 1359 1473 faciemus
1387 1434 1508 1493 quo
1530 1415 1964 1494 eloquentiores
1988 1414 2326 1475 videamur:
2355 1413 2575 1473 malam⁷

369 1508 735 1591 quandoque
764 1531 1005 1572 causam
1032 1510 1259 1591 adjuvit
1279 1511 1594 1572 facundia:
1627 1514 1728 1573 ubi
1757 1512 1977 1573 nudam
1996 1512 2296 1572 veritatem
2321 1510 2574 1592 spectari

347 1603 629 1666 ¹dicentis
655 1607 922 1682 interest,
962 1611 1140 1670 verba
1169 1628 1342 1671 nemo
1372 1611 1630 1689 prudens
1661 1610 1967 1691 appendit.
2070 1613 2128 1670 5.
2173 1609 2300 1668 Nec
2328 1608 2403 1667 de
2432 1607 2575 1667 Phi-

368 1701 537 1784 lippo
565 1703 938 1777 laboramus:
984 1709 1062 1769 sit
1110 1728 1254 1770 sane
1299 1727 1405 1787 per
1434 1730 1545 1770 nos
1574 1710 1807 1790 qualem
1838 1710 1937 1779 isti
1977 1711 2244 1789 fingunt:
2290 1707 2369 1766 sit
2395 1706 2574 1767 etiam

367 1800 642 1879 pulcher,
682 1793 989 1885 eloquens,
1036 1816 1213 1887 atque
1244 1809 1395 1869 adeo
1438 1808 1501 1867 in
1540 1807 1824 1868 conviviis
1855 1807 2032 1867 etiam
2061 1805 2303 1871 hilaris:
2330 1822 2483 1863 nam
2515 1815 2576 1864 et

365 1897 511 1958 hinc
539 1920 674 1960 eum
704 1903 1190 1973 commendavere
1221 1904 1461 1984 quidam
1484 1923 1501 1972 3
1549 1900 1700 1964 adeo
1740 1905 1976 1964 inanem
2002 1923 2158 1963 verae
2188 1900 2394 1981 gloriae
2423 1901 2573 1960 sate-

366 1998 609 2059 bantur.
695 2001 753 2058 6.
796 2001 1074 2061 Ceterum
1119 2003 1353 2083 legatos
1396 2003 1523 2082 ejus
1571 2004 1744 2062 miror
1771 2021 1845 2062 ea
1871 2001 2095 2062 civitati
2126 2009 2345 2058 nostrae
2374 2016 2574 2058 coram

366 2095 554 2154 vobis·
589 2096 899 2176 objecisse,
940 2119 1076 2177 quae
1127 2101 1176 2159 si
1226 2099 1471 2159 crimina
1515 2107 1672 2171 sunt,
1711 2117 1828 2157 non
1872 2097 2062 2177 magis
2093 2094 2574 2166 Atheniensibu8‚

365 2211 551 2271 quam
573 2193 895 2267 Thebanis,
923 2194 1300 2256 defendenda
1329 2216 1482 2268 esse,
1514 2197 1574 2254 in
1606 2194 1883 2255 confesso
1913 2203 2044 2254 est:
2087 2192 2387 2273 popularis
2416 2193 2575 2252 enim

368 2300 563 2351 status
601 2290 975 2351 incommoda
1000 2293 1344 2372 exagitant:
1388 2313 1526 2371 quae
1573 2292 1714 2352 licet
1762 2286 1880 2352 non
1928 2293 2269 2370 ignoremus
2319 2288 2576 2368 utrique,

367 2399 570 2447 tamen
600 2389 762 2468 regio
793 2388 1121 2449 dominatui
1149 2390 1356 2450 merito
1385 2389 1776 2471 praeferimus.
1862 2393 1898 2449 ’1
1907 2433 1921 2449 .
1955 2388 2139 2469 Atqui
2168 2386 2252 2447 illi
2281 2387 2364 2447 sic
2392 2385 2585 2447 locuti-

347 2497 536 2559 sunt,
581 2496 865 2565 tanquam
890 2488 950 2546 in
980 2487 1214 2548 circulis
1242 2499 1303 2548 et
1327 2489 1608 2549 conviviis
1642 2489 2045 2550 Macedonum
2075 2485 2413 2545 adulatione
2439 2504 2576 2564 gra-

368 2583 514 2643 tiam
565 2595 937 2662 quaererent:
998 2605 1115 2645 non
1161 2585 1322 2664 apud
1367 2586 1610 2645 liberam
1661 2586 1958 2646 civitatem
2006 2583 2201 2644 officio
2248 2584 2578 2660 legatorum

368 2681 781 2760 fungerentur.
866 2685 924 2743 8.
958 2683 1188 2743 Scimus
1220 2675 1461 2763 quidem
1483 2703 1690 2763 regum
1720 2684 2129 2762 regiorumque
2150 2678 2575 2756 mancipiorum

370 2776 660 2839 adversus
691 2790 901 2857 gentes
940 2782 1233 2859 urbesque
1278 2780 1492 2839 liberas
1545 2778 1868 2859 pertinacia
1912 2777 2083 2845 odia:
2127 2786 2190 2836 et
2235 2773 2577 2855 simpliciter

369 2874 646 2934 fecerunt
670 2874 787 2947 isti,
828 2877 930 2956 qui
975 2877 1300 2956 detegunt:
1347 2875 1453 2936 sed
1500 2896 1572 2937 eo
1612 2877 1801 2955 magis
1832 2873 2217 2934 annitendum
2249 2873 2420 2932 nobis
2461 2883 2576 2948 est,

370 2969 667 3044 Thebani,
710 2983 776 3031 nt
812 2972 949 3051 jura
994 2973 1278 3053 legesque
1321 2983 1556 3032 nostras
1607 2983 1894 3034 tueamur.
2001 2972 2059 3030 9.
2122 2971 2200 3029 Et
2248 2970 2577 3049 optandum

370 3069 646 3147 inprimis
675 3080 856 3144 esset,
896 3083 962 3131 ut
1006 3073 1105 3152 qui
1157 3072 1576 3152 rempublicam
1610 3070 1949 3150 attigerunt,
1990 3068 2062 3128 iis
2089 3087 2269 3127 unum
2300 3066 2575 3146 idemque

371 3164 830 3245 pulcherrimum
856 3180 1151 3230 certamen
1186 3172 1356 3242 foret,
1398 3170 1639 3248 quinam
1676 3168 1894 3229 rectius
1938 3165 2163 3226 civitati
2206 3184 2331 3224 suoe
2357 3183 2575 3224 consu-

323 3278 330 3282 ·
371 3263 591 3337 lerent‚
654 3276 755 3324 aut
812 3266 1087 3327 consulta
1136 3286 1604 3346 exequerentur:
1672 3285 1844 3325 nemo
1892 3262 2224 3323 communia
2266 3261 2580 3322 commoda

372 3359 765 3442 posthaberet
811 3363 1089 3442 privatis:
1132 3383 1307 3424 nemo
1351 3364 1650 3443 acciperet
1676 3380 1958 3428 munera:
2003 3379 2178 3419 nemo
2204 3360 2449 3419 istorum
2475 3377 2576 3418 ex-

373 3458 575 3539 emplo
624 3460 871 3541 patriam
919 3460 1192 3542 Philippo
1242 3460 1536 3541 proderet.
1648 3461 1747 3518 10.
1792 3460 2033 3529 Verum,
2087 3455 2376 3527 Thebani,
2431 3454 2577 3515 nulli

371 3574 641 3635 unquam
676 3574 793 3615 non
823 3555 1044 3616 civitati
1071 3556 1271 3630 mod0,
1321 3553 1425 3615 sed
1466 3555 1644 3615 etiam
1671 3554 1916 3626 homini,
1941 3555 2173 3632 integra
2199 3552 2576 3631 perfectaque

374 3652 632 3713 felicitas
662 3653 912 3732 obtigit:
954 3653 1333 3713 beatissimus
1378 3652 1651 3724 babetur,
1693 3652 1861 3730 cujus
1904 3651 2142 3711 fortuna
2171 3649 2473 3708 minimum
2501 3666 2576 3706 ex

374 3749 631 3810 adverso
658 3748 857 3809 trahit.
947 3752 1040 3811 11.
1074 3750 1272 3809 Malos
1301 3763 1499 3810 autem
1529 3749 1700 3809 nobis
1721 3748 1879 3808 cives
1909 3766 2040 3808 esse
2070 3744 2357 3804 neminem
2388 3743 2574 3823 fugit:

374 3864 457 3904 ne
485 3864 591 3905 vos
621 3845 858 3924 quidem
886 3845 1179 3917 caruistis,
1212 3857 1313 3905 aut
1341 3845 1579 3919 caretis,
1600 3845 1900 3905 Thebani:
1936 3863 2083 3902 nam
2112 3841 2238 3902 sine
2281 3860 2353 3901 eo
2393 3852 2575 3913 esset,

373 3961 499 4002 non
520 3941 645 4022 jam
679 3939 905 4001 Elateae
932 3941 1239 4022 Philippus
1267 3941 1523 4002 libertati
1551 3952 1772 4002 nostrae
1799 3941 2009 4021 plagas
2032 3940 2333 4008 tenderet:
2364 3938 2473 3998 sed
2500 3937 2577 3998 de

373 4057 565 4118 regno
597 4037 972 4097 Macedoniae
1002 4039 1310 4099 nobiscum
1339 4039 1689 4101 decertaret.
1801 4040 1895 4097 12.
1957 4037 2261 4097 Habemus
2288 4045 2484 4096 tamen
2515 4047 2578 4096 et

372 4137 606 4201 bonos:
652 4153 871 4212 eosque
915 4134 1135 4213 plures,
1157 4135 1350 4208 malis,
1399 4145 1460 4196 et
1502 4136 1781 4216 potiores.
1865 4136 2292 4214 Argumentum
2331 4132 2577 4211 poscis?

371 4231 549 4292 liberi
581 4250 825 4292 sumus:
869 4247 988 4292 non
1020 4232 1306 4294 servimus
1338 4232 1638 4312 Philippo,
1667 4234 1825 4294 sicut
1853 4243 1939 4306 tu,
1966 4231 2226 4311 Python,
2256 4230 2573 4311 Byzantios
