2978 4933
798 387 1058 437 suern.
1106 386 1185 437 m
1237 385 1700 448 mortarium
1754 386 1896 435 ms.
1943 387 2027 435 11.
2356 368 2485 434 119

282 533 523 596 beatum
557 533 670 594 sibi
695 533 879 594 videri
901 532 917 558 ’
942 533 1089 594 dixit
1133 537 1326 607 rex,‘·.‘
1352 531 1513 613 quod
1542 530 1711 591 vivus
1748 529 1955 590 fidum·
1976 530 2230 591 amicum
2275 540 2484 593 nactus

283 644 477 693 esset:
536 633 834 693 extinctus
890 638 1172 712 magnum
1226 630 1606 711 praeconem!
1690 628 1921 688 Ceteris
1965 628 2142 688 etiam
2184 628 2485 701 heroibus,

278 748 534 807 quorum
560 730 632 790 iis
658 730 721 790 in
743 730 912 790 terris
942 729 1216 811 sepulcra
1257 726 2057 806 ostenduntur,.parentavit.
2143 730 2202 787 5.
2248 726 2486 787 Sacrifi-

278 826 446 886 cavit
473 837 534 887 et
561 826 797 887 Priamo
812 819 837 855 ‘¹
864 826 942 887 ad
964 827 1164 887 Hercii
1186 847 1367 900 aram,
1391 827 1515 886 sive
1545 835 1614 885 ut
1636 826 1896 905 placaret
1920 843 2125 884 manes
2145 825 2219 883 ab
2241 824 2490 901 AEacida

277 921 616 992 interemtig
660 924 784 986 sive
808 927 898 985 ob.
928 924 1389 1005 cognationem:³
1412 943 1605 1005 quam.
1638 923 1750 983 sibi
1778 942 1912 982 cum
1960 920 2272 981 Iliensibus
2309 922 2488 982 inter-

217 1009 224 1014 ’
279 1020 500 1081 cedere
529 1020 936 1095 arbitrabatur,
965 1021 1106 1102 quia
1145 1022 1384 1084 viduam
1424 1020 1701 1082 Hectoris
1733 1019 2185 1080 Andromachen
2226 1018 2489 1099 Neopto·-

280 1117 481 1177 lemus
503 1118 562 1177 in
586 1118 957 1179 matrimonio
977 1120 1285 1181 habuerat.
1354 1121 1662 1192 Minervae,
1685 1139 1861 1200 quam
1880 1117 2180 1198 praecipua
2206 1116 2490 1196 religione

281 1216 699 1287 venerabatur,
725 1217 991 1278 studiose
1021 1236 1251 1278 sacrum
1280 1217 1461 1278 fecit:
1507 1217 1931 1296 suspensisque
1960 1215 2018 1273 in
2061 1212 2283 1295 templo
2311 1212 2488 1273 armis

283 1307 460 1383 suis,‘
484 1313 599 1373 alia
641 1314 917 1388 detraxit,
965 1336 1101 1394 quae
1132 1323 1149 1351 ‘
1182 1335 1218 1376 a
1260 1315 1498 1396 Trojani
1547 1315 1687 1376 belli
1733 1314 2095 1392 temporibus
2144 1309 2489 1371 duravisse'

282 1409 659 1475 dicebantur.
723 1414 806 1472 ⁷6.
851 1418 867 1447 ⁴
898 1412 1049 1474 Haec
1078 1415 1152 1473 ab
1192 1413 1496 1492 armigeris
1547 1411 1806 1493 praeferri
1830 1411 1844 1436 ’
1863 1411 2130 1490 jubebat,
2160 1416 2176 1444 ‘
2207 1420 2489 1490 tanquam

285 1526 326 1571 a
351 1508 608 1586 propitio
649 1509 888 1568 numine
930 1508 1006 1570 ad
1058 1509 1450 1589 subigendam
1478 1510 1682 1575 Asiam
1727 1507 2141 1568 commodata:
2183 1504 2491 1586 iisquein-

283 1603 501 1664 dutum
522 1605 537 1628 ’
562 1605 758 1666 ferunt
783 1612 800 1641 ‘
829 1606 905 1665 ad
932 1606 1255 1667 Granicum
1282 1627 1418 1667 cum
1443 1606 1694 1687 satrapis
1726 1604 2106 1666 decertasse!
2124 1611 2150 1647 θ
2232 1606 2290 1662 7.
2333 1604 2495 1664 Alio·

281 1701 435 1781 quin
479 1702 865 1781 elegantibus¹
897 1703 1073 1764 armis
1121 1703 1454 1785 gaudebam
1517 1705 1742 1763 nullius
1787 1702 2103 1763 munditiei
2148 1700 2493 1761 studiosior.

286 1799 474 1857 Cetra
521 1820 689 1859 usum
726 1798 950 1882 reperio
988 1798 1356 1883 splendida,¹¹.
1398 1803 1572 1880 galea
1614 1801 1917 1880 eleganter
1969 1799 2235 1870 cristata,
2286 1799 2495 1858 utrim-

285 1915 406 1975 que
434 1895 909 1975 dependentibus
937 1898 1132 1978 pinnis
1161 1899 1419 1961 candore
1450 1909 1518 1966 et,
1540 1897 2331 1978 magnitudineinsignibus,
2361 1896 2493 1956 tho-

286 1992 609 2060 racelineo
637 1994 894 2074 duplici:
940 1995 1172 2074 galeam
1209 1996 1468 2057 habebat
1497 1995 1744 2055 ferream
1772 1994 2034 2074 quidem,
2066 1993 2174 2054 sed
2211 1993 2270 2052 in
2300 1993 2494 2074 puris-

284 2088 422 2161 simi
469 2092 698 2170 argenti
746 2091 1003 2172 speciem
1059 2091 1554 2172 splendoremque
1603 2091 1869 2172 politam,
1918 2089 2231 2168 Theophili
2285 2108 2435 2169 opus
2459 2095 2492 2148 :¹

287 2190 347 2249 8.
394 2186 614 2249 collare
656 2188 908 2250 ferreum
959 2189 1370 2252 internitentes
1426 2210 1675 2270 gemmae
1734 2188 2217 2267 distinguebant:
2288 2185 2490 2265 gladio

285 2285 640 2364 cingebatur
666 2286 938 2346 acumine
969 2297 1029 2346 et
1049 2287 1276 2349 duritie.
1304 2285 1364 2347 in
1392 2286 1599 2367 paucis
1632 2285 1912 2353 notabili;
1957 2285 2333 2363 augebatque
2362 2300 2492 2362 pre-

285 2382 438 2441 tium
466 2382 615 2462 ejuS,
638 2382 889 2462 quodjn
915 2392 1082 2444 tanto
1111 2383 1246 2445 ferri
1269 2385 1497 2455 robore,
1526 2383 1674 2444 levis
1704 2394 1765 2443 et
1795 2380 2072 2442 tractanti
2100 2381 2313 2440 habilis
2341 2389 2490 2440 erat.

285 2480 452 2556 Huic
481 2490 793 2544 armaturae
822 2480 1121 2541 interdum
1149 2482 1470 2546 amiculum
1499 2482 1749 2542 militare
1777 2481 2099 2560 injiciebat,
2124 2478 2283 2558 quod
2301 2498 2490 2559 genus

286 2588 418 2636 tum
447 2583 464 2609 ⁸
491 2576 784 2644 Siculum?
816 2578 1244 2659 appellabatur.
1330 2580 1388 2638 9.
1434 2579 1712 2639 Ceterum
1740 2576 2096 2656 quibusdam
2118 2575 2328 2634 horum
2356 2584 2495 2654 post

286 2672 349 2732 id
399 2683 633 2752 tempus
682 2674 905 2753 potitus
952 2684 1079 2735 est:
1123 2694 1260 2735 nam
1308 2675 1540 2745 thorax,
1589 2693 1767 2753 quern
1816 2660 2093 2745 diximus,
2121 2672 2275 2731 inter
2302 2670 2494 2751 spolia

256 2771 541 2850 *pugnati
592 2769 669 2830 ad
729 2771 920 2832 Issum
975 2772 1165 2851 praelii
1211 2771 1357 2840 fuit3
1401 2770 1667 2850 gladium
1717 2769 2035 2830 Citieorum
2087 2788 2191 2829 rex
2237 2767 2491 2848 Cyprius

291 2866 453 2929 dono
485 2867 683 2936 dedit;
729 2867 949 2929 Rhodii
977 2869 1260 2941 balteum,
1305 2887 1481 2948 quem
1529 2866 1975 2949 incomparabili
2018 2865 2310 2926 industria
2349 2884 2493 2926 con-

293 2966 566 3045 spicuum
595 2963 847 3026 Helicon
878 2967 1119 3039 fecerat,
1145 2967 1422 3046 egregius
1451 2964 1606 3025 inter
1626 2964 1853 3044 priscos
1883 2964 2159 3024 artifices.
2229 2965 2325 3024 10.
2371 2962 2494 3022 Ne-

292 3080 414 3140 que
437 3062 686 3141 poenitet
718 3063 861 3122 talia
908 3082 1252 3138 memorare,
1294 3083 1428 3143 quae
1456 3063 1754 3124 veteribus
1785 3061 2170 3144 scriptoribus
2199 3059 2384 3139 digna
2408 3078 2496 3118 re·

293 3157 421 3218 latu
450 3158 832 3227 videbantur:
879 3171 939 3227 et
965 3160 1186 3241 alioqui
1209 3180 1557 3240 magnorum
1586 3179 1791 3240 regum
1819 3158 1981 3219 dicta
1999 3159 2298 3237 factaque,
2314 3155 2494 3216 etiam

297 3276 432 3335 quae
455 3256 677 3326 leviora
696 3256 897 3317 haberi
927 3257 1143 3329 solent,
1164 3278 1284 3317 non
1310 3243 1436 3318 sine
1454 3258 1648 3320 fructu
1679 3265 1784 3317 aut
1806 3255 2107 3335 voluptate
2128 3252 2492 3314 recoluntur.

305 3354 395 3412 ll.
441 3354 621 3413 Certe
647 3373 810 3423 arma
835 3355 1162 3421 Alexandri
1200 3375 1456 3436 sequens
1495 3365 1643 3415 aetas
1673 3353 1776 3413 diu
1800 3361 2083 3432 ¹venerata
2110 3360 2237 3411 est:
2280 3350 2494 3432 quibus

299 3449 449 3536 adep
475 3451 742 3530 pepercit
768 3462 1055 3526 vetustas,
1107 3462 1175 3512 ut
1213 3472 1286 3513 ex
1332 3453 1619 3513 Romanis
1665 3450 2120 3531 imperatoribus
2159 3447 2309 3507 alius
2359 3457 2497 3526 post

299 3549 550 3607 subacta
576 3544 870 3608 Pontica¹⁸
898 3569 1084 3629 regna
1110 3550 1422 3632 chlamyde
1451 3550 1610 3610 illius
1639 3548 1996 3627 triumphum
2025 3566 2197 3620 suum
2223 3554 2494 3610 ornaret;

301 3643 448 3704 alius
472 3645 775 3705 thoracem
805 3645 1129 3710 Alexandri
1150 3646 1395 3708 indutus
1423 3658 1788 3726 percurreret
1808 3656 2078 3724 pontem,
2106 3658 2495 3720 quem—aemu-

302 3741 517 3802 latione
550 3743 717 3802 Darii
745 3743 1071 3823 Xerxisque
1101 3744 1162 3803 in
1200 3743 1416 3824 pelago
1443 3750 1757 3804 struxerat.
1848 3741 1940 3814 12,
1983 3738 2132 3797 Post
2156 3736 2286 3795 haec
2315 3736 2496 3796 Alex·

369 3959 390 3985 ⁶
422 3952 564 4002 Plut.
586 3953 622 4003 1.
644 3954 686 4004 1.
705 3952 1021 4008 Anien-tl.
1057 3956 1243 4008 Cicero
1266 3971 1360 4022 pro
1503 3954 1523 3988 f
1551 3927 1758 4004 Arrian.
1776 3953 1816 4001 l.
1836 3953 1870 4001 l.

305 4027 511 4094 Archia,
529 4042 585 4096 x.
609 4033 691 4079 24.
1451 4089 1454 4092 ¹
1502 4039 1529 4077 s
1560 4031 1720 4082 Diod.
1746 4043 1895 4081 xvn.
1918 4044 1970 4094 p.
1993 4033 2110 4081 571.

372 4101 394 4136 ὅ
422 4103 613 4157 Justin.
637 4118 720 4155 xr.
754 4112 803 4156 6.
847 4110 926 4159 10.
978 4106 1182 4160 Arrian·
1206 4121 1246 4160 1.
1283 4111 1364 4159 11.
1503 4109 1528 4145 ¹¹
1562 4112 1707 4161 Plut.
1731 4108 1882 4160 Alex.
1905 4123 1955 4172 p.
1974 4112 2092 4160 672.

315 4179 403 4231 fin.
1504 4187 1518 4222 ¹
1550 4187 1632 4238 Id.
1650 4203 1701 4251 p.
1724 4190 1840 4238 ⁰84.
2194 4223 2197 4226 =
2510 4239 2513 4243 ,

377 4265 397 4290 ⁰
422 4258 611 4310 Justin.
633 4272 775 4311 xvu.
800 4264 848 4311 3.
869 4266 918 4311 5.
1505 4261 1528 4298 ¹⁸
1563 4262 1788 4329 Appian.
1811 4263 1877 4313 de
1903 4262 2063 4313 Bellis
2085 4257 2479 4324 Mithridaticis.
