2978 4933
2320 376 2454 443 483

249 534 384 600 sint
397 536 436 600 “l
522 535 631 601 14.
675 532 948 620 'Agitant
972 555 1092 601 eos
1117 530 1368 614 surim}>
1396 553 1533 601 non
1563 537 2033 604 consummato
2063 538 2294 619 modo,
2329 533 2457 606 sed'
2487 558 2492 561 ·

249 639 639 723 etcogitato'
663 640 1051 724 parricidio.
1139 639 1240 706 At
1265 640 1433 705 mihi
1475 641 1904 714 securitatem
1942 642 2230 725 p'rimum
2260 643 2451 710 inno·

250 743 467 808 centia
507 763 683 823 mea,
703 733 975 810 'deinde
1008 743 1407 814 dextratua
1455 745 1882 812 obtulerant:
1922 764 2060 811 non
2112 746 2330 825 timui,
2373 767 2456 813 ne

250 846 405 929 plus
451 846 691 911 alienas
754 848 1139 914 crudelitati
1187 849 1371 935 apud
1416 851 1485 915 t'e
1526 849 1773 927 liceret,
1823 869 2028 935 quam
2074 850 2450 916 clementiae

248 955 402 1018 tuae.
491 950 595 1016 15.
639 950 774 1017 Sed
815 972 905 1017 ne
944 960 1013 1017 te
1056 953 1238 1018 mihi·
1269 953 1636 1034 credidisse
1678 953 2035 1039 poeniteat,
2067 957 2172 1019 r‘es
2217 954 2305 1019 ad
2337 975 2445 1019 me

244 1052 663 1120 deferebatur
706 1071 750 1119 a
791 1074 1026 1139 puero,
1059 1057 1179 1140 qui
1228 1075 1361 1121 non
1404 1063 1672 1139 testem,
1705 1076 1837 1122 non
1880 1057 2118 1144 pignus
2163 1058 2453 1123 indiciis

244 1156 558 1227 exhibere
585 1163 874 1241 poterat,
899 1159 1297 1246 impleturus
1340 1181 1572 1226 omnes
1619 1167 1822 1242 metu,
1853 1163 1912 1227 si
1960 1161 2295 1246 coepisset
2325 1181 2449 1227 au-

249 1258 398 1326 diri.
485 1261 591 1326 16.
639 1261 979 1328 Amatoris
1015 1270 1087 1328 et
1129 1264 1335 1329 scorti
1374 1263 1598 1349 jurgio
1633 1265 1966 1349 interponi
2011 1282 2212 1330 aures
2259 1284 2450 1330 meas

245 1360 505 1433 credidi
548 1363 811 1444 infelix,
843 1371 917 1430 et
958 1365 1157 1430 fidem
1186 1365 1341 1452 ejus
1387 1375 1786 1452 suspectam
1830 1369 2060 1445 habui,
2089 1369 2270 1454 quod
2315 1389 2451 1434 non

247 1466 443 1550 ipses·
488 1467 790 1543 deferret,
838 1470 960 1535 sed
1001 1468 1272 1536 fratrem
1320 1473 1554 1556 potius
1603 1473 2040 1537 subornaret:
2087 1474 2193 1538 17.
2236 1473 2454 1550 timui,

792 391 911 441 on.
954 389 1145 439 oxu.
1189 374 1255 439 3.
1328 390 1403 440 A.
1452 389 1575 440 cn.
1619 389 1693 439 N.
1735 374 1885 442 330.

277 1666 335 1710 's
363 1669 467 1722 Nec
489 1675 675 1723 ‘emtam
703 1673 1037 1736 armatum
1066 1675 1166 1726 uia
1197 1674 1467 1727 delationis.

1164 1815 1544 1843 &ouem

242 1918 449 1968 dormire
469 1934 560 1969 non
575 1920 772 1983 possint.
823 1919 1055 1971 Florent.
1079 1920 1228 1984 Leid.
1253 1922 1404 1973 vose.
1427 1925 1479 1974 2.
1502 1928 1559 1971 et
1584 1918 1719 1971 Mer.
1735 1924 1964 1985 possunt:
1998 1920 2151 1970 Voss.
2176 1924 2225 1970 1.
2245 1927 2454 1984 possent.

240 1988 376 2034 ·-—14
406 1983 637 2036 Florent.
661 1984 809 2036 Leid.
831 1985 987 2037 Voss.
1013 1991 1062 2038 1.
1088 1987 1304 2038 Gruteri
1326 2002 1526 2051 omnes,
1549 1987 1738 2037 Venet-
1760 1988 1958 2036 Veron.
1980 1985 2200 2037 Mediol.
2222 1987 2452 2039 Vet0'an‘.

247 2052 394 2098 1474.
418 2048 542 2100 Ald.
573 2051 729 2101 Frob.
769 2051 885 2102 Col.
923 2052 1048 2101 Bas.
1085 2053 1321 2104 Freinsh.
1358 2053 1520 2103 Snak.
1544 2052 1705 2102 Barb.
1731 2059 1786 2104 et
1810 2052 1930 2117 Bip.
1953 2066 2049 2100 non
2070 2052 2280 2114 cogitato
2302 2053 2453 2113 modo,

241 2116 330 2163 sed
350 2118 399 2163 et
419 2120 770 2174 comuvnmat03
815 2116 909 2165 nisi
949 2117 1087 2182 quod
1122 2118 1358 2170 Florent.
1381 2118 1528 2168 Leid.
1552 2127 1607 2167 et
1630 2116 1785 2166 Voss.
1820 2122 1867 2167 1.
1908 2116 2118 2171 habent,
2168 2116 2253 2165 sed
2289 2118 2449 2166 etiam·

239 2180 381 2230 Mer.
404 2195 495 2229 mm
516 2182 664 2230 citato
686 2183 841 2241 modo,
857 2183 941 2231 aed
962 2187 1010 2232 et
1031 2188 1345 2234 consummato
1359 2198 1380 2242 ,·
1416 2182 1653 2247 plerique
1685 2180 1840 2232 codd.
1874 2180 2147 2244 Schefferi,
2177 2181 2355 2232 Colon.
2378 2182 2454 2229 Si·
2499 2180 2501 2182 ’

244 2245 367 2307 geb.
408 2245 542 2296 Pall.
580 2252 625 2295 1.
646 2251 696 2297 2.
720 2250 770 2296 3.
795 2247 934 2296 Dan.
966 2248 1110 2298 Pith.
1142 2248 1334 2299 Fauch.
1370 2250 1546 2310 Bong.
1577 2249 1691 2297 Col.
1726 2246 1927 2311 Lugdd.
1967 2251 2114 2297 1584.
2140 2250 2285 2297 1588.
2311 2250 2455 2296 1591.

240 2310 416 2361 Amat.
441 2315 586 2362 1621.
612 2316 758 2363 1628.
780 2316 926 2361 1629.
951 2317 1099 2363 1688.
1133 2313 1325 2364 Cellar.
1368 2314 1555 2363 Pitisc.
1591 2314 1723 2363 Tell.
1747 2313 1924 2362 Maitt.
1960 2320 2017 2361 et
2051 2313 2206 2362 Both.
2227 2327 2323 2361 non
2343 2328 2455 2361 con·

238 2384 475 2427 summoto
494 2378 648 2441 modo,
671 2378 753 2428 sed
773 2383 822 2427 et
837 2378 1063 2440 cogitato.
1123 2378 1250 2430 Ald.
1275 2392 1399 2429 vero
1422 2379 1583 2428 habet
1604 2383 1874 2428 consumat«)
1887 2393 1908 2436 ,⁰
1960 2378 2114 2426 Voss.
2136 2377 2453 2443 &coufirma-

171 2459 174 2464 ⁴
240 2448 313 2491 to.
364 2441 494 2492 Mox
514 2444 741 2495 Florent.
767 2444 913 2494 Leid.
938 2445 1088 2494 VosS.
1115 2447 1161 2495 1.
1185 2452 1241 2495 et
1263 2444 1432 2507 Bong.
1457 2450 1542 2495 tua
1563 2445 1753 2495 dextra.
1804 2443 1971 2494 Iidem
1996 2442 2150 2494 codd.
2170 2458 2284 2493 cum
2303 2443 2454 2494 Voss.
2480 2480 2483 2481 γ

238 2511 294 2557 2.
315 2515 372 2556 et
395 2508 631 2558 omnibus
653 2510 868 2559 Gruteri
892 2509 1161 2568 obtuderat,-
1208 2509 1333 2561 Ald.
1357 2510 1681 2560 Met-..Frob-
1698 2509 1819 2560 Col.
1845 2510 1969 2558 Bas.
1993 2510 2157 2566 Lugd.
2193 2515 2249 2558 et
2286 2509 2450 2558 Amat.

237 2572 510 2625 obtulerant
527 2591 548 2634 ,·
604 2573 869 2624 Acidalius
890 2575 1023 2638 conj.
1048 2574 1297 2636 attulerat,
1320 2583 1373 2625 et
1393 2590 1514 2625 mox
1536 2574 2013 2625 crudelitatem—15
2049 2573 2147 2624 Sed
2179 2589 2237 2622 ne
2269 2588 2341 2621 me
2361 2573 2452 2622 tibi

239 2637 449 2701 profert
469 2639 757 2691 Acidalius.
820 2641 959 2691 Mer.
1004 2640 1363 2704 prceferebatur.
1431 2639 1577 2691 Pith.
1610 2639 1805 2692 otnittit
1836 2654 1866 2688 a
1898 2642 2194 2703 paam—16
2228 2638 2378 2687 Voss.
2401 2642 2451 2687 2.

1234 2805 1459 2856 NO'rAE

230 2922 443 2978 Tullius
468 2920 620 2972 Orat.
653 2906 752 2986 vpro
787 2922 947 2971 Sexto
971 2902 1122 2971 Rosc.
1151 2919 1308 2971 Ame·
1387 2921 1529 2973 Saue
1557 2921 1744 2971 mirum
1774 2925 1853 2972 est
1885 2920 2161 2984 Philotam,
2181 2927 2451 2987 quantum-

230 2998 371 3061 rino,
387 2997 454 3047 de
471 2996 654 3048 Cloelio
675 2997 1055 3061 Tarracinensi,
1069 2996 1159 3061 qui
1175 2995 1305 3047 duos

228 3076 375 3125 inter
408 3075 542 3125 filios
581 3075 823 3124 inventus
855 3084 933 3123 est
970 3074 1144 3140 gladio
1179 3089 1303 3126 con·

228 3154 427 3205 fossus.
472 3153 589 3202 Filii
615 3152 681 3202 de
698 3154 931 3217 parentis
953 3153 1099 3203 caede
1122 3161 1299 3217 postu·

228 3232 331 3281 lati
352 3233 447 3280 hac
464 3230 685 3280 maxime
703 3230 901 3280 ratione
923 3231 1146 3280 absoluti
1161 3239 1300 3294 sunt,

226 3306 374 3370 quod
398 3312 582 3371 aperto
604 3306 739 3356 ostio
760 3305 1099 3371 dormientes,
1131 3307 1184 3356 in
1212 3322 1300 3358 eo·

226 3383 355 3432 dem
387 3383 629 3432 ‘conclavi
667 3382 867 3447 reperti
902 3388 1074 3432 erant.
1143 3383 1298 3434 Cete-

225 3474 347 3509 rum
367 3460 464 3509 etsi
488 3459 644 3509 'animi
664 3474 724 3509 ac
757 3459 918 3509 somni
936 3459 1187 3510 securitas
1209 3461 1301 3511 illa

222 3535 545 3587 innocentiae
567 3544 626 3586 ut
647 3536 920 3601 plurimum
950 3537 1109 3588 index
1143 3538 1298 3588 habe·

221 3623 335 3677 taff,
371 3622 544 3663 tamen
583 3614 831 3664 adversus
856 3615 910 3665 id
942 3623 1301 3678 argumentum

221 3691 403 3756 excipi
427 3696 639 3755 poterat
660 3708 674 3742 ε
720 3691 963 3756 primum,
985 3691 1297 3756 gravissimis

218 3769 389 3833 curis,
421 3783 659 3831 moerore,
694 3769 1060 3832 desperatione
1086 3777 1298 3820 vexatos

218 3847 337 3895 alto
362 3847 673 3912 quaudoque
696 3860 874 3896 somno
904 3846 1084 3909 obrui;
1119 3855 1177 3913 ut
1200 3847 1298 3912 ipsi

216 3921 535 3973 Alexandro
558 3923 839 3988 contigisse
861 3922 1080 3974 vidimus
1103 3924 1193 3974 lib.
1215 3938 1297 3976 lv·

217 3992 350 4064 cap.
387 4003 469 4049 13.
527 3999 663 4069 idem
702 4004 905 4066 quoque
948 4000 1017 4051 de
1062 4001 1299 4066 Augusto

214 4078 400 4143 deque
425 4074 635 4128 Oth'oue
660 4075 835 4128 refert·
860 4078 1137 4128 Suetonius
1158 4094 1173 4128 ε
1208 4077 1299 4129 de·

213 4155 374 4215 inde,
393 4155 623 4206 simulari
646 4169 850 4222 quoque
868 4171 1101 4206 somnum
1124 4171 1299 4222 posse,

214 4242 283 4283 nt
334 4242 728 4296 argumentatur
785 4233 1137 4286 Quintilianus
1187 4234 1296 4283 De·

214 4312 383 4362 clam.
418 4324 482 4361 11.
520 4316 577 4362 et
610 4311 856 4362 Libauius
878 4311 1113 4362 Declam.
1139 4325 1293 4363 κων.

1383 3000 1463 3052 vis
1498 3000 1784 3064 innoxium,
1807 2999 1910 3049 leni
1935 3000 2240 3066 placidoque
2272 3015 2450 3050 somno

1384 3077 1608 3128 dormire
1647 3077 1896 3142 potuisse,
1931 3077 2018 3140 qui
2057 3083 2164 3126 tam
2202 3077 2451 3140 praesenti

1381 3150 1620 3214 periculo
1641 3159 1878 3214 ereptum
1899 3146 1956 3201 se
1979 3168 2094 3203 esse
2119 3154 2450 3204 meminisset.

1442 3227 1457 3260 ¹
1479 3228 1670 3292 Furioe]
1692 3229 1778 3279 Sic
1800 3229 2006 3294 quidem
2028 3230 2095 3279 de
2118 3231 2310 3281 Oreste
2329 3239 2449 3294 post

1380 3305 1607 3354 occisam
1626 3305 1692 3355 ab
1714 3320 1778 3355 eo
1799 3312 2019 3355 matrem
2042 3305 2225 3365 Poeta»,
2246 3305 2450 3369 fingunt

1382 3389 1624 3431 vexatum
1655 3395 1773 3432 eum
1797 3395 1909 3430 esse
1933 3381 2211 3434 Furiarum
2229 3396 2449 3431 occursu

1380 3473 1498 3509 cum
1521 3456 1674 3507 taedis
1694 3457 1886 3523 ubique
1912 3457 2278 3509 minitantium.
2341 3457 2446 3511 Sed

1381 3535 1632 3600 praeclare
1673 3534 1872 3585 Tullius
1915 3527 2013 3599 pro
2052 3535 2174 3585 Sex.
2218 3535 2409 3587 Roscio
2430 3552 2452 3595 :J

1380 3616 1395 3641 ⁸
1418 3612 1599 3664 Nolite
1623 3614 1760 3663 enim
1796 3620 2000 3677 putare,
2023 3615 2122 3667 διο.
2155 3628 2247 3663 sua
2271 3629 2447 3678 quem-

1381 3704 1482 3755 que
1525 3688 1687 3755 fraus,
1729 3699 1786 3740 et
1837 3705 1958 3740 suus
2003 3699 2174 3741 terror
2223 3691 2449 3740 maxime

1382 3773 1574 3828 vexat3
1606 3780 1752 3816 auum
1778 3780 2037 3832 quemque
2068 3767 2238 3819 scelus
2263 3768 2449 3831 agitat,
2550 3827 2555 3831 ¹

1382 3846 1712 3910 amentiaque
1737 3843 1930 3905 afficit;
1966 3859 2073 3893 suae
2096 3845 2331 3908 malignoe
2357 3859 2445 3894 co-

1380 3920 1658 3984 gitationes
1691 3920 2124 3986 conscientiaeque
2159 3922 2315 3971 animi
2347 3929 2455 3971 ter-

1380 4005 1514 4048 rent.
1582 3990 1695 4049 Hae
1727 4006 1848 4048 sunt
1884 3998 2058 4063 impiis
2093 3998 2315 4050 assiduae
2358 3997 2445 4047 do·

1377 4076 1712 4141 mesticaeque
1733 4076 1942 4139 Furias:
1958 4080 2061 4126 dcc.

1440 4151 1459 4197 1
1489 4154 1604 4203 Non
1622 4154 1741 4219 ipse]
1770 4153 2141 4206 Nicomachus.
2193 4151 2442 4217 Fratrem]

1377 4231 1706 4303 Cebalinum.
