2978 4933
2385 371 2515 440 28⁷

300 530 482 596 tibus
505 531 844 600 distributi
868 538 1044 610 sunt,
1074 537 1149 597 ut
1177 530 1390 617 major
1410 539 1433 567 θ
1463 532 1752 616 pristino
1780 538 1958 598 esset
1986 533 2375 618 equitatus:
2414 532 2517 600 in-

298 652 619 717 gensque,
633 638 705 696 ut
724 633 1125 712 crediderat,
1140 640 1345 699 terror
1358 635 1677 714 hostium,
1690 634 1994 706 ducentae
2012 636 2282 702 falcatae
2298 638 2515 721 quad*

297 737 488 819 rigae,
517 736 788 799 unicum
808 736 1073 801 illarum
1104 739 1400 820 gentium
1435 739 1786 817 auxilium,
1806 745 2052 805 secutae
2087 747 2268 810 sunt.
2318 744 2380 810 5.
2402 740 2515 806 Ex

299 858 572 903 summo
595 846 862 904 temone
883 835 906 875 f
928 840 1143 906 hastae
1184 840 1486 926 praefixae
1518 842 1690 905 ferro
1721 842 2135 909 eminebant:
2181 844 2514 930 utrimque

295 962 339 1006 a
360 941 537 1027 jugo
567 950 792 1007 ternos
825 943 1201 1009 direxerant
1228 945 1486 1027 gladios
1512 946 1560 1010 εδ
1583 952 1648 1010 et
1676 945 1845 1024 inter
1873 945 2138 1029 gladios
2163 945 2514 1031 [rotarum]

292 1045 499 1129 plura
529 1045 798 1129 spicula
826 1048 1203 1111 eminebant
1244 1048 1315 1111 in
1345 1047 1697 1113 adversum
1729 1070 1744 1109 ε
1790 1049 1944 1113 aliae
1977 1049 2222 1115 deinde
2252 1049 2512 1115 falces⁸

292 1148 578 1211 summis
628 1155 918 1214 rotarum
974 1150 1251 1213 orbibus
1289 1150 1659 1228 haerebant,
1689 1158 1759 1217 et
1798 1153 1951 1217 aliae
2000 1154 2069 1216 in
2116 1160 2361 1218 terram
2409 1153 2510 1218 di-

289 1246 577 1331 missae3
622 1249 946 1333 quicquid
1001 1250 1278 1316 obvium
1325 1254 1684 1318 concitatis
1717 1257 1928 1339 ‚equis
1959 1255 2221 1335 fuisset,
2267 1273 2514 1341 ampli-⁸.

289 1357 572 1420 taturae..
648 1354 714 1426 6.
764 1353 926 1419 Hoc
977 1354 1179 1429 modo
1213 1356 1561 1428 ⁴instructo
1613 1357 1916 1422 exercitu
1973 1378 2054 1423 ac
2107 1365 2519 1443 perarmato,

288 1455 655 1539 Babylone
709 1459 940 1542 copias
984 1459 1209 1522 movit.
1295 1457 1361 1522 A
1394 1465 1585 1543 parte
1633 1459 1872 1524 dextra
1917 1470 2063 1526 erat
2104 1461 2361 1543 Tigris,
2397 1475 2516 1527 no-

285 1555 461 1622 bilis
513 1558 797 1640 fiuvius3
856 1560 1099 1625 laevam
1146 1561 1407 1644 tegebat
1460 1561 1872 1645 Euphrates:
1919 1583 2162 1647 agmen
2191 1561 2511 1649 Mesopo-

294 1661 536 1756 tamiae
568 1681 843 1747 campos
873 1664 1285 1750 impleverat.
1373 1666 1438 1729 7.
1480 1664 1671 1747 Tigri
1702 1664 1941 1730 deinde
1987 1673 2327 1751 superate,
2354 1685 2512 1733 cum

854 386 970 434 or..
1016 386 1209 436 oxu.
1251 369 1317 435 2.
1390 385 1462 434 A.
1509 386 1628 434 cn.
1676 386 1752 435 N.
1796 370 1946 436 331.

356 1858 392 1897 ‘¹
423 1865 510 1914 Ex
529 1866 849 1931 utraquejuga·
865 1873 1008 1933 parte
1028 1873 1126 1919 tres
1142 1880 1272 1917 enses
1290 1866 1547 1931 affixerant
1563 1865 1768 1917 directos
1789 1871 2074 1919 animm

1213 2011 1494 2035 omnm
1498 2011 1588 2034 “O

279 2113 423 2176 pos't
458 2129 710 2177 ορκον-ψῃ
760 2106 909 2169 Leid.
948 2134 1259 2184 equorumque
1286 2117 1514 2170 donandi.
1564 2113 1706 2167 Pith.
1752 2116 1968 2182 pedibu-5.
2033 2110 2183 2166 Vasa.
2215 2117 2264 2166 ’2.
2303 2105 2515 2166 hostium⁴

278 2184 565 2230 terrun—5
601 2182 833 2232 Florent.
859 2185 1002 2233 Leid.
1026 2180 1175 2235 Voss.
1195 2190 1236 2235 1.
1259 2188 1309 2235 2.
1333 2195 1388 2235 et
1408 2186 1578 2249 Bong.
1601 2182 1816 2249 proefixo.
1881 2184 2030 2233 VosS.
2049 2180 2100 2250 2.
2117 2182 2313 2231 omittit
2333 2183 2517 2240 emine&

276 2244 433 2294 bant.
502 2244 614 2294 Col.
635 2251 771 2309 tergo
796 2263 888 2311 pro
912 2254 1085 2299 ternos.
1149 2250 1382 2300 Florem.
1405 2248 1552 2299 Leid.
1584 2251 1736 2312 Voss.
1762 2253 1805 2296 1.
1825 2254 1874 2297 2.
1898 2248 2030 2300 Dan.
2067 2255 2122 2297 et
2144 2249 2305 2309 Bong.
2329 2248 2514 2297 direxe-

276 2315 391 2359 rat.
466 2310 603 2360 Mer.
622 2312 741 2363 Bas.
761 2321 816 2363 et
848 2313 970 2364 Ald.
992 2315 1200 2377 gladios,
1220 2321 1449 2366 rotarum.
1518 2316 1660 2364 Dan.
1685 2313 1800 2363 Pal.
1827 2317 1874 2363 1.
1898 2314 2064 2377 Bong.
2097 2314 2329 2363 Florent.
2362 2312 2515 2364 Leid.

278 2381 342 2424 et
380 2374 541 2425 Voss.
564 2380 610 2424 1.
633 2381 681 2426 2.
716 2378 909 2440 gladios
930 2380 1060 2429 inter
1080 2383 1241 2431 radios
1256 2388 1470 2432 rotarum
1483 2396 1504 2439 ;
1555 2377 1680 2430 Aldi
1703 2378 2012 2428 membranae
2049 2385 2105 2427 et
2145 2379 2300 2429 Frob.
2320 2378 2512 2440 gladios

276 2446 329 2490 et
355 2440 424 2489 in
443 2442 597 2490 radiis
617 2448 846 2494 rotarum.
911 2445 1063 2496 Voss.
1086 2449 1135 2496 2.
1161 2448 1355 2498 omittit
1375 2449 1535 2513 plura.
1606 2446 1741 2496 Dan.
1767 2446 1999 2495 Florent.
2024 2444 2170 2494 Leld.
2206 2452 2261 2493 et
2281 2444 2431 2494 VosS.
2455 2447 2506 2494 1.

255 2504 446 2567 falce-5
466 2509 741 2566 summissa,
763 2511 1018 2574 probante
1037 2510 1263 2573 Cnnzi03
1316 2514 1469 2564 Voss,
1489 2516 1540 2561 2.
1559 2511 1715 2572 falces
1736 2512 1932 2560 summis
1951 2525 2032 2569 se,-
2084 2511 2193 2560 Col.
2226 2511 2360 2559 Mer.
2387 2510 2512 2558 Bas.

278 2581 341 2620 et
366 2571 531 2622 Frob.
554 2573 818 2626 submitte.
879 2576 985 2626 Pro
1010 2579 1197 2629 orbibus
1219 2580 1454 2628 Floreat.
1480 2577 1645 2640 opibus
1659 2592 1679 2633 ‚·
1729 2578 1880 2626 Voss.
1906 2581 1948 2625 1.
1972 2575 2149 2624 obibus.
2203 2577 2434 2624 Florem·
2454 2574 2509 2622 in

277 2643 464 2696 terrm
516 2638 637 2699 eddg.
663 2647 792 2690 vett.
818 2643 870 2692 in
892 2647 1068 2692 terram
1088 2644 1318 2693 demis-sce.
1369 2640 1483 2692 Pal.
1504 2646 1552 2691 l.
1578 2646 1896 2703 «imputavere.
1964 2640 2218 2689 Videudae
2240 2640 2366 2695 Not.
2381 2640 2509 2699 Var.

278 2702 297 2731 ‘
315 2703 508 2751 Curtii
536 2703 714 2771 rerba,
730 2713 789 2754 ut
811 2722 946 2758 nnnc
959 2711 1228 2772 leguntur,
1247 2722 1329 2758 me
1354 2722 1532 2770 parum
1556 2706 1851 2769 intelligere
1880 2720 1981 2754 non
2003 2704 2244 2754 diffiteor.
2313 2705 2510 2765 Parum

268 2767 488 2831 juvant
512 2768 689 2832 Variae
712 2771 888 2824 Lectt.
957 2768 1126 2824 Locus
1152 2780 1324 2822 tamen
1349 2773 1559 2823 restitui
1583 2772 1776 2836 potest,
1808 2771 1914 2820 sola
1937 2785 2061 2820 voce
2084 2775 2296 2819 rotarum
2317 2771 2513 2833 ejecta,

279 2839 548 2946 tanguam
586 2849 652 2884 ex
688 2850 834 2903 seqq.
869 2841 1005 2888 male
1041 2840 1141 2888 huc
1179 2839 1451 2888 translata.
1532 2837 1748 2886 Scribe:
1785 2845 1832 2885 ει
1873 2838 1998 2885 iuter
2025 2835 2213 2898 gladios
2250 2834 2351 2898 (sic
2385 2834 2513 2884 libri·

282 2898 384 2962 qni
434 2910 518 2946 am
558 2901 743 2964 scripti
788 2919 884 2966 pro
920 2902 1103 2968 radios)
1134 2905 1276 2967 plura
1312 2905 1491 2966 spicula
1527 2902 1792 2951 eminebant
1803 2916 1824 2959 ‚·
1874 2902 1908 2949 i.
1931 2916 1979 2951 e.
2010 2902 2147 2950 inter
2173 2901 2289 2964 jugi
2327 2908 2502 2963 partes

278 2971 583 3021 extremas,
615 2981 679 3015 ex
706 2969 819 3029 ipso
839 2969 969 3033 jugo
992 2970 1132 3018 inter
1164 2985 1320 3031 equos
1356 2971 1556 3018 hostem
1579 2982 1756 3015 versus
1780 2965 2179 3030 prominebant!
2209 2965 2503 3016 Schmieder.

274 3031 387 3078 -6
427 3028 586 3080 Voss.
612 3038 658 3083 1.
684 3034 1061 3100 Babyllvue.—7
1096 3034 1243 3086 Leid.
1264 3043 1319 3085 et
1340 3036 1494 3085 Voss.
1514 3037 1560 3084 1.
1599 3034 1768 3098 Tygri.
1837 3033 1954 3082 Pal.
1976 3036 2024 3082 1.
2055 3037 2289 3095 superata.
2359 3030 2503 3081 Pith.

1286 3183 1506 3236 NOTIE

347 3288 374 3314 Β
415 3277 606 3342 Major]
640 3281 707 3330 Et
728 3281 827 3332 hoc
862 3288 1226 3348 argumentum
1259 3282 1361 3332 erit
1440 3288 1661 3345 utraque
1684 3278 1819 3330 terni
1842 3277 2018 3342 gladii.
2507 3307 2514 3316 ·

273 3361 495 3410 vitiatae
523 3358 571 3407 in
602 3374 929 3410 numerorum
958 3360 1362 3423 notalectiouiS,
1503 3365 1528 3400 8
1563 3355 1748 3418 falces]
1790 3355 1909 3404 Non
1947 3351 2075 3402 satis
2113 3356 2339 3416 apparet
2379 3352 2508 3417 quid

275 3450 411 3500 cap.
442 3436 571 3499 12.§
600 3439 687 3485 13.
1440 3431 1540 3483 sibi
1565 3433 1689 3481 velit
1713 3433 1808 3480 hoc
1845 3430 1960 3479 loco
1985 3429 2233 3479 Curtius:
2269 3443 2365 3479 nec
2387 3431 2504 3493 ipse

348 3511 375 3544 f
412 3512 638 3576 Temone]
668 3513 826 3562 Temo
855 3503 1051 3578 lignum
1082 3520 1163 3564 est
1184 3512 1361 3562 oblon—
1438 3509 1578 3560 forte
1601 3508 1722 3574 quid
1762 3506 2016 3557 scriberet
2057 3507 2184 3555 satis
2224 3505 2509 3570 intellexit,

277 3605 414 3654 gum
440 3588 581 3637 inter
603 3588 731 3638 duos
756 3604 917 3655 equos
940 3590 1185 3652 medium,
1210 3588 1273 3638 ab
1298 3603 1361 3637 eo

273 3668 489 3727 dictae,
514 3665 683 3731 inquit
700 3668 889 3728 Varro,
912 3667 1047 3733 quod
1074 3668 1360 3731 plaustrum

275 3744 403 3793 sive
427 3755 639 3792 currum
671 3750 727 3792 et
751 3744 937 3807 jugum
959 3744 1242 3806 contineat,
1264 3743 1359 3793 boe

275 3828 391 3875 est,
429 3820 654 3869 alterum
696 3820 849 3870 alteri
891 3822 1199 3870 committat.
1264 3820 1360 3872 Ju-

274 3911 410 3959 gum
446 3898 576 3944 vero
614 3897 803 3960 lignum
835 3897 973 3946 aliud
1009 3906 1359 3946 transversum

275 3980 536 4022 extremo
571 3974 765 4023 temoni
794 3975 1141 4036 commissum,
1166 3974 1247 4023 cui
1270 3973 1359 4023 bo-

277 4064 405 4110 ves,
426 4048 568 4113 equi,
585 4049 890 4114 leone8,&c.
915 4051 1244 4114 colligantur.
1279 4052 1362 4100 Ex

276 4141 498 4176 summa
534 4125 849 4190 ignum-hoc
883 4134 984 4190 est,
1013 4136 1250 4177 extrema
1283 4134 1360 4176 te-

275 4203 462 4252 monis
485 4210 634 4265 parte
652 4211 944 4254 antron-sum
966 4203 1230 4254 eminebat
1246 4204 1361 4252 has-

275 4289 343 4330 {a
374 4278 523 4330 ferro
553 4288 786 4344 armata3
822 4295 886 4332 ex
912 4282 1029 4347 jugi
1063 4297 1186 4333 vero
1210 4287 1363 4346 parte

1441 3588 1496 3637 in
1514 3592 1771 3650 apparatu
1794 3583 1981 3633 bellico
2004 3583 2297 3646 pugnisque
2317 3582 2513 3632 deseri·

1442 3663 1624 3714 bendis
1658 3662 1793 3710 haud
1831 3659 2106 3710 admodum
2146 3659 2364 3723 peritus.
2429 3660 2508 3710 Ut

1442 3747 1504 3792 ut
1535 3747 1634 3802 est,
1674 3738 1832 3788 falces
1877 3738 1978 3786 illae
2024 3743 2250 3786 rotarum
2290 3736 2507 3788 orbibus

1442 3817 1610 3867 affixae
1645 3816 1719 3865 sic
1754 3814 2048 3864 debuerunt
2070 3813 2136 3862 ad
2167 3814 2300 3862 latus
2325 3815 2509 3863 utrim-

1439 3909 1541 3959 que
1585 3891 1846 3956 protendi,
1879 3898 1937 3939 ut
1975 3896 2119 3939 motu
2158 3903 2248 3939 suo
2287 3890 2509 3953 amplio-

1441 3985 1570 4031 rem,
1594 3968 1742 4034 q'uam
1777 3967 1903 4034 ipsae
1938 3975 2085 4030 rotae,
2119 3967 2369 4017 circulum
2403 3980 2514 4018 non·

1442 4048 1835 4107 describerent3
1870 4046 2062 4111 alioqui
2095 4046 2235 4094 nullo
2256 4054 2413 4110 pacto
2436 4045 2503 4094 ad

1442 4120 1685 4176 curruum
1707 4132 1896 4175 motum
1921 4121 2301 4174 accommodari
2324 4129 2509 4188 potue·

1444 4212 1582 4254 runi·
