2978 4933
507 420 512 425 -
525 376 659 442 370

518 535 725 621 jussi.
809 538 875 603 ⁹7.
915 536 1073 622 lpse
1102 535 1297 602 tertia
1342 536 1579 620 vigilia
1597 543 1620 572 ·
1671 535 1912 602 castris
1957 536 2164 603 motis
2201 538 2383 605 circa
2419 538 2594 604 lucis
2621 559 2717 605 or-

527 649 669 714 tum
713 648 1143 726 superaverat
1188 639 1577 724 angustiaS‚'
1607 659 1924 725 caesaque
1968 641 2249 706 materia
2294 643 2590 708 cratibus
2607 638 2633 678 f
2657 649 2722 708 et

524 745 771 831 pluteis
814 745 1157 824 faciendiS‚
1189 751 1264 810 ut
1292 745 1410 831 qui
1439 750 1646 809 turres
1674 745 2123 825 admoverent,
2158 750 2346 830 extra
2376 746 2488 811 teli
2514 747 2722 811 ictum

525 854 778 928 essent,
811 849 1082 914 urbemss
1107 848 1414 913 obsidere
1442 848 1678 932 coepit.
1766 847 1846 931 8„
1881 848 2236 932 Praerupta
2256 856 2438 914 erant
2476 850 2720 927 omnia,

527 954 719 1019 saxis
750 961 820 1019 et
845 953 1113 1020 cotibus
1142 952 1498 1037 impedita:
1539 951 1777 1028 multis
1815 971 1973 1036 ergo
2017 951 2405 1018 vulneribus
2435 952 2726 1036 depulsi,

524 1064 604 1120 ut
631 1057 1036 1141 quibus'non
1063 1075 1215 1122 cum
1237 1055 1427 1120 hoste
1457 1054 1698 1131 solum,
1744 1053 1865 1120 sed
1914 1055 2114 1120 etiam
2158 1075 2313 1120 cum
2344 1056 2494 1120 loco
2523 1055 2726 1121 dimi-

1013 394 1079 454 Q.
1125 389 1389 441 cua'rn
1439 389 1621 440 num
1674 390 1818 439 mn.
1871 391 1935 439 v.
1983 391 2148 443 ose.
2189 377 2255 443 3.

409 1154 416 1158 ’
521 1159 811 1230 >candum
840 1164 1040 1236 esset,
1094 1158 1414 1224 subibant
1463 1166 1730 1241 tamen3
1774 1157 1837 1222 9.
1887 1159 2047 1243 quia
2088 1179 2212 1224 rex
2255 1160 2430 1223 inter
2470 1158 2726 1242 primos

523 1263 935 1342 constiterat,
989 1262 1403 1345 interrogans
1436 1282 1453 1328 :
1520 1265 1540 1295 ‘
1568 1267 1670 1327 tot
1719 1260 1985 1326 urbium
2044 1262 2340 1327 victores
2392 1282 2477 1325 an
2526 1259 2727 1346 (non)

522 1365 981 1432 erubescerent
1003 1365 1255 1431 haerere
1286 1366 1356 1431 in
1387 1365 1741 1431 obsidione
1789 1364 2060 1430 castelli
2090 1365 2323 1448 exigui
2371 1372 2438 1429 et
2471 1364 2748 1447 ignobi-·

520 1468 609 1533 lis
630 1468 683 1531 'l'
709 1470 906 1535 simul
926 1469 1073 1554 jam
1102 1470 1265 1536 inter
1286 1470 1433 1536 haec
1452 1470 1717 1536 eminus
1740 1470 2102 1555 petebatur
2122 1490 2140 1551 3
2172 1487 2328 1543 cum
2353 1467 2685 1535 testudine
2701 1464 2726 1502 ¹¹
2831 1553 2847 1564 ἢ

1433 1650 1557 1670 ‘m
1558 1649 1800 1671 NNNNN

521 1767 712 1830 ingredi
731 1770 941 1820 item—7
976 1770 1088 1834 Ipsa
1107 1770 1231 1823 Ald.
1253 1771 1367 1822 solis
1387 1776 1545 1821 ortum
1568 1761 1692 1821 Pau
1710 1775 1757 1821 l.
1788 1775 1980 1833 superat
2002 1769 2150 1821 Voss.
2175 1775 2222 1820 1.
2244 1768 2388 1820 Leid.
2413 1774 2467 1819 et
2487 1766 2726 1816 Floreat.

520 1834 729 1885 turribus
750 1842 798 1885 et
817 1836 993 1901 pluteis
1014 1837 1170 1887 Voss.
1203 1841 1251 1887 2.
1275 1845 1331 1887 et
1355 1852 1473 1887 mox
1496 1855 1511 1888 z
1544 1838 1666 1901 cepit
1689 1838 1971 1895 adntovere3
2007 1836 2120 1885 Pal.
2145 1840 2192 1885 l.
2221 1834 2447 1898 eoeperint
2465 1834 2728 1882 admovere.

520 1899 673 1950 Voss.
698 1905 747 1949 1.
779 1906 827 1951 2.
856 1902 1082 1954 Florent.
1107 1902 1251 1953 Leid.
1277 1909 1333 1952 et
1354 1904 1615 1953 nonnulle
1640 1902 1762 1953 edd.
1788 1909 1918 1952 vetta
1941 1902 2025 1951 teli
2043 1901 2350 1964 jactum—8
2382 1899 2548 1961 Vulgo
2576 1900 2727 1947 omit·

521 1963 654 2014 titur
676 1965 900 2030 impedita
917 1983 938 2026 ,·
971 1968 1125 2019 Voss.
1144 1972 1194 2019 2.
1217 1967 1375 2018 babet
1393 1985 1420 2034 z.
1441 1974 1491 2018 et
1512 1967 1758 2031 impedita.
1793 1967 1911 2017 Pal.
1948 1972 1996 2018 1.
2029 1967 2225 2017 omittit
2256 1968 2487 2027 ergo—9
2519 1963 2647 2013 Bas.
2666 1978 2728 2012 un

517 2044 579 2079 ne
596 2032 935 2083 erubescerent.
1000 2035 1017 2061 ‘
1035 2034 1163 2082 Tres
1188 2048 1364 2098 voces,
1397 2039 1470 2097 tot
1509 2034 1697 2083 urbium
1716 2032 1937 2089 victores,
1953 2032 2110 2097 vulgo
2137 2030 2553 2095 praecedentibus
2570 2029 2727 2093 junc-

517 2101 619 2156 tas,
641 2098 977 2161 sequentibus
1000 2099 1230 2163 adjunxi.
1297 2100 1426 2149 Cum
1451 2099 1631 2148 Medio
1706 2104 1789 2148 ost
1810 2114 1874 2148 uu
1897 2098 2091 2147 inserui
2114 2112 2228 2159 nou,
2251 2096 2341 2145 sed
2368 2095 2489 2159 quia
2511 2109 2618 2143 non
2642 2101 2722 2143 est

518 2174 547 2210 e
571 2161 725 2212 codd.
752 2164 896 2213 uncis
920 2164 1123 2214 inclusi.
1189 2165 1318 2213 Tum
1358 2179 1479 2214 cum
1507 2165 1641 2214 Scbe
1683 2179 1772 2213 ero
1812 2162 2039 2225 praefero
2062 2180 2077 2213 ε
2123 2162 2266 2212 simul
2291 2160 2400 2221 jum
2430 2159 2538 2225 (vel
2579 2160 2724 2209 simul

515 2225 688 2289 etiam)
727 2230 990 2278 admovens.
1056 2229 1196 2278 Inter
1216 2229 1315 2280 koec
1336 2230 1518 2279 eminus
1607 2228 1830 2280 tebutur!
1863 2228 2183 2279 Schmieder.
2250 2224 2422 2276 Bothe
2451 2224 2647 2274 edidit:
2680 2229 2728 2274 et

509 2290 737 2351 »ignobilis
749 2308 767 2350 ‚·
799 2294 943 2346 simul
960 2296 1230 2345 admonens.
1261 2296 1379 2345 dum
1399 2295 1527 2345 inter
1579 2310 1669 2360 ωε,
1689 2298 1785 2358 &cx
1807 2294 2039 2344 Florem.
2061 2292 2210 2343 Leid.
2228 2292 2372 2341 Voss.
2403 2295 2449 2340 l.
2470 2295 2519 2340 2.
2535 2289 2657 2344 Pal,
2679 2294 2725 2339 1.

511 2356 655 2414 Dan.
676 2356 797 2407 Ald.
822 2359 983 2410 Colin.
1008 2359 1210 2423 Gryph.
1231 2359 1358 2409 Bas.
1376 2360 1514 2410 Mer.
1538 2368 1595 2410 et
1617 2361 1730 2411 Col.
1747 2360 1891 2410 simul
1911 2362 2164 2409 admonens
2178 2374 2199 2417 ,·
2232 2355 2548 2414 Frob·.⁸²'m1⁴l
2563 2357 2723 2405 “lm‘'-

513 2435 639 2474 vens.
675 2423 889 2481 Venett.
912 2430 959 2477 1.
975 2428 1022 2475 2.
1044 2425 1190 2476 Leid.
1210 2426 1441 2479 Floreat.
1467 2433 1524 2477 et
1546 2426 1713 2491 Βοῦς.
1739 2424 2120 2486 omittuntjam.
2152 2424 2383 2475 Florent.
2402 2421 2549 2473 Leid.
2565 2422 2723 2474 Voss.

1505 2571 1732 2624 NOTAE

506 2673 510 2677 ’
579 2694 601 2721 ⁶
638 2686 801 2738 Tertia
819 2687 1016 2752 vig-iliu]
1040 2688 1123 2737 De
1146 2672 1352 2752 Vigiliis
1372 2686 1462 2740 lib.
1484 2678 1602 2738 ιιι(
1655 2689 1853 2741 nullum
1886 2694 2004 2739 erat
2041 2695 2234 2739 nostrae
2268 2687 2461 2750 linguae
2500 2684 2722 2735 vocabu·

514 2778 629 2828 cap.
669 2769 717 2815 8.
793 2765 1035 2829 Materia]
1081 2764 1240 2831 Apud
1291 2765 1575 2830 scriptores
1654 2766 1759 2816 lum
1802 2766 1942 2833 quod
1980 2767 2194 2832 propius
2241 2765 2552 2826 accederet;
2578 2777 2721 2814 ⁴cum

512 2840 741 2892 historiae
780 2843 994 2892 Latinos
1030 2844 1234 2894 materia
1270 2844 1575 2910 plerumque
1654 2843 1861 2909 alioqui»
1885 2844 2088 2894 illorum
2123 2850 2297 2894 crates
2331 2856 2436 2891 non
2461 2840 2637 2891 forent
2667 2840 2721 2890 in

513 2932 611 2982 pro
651 2917 851 2982 ‘ligno’
889 2912 1164 2984 accipitur,
1197 2920 1347 2984 cujus
1379 2921 1429 2969 in
1452 2935 1576 2970 cou-

512 2999 773 3065 struendis
812 2998 1077 3062 machinis‚
1116 2998 1377 3063 pontibus,
1416 2999 1575 3050 crati-

511 3074 626 3138 bus,
646 3079 925 3139 ceteroque
947 3085 1199 3141 apparatu
1231 3075 1419 3126 bellico
1453 3091 1573 3128 usus

505 3156 628 3200 est„
795 3192 800 3200 .
1098 3147 1111 3165 ⁸

576 3225 596 3261 f
620 3228 867 3294 Crucibus]
890 3228 1096 3293 Crates,
1119 3244 1185 3279 ex
1208 3227 1467 3280 flexilibus
1489 3244 1572 3280 ar-

509 3305 692 3357 borum
730 3308 885 3357 ramis
909 3313 1188 3370 contextae‚
1214 3314 1320 3357 tum
1353 3307 1418 3357 ad
1442 3309 1570 3359 alios

508 3397 628 3434 usus
646 3384 877 3434 adhiberi
902 3391 1299 3447 consueverant,
1313 3391 1420 3434 tum
1438 3399 1566 3448 prae-

508 3462 687 3511 sertim
720 3477 752 3512 a
789 3461 1037 3512 militibus
1062 3461 1481 3527 praeferebantur
1502 3462 1569 3512 nd

506 3537 757 3602 impetum
773 3539 993 3589 telorum
1008 3539 1407 3590 retundendum.
1447 3538 1570 3590 Plu-

506 3616 619 3681 teis]
653 3617 873 3669 Pluteus
901 3619 1153 3680 machinae
1175 3634 1381 3684 quoque
1406 3633 1568 3683 genus

499 3694 641 3758 erat,
666 3695 794 3746 alias
818 3710 885 3745 ex
907 3695 1157 3761 cratibus,
1177 3697 1301 3746 alias
1326 3711 1393 3746 ex
1419 3696 1569 3764 tabu-

498 3770 589 3834 lis,
609 3772 767 3821 crudo
790 3773 930 3823 corio
954 3780 1173 3839 tectum,
1197 3775 1461 3840 ternisque
1478 3776 1570 3824 im·

505 3850 732 3911 positum
755 3850 965 3913 rotulis;
987 3850 1085 3904 sub
1102 3865 1205 3920 qua
1224 3852 1309 3917 qui
1327 3850 1569 3902 latebant

499 3924 715 3989 milites,
735 3928 835 3976 tuti
850 3927 1145 3978 abhostinm
1162 3928 1439 3979 missilibus
1452 3935 1567 3980 eam

505 4003 741 4065 carpenti
782 4005 947 4054 instar
990 4005 1339 4056 admovebant
1386 4005 1566 4069 muris,

497 4080 589 4127 vel
610 4085 669 4129 ut
691 4081 857 4130 scalas
889 4083 1176 4145 applicare,
1208 4083 1291 4132 vel
1329 4090 1388 4132 ut
1424 4083 1563 4133 aliud

502 4155 748 4220 quiddam
770 4163 971 4208 tentare
995 4166 1221 4223 possent.
1259 4161 1453 4210 Pluteos
1480 4160 1567 4209 In-

503 4238 707 4296 ter-pres
729 4233 959 4284 Gallicus
982 4235 1266 4299 appellavit
1284 4238 1364 4287 des
1384 4243 1565 4288 mante-

459 4366 466 4373 l
501 4309 620 4371 ἱρέες
656 4308 858 4376 Crates,
879 4313 961 4362 des
979 4313 1209 4376 gabions;
1241 4316 1425 4380 opinor
1445 4315 1565 4386 quia

1658 2921 1828 2970 corbis
1843 2922 2048 2971 modum
2065 2920 2240 2984 factae,
2260 2920 2437 2987 quales
2456 2926 2576 2970 suut
2590 2933 2722 2984 quos

1656 2999 1819 3050 nostri
1846 3005 2033 3050 vocant
2050 2998 2267 3062 gobione.
2309 2997 2414 3049 Teli
2434 2996 2605 3061 ictum]
2630 2996 2721 3046 Vi·

1657 3077 1832 3137 delib.
1852 3092 1933 3130 xv.
1958 3094 2078 3145 cap.
2101 3084 2149 3132 2.

1721 3163 1746 3201 ε
1774 3155 1972 3220 Urbem]
1998 3155 2248 3206 Arrianus
2266 3156 2424 3221 paulo
2442 3154 2592 3205 aliter
2612 3167 2722 3203 rem

1654 3240 1846 3285 narrat.
1885 3234 2024 3285 Nam
2048 3249 2147 3286 nec
2170 3235 2326 3286 ullius
2347 3234 2491 3284 urbis
2517 3238 2603 3282 aut
2629 3230 2721 3280 ob-

1653 3311 1866 3361 sidionis
1910 3313 2223 3363 mentionem
2256 3310 2405 3375 facit,
2450 3316 2506 3360 et
2548 3310 2719 3372 ipsum

1653 3389 1870 3452 Regem.
1892 3404 1995 3441 non
2019 3391 2182 3441 solum
2204 3391 2515 3452 Tauronem,
2536 3399 2721 3435 averso

1651 3465 1841 3516 itinere
1855 3467 2109 3517 Uxiorum
2121 3467 2259 3516 vicos
2274 3466 2583 3530 ingressum,
2593 3463 2726 3511 scri-

1650 3543 1749 3605 bit,
1770 3543 1908 3593 uude
1943 3543 2009 3593 ad
2040 3543 2182 3608 ipsas
2217 3543 2484 3608 angustias
2514 3541 2614 3590 iter
2635 3553 2719 3588 re-

1649 3617 1815 3670 flexit.

1714 3693 1738 3730 ¹¹
1765 3696 2042 3761 Testudine]
2063 3696 2316 3759 Testudo,
2337 3701 2516 3761 tor-tue,
2537 3697 2716 3745 notum

1650 3774 1938 3839 auimal‚‘u
1960 3775 2132 3825 testa’
2161 3785 2313 3841 quam
2350 3773 2490 3838 gerit
2527 3784 2715 3833 nomen

1650 3851 1822 3901 habet.
1888 3851 1974 3902 Ab
2002 3851 2148 3916 hujus
2186 3849 2525 3901 similitudine
2549 3854 2714 3897 testu·

1648 3929 1822 3980 dinem
1859 3928 2034 3980 facere
2070 3928 2199 3979 dicti
2233 3935 2353 3978 sunt
2386 3925 2592 3986 milites,
2608 3924 2715 3988 ‘qni

1647 4007 1901 4057 consertis
1934 4006 2096 4057 scutis
2128 4010 2369 4070 tegerent
2392 4017 2503 4052 sese
2526 4000 2708 4050 adver-

1647 4098 1731 4133 sus
1752 4083 1978 4148 lapidum
2003 4082 2284 4131 aliorumve
2314 4081 2533 4130 telorum
2554 4079 2706 4126 ictus.

1647 4160 1715 4210 de
1754 4162 1897 4224 cnjus
1936 4159 2078 4208 vario
2118 4173 2213 4208 usu
2257 4155 2540 4220 formisque
2585 4152 2704 4203 vide

1647 4240 1877 4305 Lipsium
1916 4240 1968 4292 in
2002 4230 2230 4290 Poliorc.
2264 4237 2357 4289 lib.
2389 4250 2426 4287 ι.
2476 4233 2610 4289 Dial.
2651 4237 2702 4282 ³.

1614 4306 1704 4367 'et
1725 4320 1774 4368 8.
