2978 4933
758 444 768 454 ,
859 397 977 452 οι..
1022 396 1210 446 exn.
1254 381 1323 450 3.
1401 398 1475 445 A.
1523 397 1643 446 cu.
1691 398 1763 450 N,
1806 380 1955 454 329.
2007 461 2015 467 ,
2383 384 2515 454 ,549

313 558 432 607 nes
483 540 853 625 transfuga,
892 541 1215 626 praesidio
1263 540 1723 610 Macedonum
1765 541 1939 608 inde‘
1971 542 2265 627 dejecte,
2309 548 2515 612 muris

313 645 502 712 urbis
526 645 673 729 ejus
702 645 1062 711 incluserat
1091 664 1165 710 se
1187 666 1203 710 z
1222 654 1249 694 Ρ
1291 645 1470 712 baud
1504 644 1865 729 oppidanis
1895 646 2253 710 consilium
2284 646 2509 712 defec-

314 748 518 816 tionis
538 751 1062 833 approbantibus
1087 770 1122 814 ι·
1148 749 1260 814 25.
1288 750 1485 833 sequi
1505 756 1723 814 tamen
1748 748 2165 827 videbantur,
2186 736 2343 833 quia
2363 769 2516 833 pro·

310 848 545 927 hibere
574 871 709 916 non
738 857 1061 935 poterant.
1139 850 1412 918 Interim
1443 851 1835 917 Alexander
1866 851 1953 916 ad
1971 852 2236 918 Tanain
2255 873 2519 919 amnem

313 952 503 1033 redit,
533 960 621 1032 et,
652 961 976 1037 quantum
1006 954 1138 1019 soli
1170 960 1674 1038 occupaverant
1705 956 1967 1033 castris»,
2002 974 2196 1020 muro
2232 956 2518 1021 circum-

312 1055 521 1122 dedit.
614 1073 742 1121 nx,
797 1058 1172 1123 stadiorum
1192 1066 1219 1105 ‘¹
1273 1058 1461 1121 urbis
1511 1077 1737 1122 murus
1778 1057 1908 1124 fuit
1939 1080 1955 1122 :
2011 1057 2186 1123 hanc
2258 1078 2522 1143 quoque

314 1160 543 1226 urbem
600 1163 623 1194 ‘
649 1158 1134 1226 Alexandriam
1162 1159 1179 1185 '
1232 1160 1562 1243 appellari
1586 1153 1831 1245 jussit.
1917 1161 2028 1227 26.
2076 1161 2275 1246 Opus
2323 1168 2521 1227 tanta

315 1260 665 1326 celeritate
701 1255 1069 1346 perfectum
1105 1267 1227 1342 est,
1259 1270 1338 1326 ut·
1365 1262 1629 1327 decimo
1660 1263 1947 1346 septimo
1980 1261 2115 1341 die,
2141 1263 2277 1347 qua
2307 1260 2521 1327 muni-

243 1436 250 1441 ·
315 1369 542 1428 menta
565 1353 863 1430 excitata
885 1373 1099 1441 erant,
1126 1372 1311 1430 tecta
1335 1385 1610 1449 quoque
1633 1366 1815 1429 urbis
1839 1365 2366 1457 absolverentur.
2410 1366 2519 1430 27.

315 1465 560 1550 Ingens
578 1468 866 1533 militum
895 1477 1222 1534 certamen
1245 1470 1414 1533 inter
1434 1470 1625 1554 ipsos
1645 1468 1889 1547 fuerat,
1914 1474 1991 1532 ut
2011 1487 2204 1533 suum
2233 1467 2521 1552 quisque
2589 1554 2597 1560 ἡ

316 1587 579 1648 monne,
631 1568 820 1656 (nam
866 1571 1162 1636 divisum
1207 1567 1412 1654 erat,)
1454 1573 1709 1653 primus
1757 1571 2168 1636 ostenderet.
2259 1571 2513 1636 Incolae

315 1690 511 1737 novae
544 1674 692 1738 urbi
719 1673 860 1739 dati
890 1675 1196 1758 captivi:
1220 1694 1388 1758 quos
1409 1674 1667 1739 reddito
1699 1674 1915 1756 pretio
1947 1673 2242 1737 dominis
2273 1675 2515 1738 libera-

316 1774 450 1850 vit,
504 1794 790 1857 quorum
844 1776 1099 1860 posteri
1144 1794 1321 1841 nunc
1372 1763 1637 1859 quoque
1685 1774 1979 1840 nondum
2011 1775 2191 1859 apud
2231 1796 2348 1841 eos
2383 1782 2520 1841 tam

313 1874 516 1958 longa
543 1885 743 1944 aetate
774 1885 1049 1965 propter
1076 1881 1458 1968 memoriam
1489 1876 1866 1943 Alexandri
1897 1877 2371 1943 exoleverunt.-

410 1996 537 2044 vn.
582 1982 644 2045 1.
693 1981 852 2048 Rex
898 1983 1322 2064 Scytharum,
1370 1981 1563 2067 cujus
1610 1987 1753 2048 tum
1802 1982 1973 2049 ultra
2000 1983 2263 2049 Tanain
2308 1983 2524 2067 impe·

314 2082 487 2146 rium
518 2089 682 2157 crat,
724 2092 910 2150 ratus
951 2106 1100 2151 eam
1137 2087 1393 2165 urbem,
1427 2105 1628 2170 quam
1657 2087 1729 2151 in
1758 2086 1907 2170 ripa
1939 2085 2158 2150 amnis
2190 2083 2523 2150 Macedo·
2568 2116 2577 2124 ·

305 2203 442 2249 nes
491 2186 956 2267 condiderant,
1001 2190 1144 2253 suis
1189 2190 1578 2274 impositam
1620 2188 2215 2268 esse'cervicibuS,
2248 2189 2523 2254 fratrem

316 2286 657 2371 Cartasim
686 2292 951 2356 nomine
993 2312 1144 2357 cum
1186 2312 1428 2375 magna
1457 2279 1762 2377 equitum
1792 2313 1992 2357 manu
2023 2292 2211 2356 misit
2254 2295 2275 2325 ‘
2299 2291 2386 2357 ad
2421 2291 2523 2356 di·

313 2392 639 2457 ruendam
670 2413 843 2473 eam,
872 2396 1235 2481 proculque
1276 2415 1472 2461 amne
1513 2397 2032 2462 summovendae
2066 2391 2525 2462 Macedonum

317 2497 583 2580 copias·
688 2498 752 2565 2.
799 2498 1207 2565 Bactrianos
1252 2501 1555 2566 'Danais'¹
1615 2503 1703 2573 ab
1754 2501 2045 2587 ScythiS,
2089 2520 2262 2585 quos
2314 2499 2525 2563 Euro-

1231 2638 1601 2673 deeeneeeeee

314 2747 534 2814 omittit,
566 2746 676 2796 inde
708 2744 905 2809 deiecto.
972 2749 1130 2798 Voss.
1149 2754 1197 2799 1.
1229 2755 1314 2799 aut
1336 2749 1633 2813 oppidania„
1669 2750 1901 2798 Florent.
1927 2747 2268 2797 concilim—25
2302 2744 2455 2794 Voss.
2476 2747 2525 2794 1.

316 2811 518 2862 omittit
536 2815 599 2861 ad
636 2820 758 2861 ante
786 2810 1001 2877 Tanaim,
1025 2822 1080 2864 et
1099 2829 1219 2864 mox
1242 2814 1419 2875 habet,
1440 2815 1601 2864 urbem
1625 2815 1918 2864 Alexandria
1933 2829 1954 2871 ,-
1989 2812 2112 2860 Ald.
2134 2810 2298 2859 urbem
2315 2811 2528 2859 Alexan-

308 2878 645 2927 dreion—26
678 2878 832 2928 Voss.
854 2883 903 2928 2.
943 2885 1084 2942 quota
1103 2881 1284 2929 decima
1303 2895 1357 2930 oe
1377 2881 1491 2939 die,·
1522 2881 1675 2930 Voss.
1698 2884 1745 2929 1.
1779 2888 1835 2928 et
1866 2877 1986 2928 Ald.
2022 2877 2082 2927 Χ
2087 2875 2208 2927 VII.
2231 2875 2310 2925 die
2324 2891 2346 2934 ,·
2383 2875 2526 2925 Pith.

316 2943 533 2992 XVIII.
555 2942 651 3002 die,
673 2942 768 2992 sed
792 2942 839 2992 Ι.
863 2945 1281 3008 semiexecalpto.
1348 2945 1589 2995 Florent.
1622 2943 1772 2995 Leid.
1805 2945 1974 3006 Bong.
2011 2948 2060 2992 1.
2095 2941 2250 2991 Frob.
2274 2940 2447 2989 Amet.
2470 2946 2530 2991 et

314 3008 481 3072 Lngd.
517 3012 660 3072 quam
688 3008 995 3071 munimenta,
1017 3009 1157 3074 quod
1180 3009 1383 3075 recepit
1405 3010 1610 3069 Botbe;
1643 3010 1789 3058 Voss.
1806 3013 1859 3059 2.
1887 3008 2047 3058 excita
2063 3009 2348 3057 mna—27
2374 3004 2528 3057 Voss.

307 3077 367 3133 2.
416 3073 632 3138 omittit‚
664 3072 793 3123 iuter
833 3073 974 3138 ipsos.
1042 3076 1272 3125 Floreat.
1306 3075 1494 3141 primus
1528 3074 1837 3140 offenderent.
1909 3072 2078 3123 Paulo
2118 3076 2255 3137 post,
2281 3072 2452 3135 Βοῦς.
2477 3075 2526 3122 l.

312 3146 371 3188 et
392 3138 546 3190 Voss.
568 3142 619 3188 2.
657 3138 904 3188 omittunt
941 3142 1165 3202 nondum,
1188 3155 1286 3205 pro
1314 3155 1416 3208 quo
1447 3141 1680 3190 Florent.
1721 3139 1871 3189 Leid.
1893 3139 2048 3189 Voss.
2077 3142 2120 3188 1.
2160 3138 2302 3186 Dan.
2341 3137 2528 3186 Paul.

314 3202 437 3253 And.
462 3203 629 3253 Colin.
651 3204 853 3267 Gryph.
879 3205 1028 3255 Frob.
1052 3206 1188 3255 Mer.
1211 3206 1335 3256 Bas.
1357 3214 1414 3256 et
1438 3207 1553 3256 Col.
1575 3206 1769 3255 habent
1787 3220 1898 3255 non.
1950 3204 2100 3252 Voss.
2124 3207 2173 3253 2.
2211 3201 2332 3250 Ald.
2352 3201 2524 3251 Colin-

313 3267 524 3332 Gryph.
563 3270 630 3317 al.
669 3270 979 3326 exoluerunt,-
1013 3271 1161 3321 Voss.
1187 3276 1233 3321 1.
1268 3273 1581 3322 exsolverent.
1638 3271 1867 3321 Florem.
1895 3269 2042 3318 Leid.
2067 3267 2258 3318 Fauch.
2279 3271 2335 3315 et
2356 3266 2528 3328 Βοῦς.

311 3337 366 3383 1.
392 3335 709 3383 exoleverunt.
1224 3378 1230 3383 .
2502 3353 2506 3360 ’

381 3402 410 3446 1
446 3399 678 3448 Florent-
700 3397 848 3450 Leid.
871 3398 1027 3448 Voss.
1050 3404 1100 3451 2.
1131 3406 1187 3454 et
1211 3400 1378 3463 Βοῦς.
1413 3399 1484 3452 At
1505 3414 1593 3449 rex
1605 3414 1627 3458 ,-
1681 3399 1833 3449 Vose.
1859 3402 1907 3447 l.
1947 3397 2016 3446 Ut
2036 3411 2146 3445 rex.
2176 3408 2179 3411 ’
2210 3394 2362 3445 Voss.
2387 3397 2440 3443 2.
2471 3393 2528 3442 in

291 3463 360 3523 ,ν’
488 3463 660 3515 amnis.
730 3464 963 3526 Florent.
1003 3464 1154 3514 Leid.
1186 3465 1359 3528 Βοῦς.
1381 3462 1552 3514 Amet.
1588 3469 1645 3513 et
1679 3464 1845 3525 Lugd.
1889 3461 2195 3519 Carthasim3
2229 3459 2346 3508 Am.
2371 3458 2529 3508 Frob·

379 3542 455 3591 er.
475 3530 588 3579 Col.
614 3537 667 3579 et
690 3530 812 3578 Bas.
839 3529 1148 3585 Chorcmime
1180 3528 1346 3578 codex
1370 3528 1584 3589 Raderi,
1606 3529 1898 3578 Carchaoim.
1965 3528 2195 3576 Floreat.
2213 3526 2274 3574 ad
2295 3523 2528 3587 diripien-

310 3591 459 3652 κίστης
494 3593 645 3644 Voss.
672 3600 718 3644 1.
742 3603 796 3644 et
817 3595 983 3650 Βοῦς.
1008 3600 1058 3645 1.
1079 3595 1410 3658 dirupendam.
1459 3593 1584 3644 Ald.
1609 3594 1779 3643 Colin.
1807 3592 2009 3654 Gryph.
2035 3592 2148 3641 Col.
2169 3591 2307 3640 Mer.
2331 3595 2387 3639 et
2409 3590 2528 3638 Bao.

290 3660 379 3707 ”ad
418 3661 884 3711 &mummius—2
920 3661 1153 3711 Floreat.
1194 3659 1345 3710 Leid.
1379 3660 1533 3709 Voss,
1557 3664 1604 3709 1.
1627 3663 1676 3709 2.
1710 3659 1846 3709 Dan.
1880 3658 2049 3722 Βοῦς.
2089 3656 2204 3705 Pal.
2236 3660 2293 3728 ¹·-
2314 3662 2371 3704 et
2403 3655 2528 3704 Bae.

313 3808 374 3837 ,‚.
777 3804 778 3807 π
1151 3778 1154 3779 ἢ
1308 3789 1534 3844 No‘rAE

377 3897 405 3932 Ρ
439 3889 703 3940 Incluserot
732 3888 806 3954 se]
840 3888 972 3939 Inde
999 3895 1173 3940 tamen
1195 3891 1380 3941 Mace·
1460 3889 1619 3940 uariis
1641 3888 1863 3940 Graecis=
1885 3858 2235 3937 habitandam
2253 3884 2454 3944 tribuit,
2477 3890 2536 3936 et

304 3966 505 4018 'donum
529 3964 853 4031 praesidium,
870 3966 1005 4030 quod
1032 3966 1083 4015 ἰῦ
1104 3981 1280 4017 arcem
1299 3981 1381 4018 re·
1460 3966 1694 4016 finitimis
1730 3966 1984 4027 barbarie,
2009 3963 2195 4027 quibus
2218 3977 2313 4012 oua
2346 3969 2533 4025 sponte

310 4035 539 4109 fugerat,
561 4041 853 4106 obsidebat,
878 4042 1103 4094 Arriano
1129 4052 1279 4095 teste.
1463 4056 1528 4093 eo
1567 4039 1942 4106 commigrandi
1974 4039 2213 4091 voluntas
2240 4036 2373 4100 fuit3
2404 4050 2531 4087 non-

271 4150 276 4155 ·
375 4128 402 4164 (Ι
438 4120 560 4172 LX.
602 4119 886 4185 stadiorum]
940 4121 1157 4187 Septem
1201 4120 1383 4173 millia·
1463 4120 1619 4170 nullis
1654 4118 1814 4169 etiam
1841 4115 2221 4167 Macedonibus
2254 4115 2343 4181 qui
2363 4114 2532 4179 inepti

312 4198 444 4249 rium
467 4211 583 4248 cum
608 4197 903 4261 quingentis
927 4198 1175 4262 passibus.
1331 4222 1334 4227 ·
1462 4197 1605 4248 bello
1627 4193 1816 4246 erant.’‹

379 4280 399 4311 Υ
432 4274 648 4339 Captivi]
688 4273 959 4340 Arrianae,
994 4277 1010 4305 ⁴
1034 4291 1147 4327 eam
1186 4291 1384 4329 merce·
1531 4284 1556 4312 ⁸
1586 4275 1873 4328 Bactrianos
1894 4273 2093 4338 Τακαίε]
2115 4271 2264 4323 Idem
2287 4285 2450 4336 error,
2471 4275 2530 4320 ut
