2978 4933
867 377 983 428 οι..
1030 375 1218 427 oxu.
1262 363 1327 428 3.
1399 379 1473 428 A.
1522 375 1644 429 en.
1690 373 1765 430 n.
1807 363 1960 430 329.
2396 361 2527 431 575

319 528 532 595 cessit
554 529 796 608 anime,
827 534 1127 593 naturam
1166 520 1435 612 quoque
1479 519 1858 611 fatigandi!
1941 529 2004 592 5.
2050 527 2249 598 Prius
2282 535 2528 610 tamen,

317 654 517 717 quam
547 634 885 699 fortunam
916 633 1291 699 obsidionis
1323 633 1765 717 experiretur,
1810 631 2093 716 Cophan
2120 640 2144 668 ⁰
2172 630 2202 717 (
2212 633 2527 700 Artabazi

315 725 428 801 hic
457 737 641 801 filius
672 743 845 819 erat)
873 737 1060 802 misit
1097 737 1186 802 ad
1235 738 1590 816 barbaros,
1641 737 1760 822 qui
1809 737 2138 810 suaderet,
2173 741 2290 801 ‘ut
2330 738 2527 802 dede-

316 846 464 903 rent
510 836 785 924 rnpem.'
872 833 1221 905 Arimazes
1250 840 1410 905 loco
1439 840 1651 905 fretus
1700 841 1984 925 superbe
2013 841 2224 905 multa
2251 858 2524 925 respon-

318 942 463 1007 dit:
509 940 597 1005 ad
621 942 950 1021 ultimum,
980 947 1105 1008 ‘an
1136 942 1522 1008 Alexander
1550 944 1783 1010 volare
1825 943 2104 1028 possit,'
2148 946 2526 1027 interrogat.

316 1037 381 1111 6.
428 1043 605 1124 Quae
650 1047 951 1111 nuntiata
992 1048 1134 1130 regi
1176 1048 1276 1111 sic
1311 1046 1677 1113 accendere
1723 1049 2047 1127 animum,
2078 1053 2152 1112 ut
2180 1048 2525 1124 adhibitis,

205 1206 216 1212 ,
318 1170 476 1215 cum
533 1151 784 1236 quibus
837 1152 1216 1216 consultare
1277 1158 1421 1216 erat
1474 1153 1738 1230 solitus,
1806 1153 2138 1218 indicaret
2187 1157 2206 1189 ‘
2237 1154 2528 1217 insolen-

317 1253 484 1318 tiam
531 1256 823 1332 barbari,
870 1254 1200 1320 eludentis
1243 1254 1461 1339 ipSOS,
1513 1257 1671 1340 quia
1715 1273 1969 1341 pennas
2015 1276 2147 1321 non
2193 1255 2526 1323 haberent.

319 1357 409 1421 Se
467 1367 694 1424 autem
753 1362 1064 1445 proxima
1106 1364 1300 1425 nocte
1351 1351 1768 1439 effecturum,
1824 1367 1898 1425 ut
1942 1359 2248 1426 crederet
2293 1360 2528 1426 Mace·

317 1458 529 1525 dones
560 1463 763 1528 etiam
796 1464 1051 1530 volare.
1136 1463 1204 1527 7.
1247 1460 1669 1542 TrecentOS,'
1700 1463 1937 1547 inquit,
1969 1468 1988 1498 ‘
2010 1464 2526 1547 pernicissimos

307 1561 595 1647 juvenes
625 1586 711 1631 ex
755 1568 896 1632 suis
946 1566 1237 1651 quisque
1277 1566 1503 1650 copiis
1550 1565 1903 1653 perducite
1950 1565 2037 1630 ad
2084 1557 2213 1645 me,
2258 1567 2377 1651 qui
2408 1588 2529 1653 per

320 1669 529 1733 calles
553 1678 625 1735 et
643 1691 837 1756 paene
862 1672 1081 1754 invias
1104 1690 1308 1755 rupes
1330 1670 1514 1736 domi
1540 1689 1795 1755 pecora
1818 1690 2009 1753 agere
2031 1668 2531 1735 consueverint!

317 1772 379 1837 8.
425 1772 539 1838 Illi
571 1778 975 1857 praestantes
1005 1781 1075 1839 et
1103 1774 1379 1839 levitate
1408 1793 1766 1859 corporum
1796 1779 1861 1837 et
1889 1773 2124 1838 ardore
2159 1775 2530 1839 animorum

318 1880 579 1942 strenue
614 1878 997 1942 adducunt:
1044 1897 1218 1962 quos
1267 1877 1529 1941 intuens
1576 1897 1717 1956 rex,
1765 1875 2235 1954 ‘Vobiscum‚’
2284 1877 2527 1960 inquit,

319 1984 341 2014 ‘
366 1999 407 2043 o
448 1979 738 2064 juvenes
770 1985 840 2045 et
872 1980 1001 2044 mei
1047 1980 1370 2064 aequaleS‚
1410 1980 1673 2044 urbium
1701 1980 2099 2044 invictarum
2130 1985 2286 2045 ante
2313 1982 2529 2045 muni-

316 2091 551 2148 menta
588 2084 936 2168 superavi3
980 2083 1303 2147 montium
1323 2082 1495 2167 juga
1539 2085 1811 2167 perenni
1842 2083 1999 2147 nive
2033 2084 2276 2147 obruta
2304 2101 2529 2147 emen-

315 2207 437 2251 sus
469 2206 659 2269 sum;
721 2187 1074 2270 angustias
1110 2187 1375 2252 Ciliciae
1398 2189 1425 2225 ‘¹
1468 2187 1709 2252 intravi
1735 2208 1781 2267 ς’
1816 2186 2036 2251 Indiae
2072 2187 2214 2252 sine
2252 2188 2530 2252 lassitu-

320 2289 480 2355 dine
511 2291 648 2355 vim
679 2290 945 2373 frigoris
989 2311 1135 2356 sum
1164 2310 1580 2376 perpessus;
1628 2296 1697 2356 et
1734 2293 1866 2355 mei
1898 2292 2309 2355 documenta
2334 2291 2527 2355 vobis

315 2392 494 2474 dedi,
539 2401 606 2460 et
649 2395 857 2460 vestri
900 2395 1144 2460 habeo.
1229 2391 1293 2460 9.
1342 2394 1566 2474 Petra,
1611 2414 1813 2480 quam
1844 2394 2118 2473 videtiS‚
2147 2413 2351 2457 unum
2385 2394 2529 2458 adi-

233 2483 238 2487 ’
319 2504 462 2561 tum
492 2499 711 2577 habet,
738 2519 936 2583 quem
965 2500 1234 2566 barbari
1267 2500 1582 2565 obsident
1620 2520 1639 2580 3
1671 2505 1884 2564 cetera
1914 2498 2291 2581 negligunt:
2325 2500 2528 2563 nullae

320 2602 564 2685 vigiliae
597 2609 772 2681 sunt,
804 2605 936 2669 nisi
966 2625 1123 2689 quae
1148 2612 1374 2670 castra
1403 2610 1629 2669 nostra
1650 2608 2004 2686 spectant:
2038 2602 2143 2666 10.
2174 2601 2529 2666 invenietis
2582 2644 2585 2649 ,

384 2778 407 2812 ¹³
439 2781 698 2833 Subur-tum
719 2789 790 2833 est
807 2783 1093 2835 desiderium
1110 2784 1352 2834 vincemioe
1374 2785 1520 2835 etiam
1540 2787 1729 2834 natura
1753 2782 1859 2832 loci.

1243 2931 1274 2949 Ο

319 3034 417 3078 ——5
457 3024 592 3078 Edd.
618 3029 797 3095 vulgg.
819 3037 939 3080 ante
972 3030 1207 3080 Freinsh.
1238 3030 1466 3094 Cophen,-
1523 3029 1753 3079 Florent.
1794 3026 1943 3077 Leid.
1983 3026 2134 3075 Voss.
2174 3028 2219 3076 l.
2248 3029 2298 3076 2.
2339 3025 2455 3075 Pal.
2482 3029 2530 3077 1.

319 3093 446 3145 Ald.
466 3095 635 3144 Colin.
656 3094 861 3161 Gryph.
885 3103 940 3145 et
964 3097 1099 3146 Mer.
1122 3097 1331 3160 Cophan.
1401 3096 1555 3144 Voss,
1577 3100 1624 3145 1.
1645 3095 1810 3154 fretus
1827 3092 2041 3157 superbie
2058 3108 2078 3151 ‚·
2127 3093 2279 3142 Voss·
2301 3095 2350 3141 2.
2381 3093 2428 3154 f.
2452 3108 2533 3140 su-

314 3159 519 3224 perbim-
554 3161 790 3211 Pion-ent.
815 3161 984 3224 Bong.
1009 3167 1059 3212 2.
1085 3169 1140 3212 et
1164 3161 1365 3222 pith-s.
1392 3162 1639 3224 superbiae.
1695 3161 1858 3222 Bong.
1878 3164 1921 3209 ι.
1944 3163 1993 3208 2.
2012 3160 2168 3207 volare
2189 3159 2332 3208 etiam
2349 3158 2499 3220 possit
2512 3173 2531 3213 ;

320 3225 412 3274 sed
438 3226 489 3274 in
514 3226 684 3291 Bong.
711 3231 757 3276 1.
782 3236 1076 3277 correctum
1098 3234 1288 3290 posset,-
1323 3234 1378 3276 et
1401 3228 1475 3275 sic
1499 3227 1729 3275 Florent.
1751 3225 1898 3274 Leid.
1923 3232 1978 3273 et
2003 3224 2149 3271 Voss.
2174 3229 2220 3272 1.
2247 3224 2337 3271 sed
2365 3222 2532 3270 Amst.

321 3297 379 3338 et
406 3290 569 3354 Lugd.
607 3292 751 3342 etium
782 3294 938 3342 volare
971 3293 1241 3355 possin—6
1275 3294 1464 3353 Vulgg.
1503 3292 1624 3342 edd.
1658 3299 1779 3339 ante
1815 3288 2046 3338 Freinsh.
2090 3288 2339 3336 illudentis
2374 3289 2534 3350 ipsos,-

321 3355 554 3407 Florent.
577 3357 725 3408 Leid.
745 3360 893 3407 Voss.
920 3362 965 3406 1.
990 3362 1040 3406 2.
1076 3357 1196 3406 Pal.
1222 3361 1271 3406 1.
1300 3360 1435 3407 Dan.
1461 3356 1582 3405 Ald.
1606 3357 1775 3406 Colin.
1799 3354 2002 3417 Gryph.
2037 3353 2176 3401 Mer.
2201 3359 2273 3414 et¹
2292 3351 2415 3399 Bas.
2436 3353 2534 3400 elu-

320 3421 480 3471 dentis
499 3423 643 3486 ipsos.
680 3423 913 3473 Floreat.
936 3420 1084 3472 Leid.
1111 3423 1260 3471 Voss.
1280 3425 1328 3472 1.
1353 3429 1406 3471 et
1424 3422 1586 3483 Bong.
1603 3426 1654 3470 2.
1678 3421 1795 3485 quia,
1807 3421 1995 3484 pinnas.
2048 3419 2196 3466 Voss.
2209 3421 2258 3465 2.
2285 3424 2341 3465 et
2363 3417 2533 3479 Bong.

319 3490 342 3535 1
357 3521 370 3535 .
393 3492 449 3535 ut
469 3491 826 3538 crederent.—7
860 3490 1012 3537 Voss.
1038 3492 1083 3537 2.
1103 3488 1301 3537 omittit
1320 3487 1673 3552 pernicissimos
1684 3503 1705 3545 ,·
1739 3487 1882 3535 Leia.
1904 3486 1955 3533 in
1980 3497 2145 3546 marg.
2168 3491 2223 3531 et
2249 3481 2369 3531 edd.
2391 3495 2530 3546 qnae-

322 3551 442 3602 dam
479 3553 915 3616 perniciosissimos.
980 3554 1215 3603 Florent.
1239 3554 1387 3604 Leid.
1411 3555 1562 3601 Voss.
1589 3557 1638 3603 1.
1660 3557 1708 3601 2.
1745 3552 1863 3601 Pal.
1903 3556 1958 3599 et
1990 3550 2131 3598 Dan.
2165 3552 2533 3606 consueverant,-

321 3617 463 3668 Mer.
487 3625 938 3669 consueverunt—8
971 3620 1109 3669 Mer.
1141 3619 1394 3682 nobiscum,
1430 3619 1604 3683 inquit.
1672 3618 1820 3666 Voss.
1846 3621 1894 3665 2.
1933 3615 2133 3665 omittit
2168 3620 2216 3662 et
2248 3621 2369 3662 ante
2405 3612 2534 3669 mei,-

322 3682 447 3732 Am.
471 3689 520 3734 et
539 3696 628 3734 me.
695 3685 842 3735 Mod.
878 3690 989 3735 ante
1011 3700 1082 3736 me
1103 3685 1409 3734 munimenta.
1476 3686 1628 3732 Voss.
1649 3687 1697 3732 2.
1725 3682 1921 3731 omittit
1943 3681 2065 3730 nive.
2133 3681 2270 3727 Mer.
2291 3679 2394 3728 sine
2417 3677 2529 3726 luti-

320 3749 504 3801 tudine.
570 3751 726 3801 Voss.
773 3755 821 3800 2.
857 3751 1051 3800 omittit
1072 3752 1206 3807 vim,·
1251 3749 1367 3801 Pal.
1392 3755 1439 3799 1.
1471 3751 1568 3799 vim
1600 3749 1818 3798 videlicet
1827 3747 2056 3807 frigoris.
2123 3744 2270 3794 Mod.
2309 3744 2533 3807 aliaeque

322 3813 446 3864 edd.
470 3823 590 3866 ante
616 3816 850 3867 Freinsh.
872 3822 921 3865 et
944 3822 1102 3866 vestra
1122 3817 1387 3867 nubem—9
1419 3816 1566 3865 Voss.
1587 3818 1636 3866 2.
1652 3814 1852 3879 omittit
1873 3814 2017 3862 uulloe
2033 3828 2081 3861 v.
2101 3816 2231 3860 sunt.
2299 3810 2533 3860 Freinsh.

1316 3961 1538 4014 1⁵:0⁹1*AE

389 4071 413 4098 ⁶
466 4062 685 4128 Cophen]
761 4061 980 4114 Arriano
1039 4064 1055 4092 ‘
1077 4061 1390 4128 Cophenes,'
1470 4064 1553 4112 10.
1620 4058 1728 4112 Mei
1771 4057 1980 4120 docum]
2029 4056 2167 4106 Meae
2212 4052 2535 4103 fortitudinis

319 4141 410 4192 lib.
434 4154 520 4191 m.
567 4162 574 4165 ·
1468 4138 1753 4202 specimina
1776 4137 1919 4186 vobis
1942 4133 2086 4197 dedi,
2119 4140 2306 4183 vestrae
2329 4140 2535 4194 quoqne

388 4218 413 4253 ‘¹
449 4216 661 4281 Cilicia]
715 4216 833 4267 Lib.
876 4231 963 4267 111.
1005 4229 1123 4280 cap.
1156 4220 1206 4266 4.
1244 4222 1302 4266 et
1338 4220 1387 4266 7.
1470 4231 1503 4265 a
1525 4215 1673 4267 vobis
1697 4213 1894 4279 accepi.

325 4293 505 4357 Indice]
539 4295 705 4359 Supra
720 4308 836 4358 cap.
860 4298 908 4342 8.
930 4299 984 4343 et
1011 4294 1102 4344 lib.
1123 4307 1248 4345 vm.
1271 4308 1387 4358 cap.
