2978 4933
936 432 1056 480 οι..
1101 430 1292 481 exn.
1335 416 1403 481 3.
1478 431 1554 479 A.
1596 431 1722 483 cn.
1767 431 1839 482 u.
1880 415 2033 482 329.
2089 404 2115 432 '
2449 417 2580 485 565

367 577 751 643 novimus&
799 576 1075 661 quinon
1104 581 1483 644 reverentur
1503 576 1827 654 bomineS‚
1856 576 2102 643 fallunt
2134 578 2340 644 Deos,
2430 578 2579 643 Nec

368 680 491 743 tibi
509 682 742 746 *amico
765 701 940 765 opus
963 686 1090 759 est,
1112 679 1195 744 de
1213 679 1405 763 cujus
1429 679 1899 744 benevolentia
1924 679 2215 745 dubites.
2300 680 2408 745 30.
2453 679 2582 745 Ge*

368 787 579 864 terum
623 805 748 850 nos
797 790 864 850 et
906 782 1100 850 Asiae
1149 791 1221 849 et
1270 783 1563 866 Europae
1596 782 1912 848 custodes
1943 782 2261 848 habebis:
2298 783 2579 862 Bactra,

368 883 504 948 nisi
534 885 793 952 dividat
838 887 1125 966 TanaiS,
1158 886 1606 969 contingimus
1628 893 1694 951 :1’
1738 885 1919 951 ultra
1961 886 2221 951 Tanain
2249 905 2462 970 usque
2491 886 2579 951 ad

368 987 734 1055 Thraciam
753 991 1075 1057 colimus:
1120 990 1433 1056 Thraciae
1468 990 1946 1055 Macedoniam
1971 989 2398 1074 conjunctam
2424 1008 2579 1055 esse

368 1091 551 1157 fama
583 1101 713 1159 est.
803 1092 1092 1179 Utrique
1121 1094 1401 1177 imperio
1430 1101 1552 1158 tuo
1583 1092 1928 1172 finitimOS‚
1958 1093 2186 1159 hostes
2219 1113 2306 1158 an
2328 1092 2581 1158 amicos

371 1196 538 1261 velis
569 1217 741 1276 esse,
775 1197 1163 1263 considera.’
1251 1197 1429 1264 Haec
1458 1199 1807 1263 barbarus·

462 1316 573 1363 rx.
619 1302 681 1364 l.
727 1301 976 1367 Contra
1018 1320 1141 1367 rex
1193 1306 1215 1335 ‘
1240 1301 1512 1367 fortuna
1562 1322 1689 1367 sua
1732 1308 1802 1367 et
1855 1300 2158 1366 consiliis
2200 1318 2470 1366 suorum
2503 1320 2578 1365 se

261 1437 266 1441 ·
370 1422 643 1467 usurum
671 1403 855 1469 esse’
883 1404 1276 1490 respondet,
1318 1409 1340 1438 ‘
1373 1406 1551 1484 [nam
1585 1412 1652 1471 et
1694 1404 2057 1482 fortunam,
2111 1405 2222 1469 cui
2266 1403 2584 1480 confidat,

374 1513 447 1571 et
469 1508 820 1573 consilium
846 1503 1300 1588 suadeatium,
1329 1526 1415 1571 ne
1446 1508 1611 1592 quid
1639 1514 1882 1573 temere
1910 1516 1978 1572 et
2001 1507 2323 1573 audacter
2348 1507 2584 1585 faciat,

371 1617 759 1676 secuturum
775 1609 824 1691 ³]
867 1612 933 1677 2.
965 1611 1391 1697 dimissisque
1421 1612 1685 1696 legam,
1713 1614 1780 1676 in
1810 1616 2227 1696 praeparatas
2260 1616 2440 1676 rates
2461 1629 2582 1675 ex-

371 1713 649 1778 ercitum
700 1715 1045 1799 imposuit.
1136 1714 1218 1778 In
1263 1716 1478 1799 proris
1528 1714 1878 1799 clypeatus
1925 1715 2307 1793 locaverat3
2349 1713 2584 1797 jussos

266 1881 270 1885 ,
374 1817 399 1848 ‘
426 1814 495 1878 in
540 1835 763 1899 genua
808 1817 1183 1897 subsidere,
1232 1837 1370 1904 quo
1418 1818 1698 1885 tutiores
1749 1824 1978 1883 essent
2030 1816 2353 1882 adversus
2406 1815 2582 1882 ictus

437 1994 454 2028 ¹
486 1996 674 2049 Nostra
693 1999 863 2064 religia
880 2000 1188 2067 infidelitate
1206 2002 1374 2077 posita
1392 2007 1484 2051 est.

1305 2144 1664 2166 ‘malm

372 2246 509 2324 coqj·
540 2246 624 2310 qui
651 2252 814 2311 pacta,
846 2247 1102 2312 probante
1123 2250 1446 2302 Schmieder.
1483 2251 1622 2328 Mer.
1644 2250 1726 2313 φη·
1748 2263 1833 2298 aas
1852 2247 2328 2298 revenrentia—30
2353 2243 2586 2294 Florent-

370 2312 530 2428 3253.
543 2311 1021 2430 V‘issss.{;.{·13?5¹:
1043 2315 1359 2432 Euam.
1387 2310 2589 2443 akussayat¹3²³1affizssszss⁰÷zms:

370 2443 568 2493 collibus
581 2459 601 2503 ‚·
636 2443 785 2496 Leid.
808 2445 954 2496 Voss.
978 2450 1027 2498 1.
1049 2450 1098 2498 2.
1134 2448 1271 2499 Dan.
1307 2448 1420 2499 Pal.
1444 2451 1494 2499 1.
1518 2447 1706 2498 Venet.
1731 2447 1926 2497 Veron.
1951 2445 2089 2495 Mer.
2114 2443 2235 2494 Bao.
2263 2441 2383 2492 Ald.
2407 2439 2581 2491 Colin.

373 2508 582 2573 Gryph.
607 2516 663 2558 et
686 2510 801 2560 Col.
838 2514 900 2561 ad
941 2513 997 2563 T.
1032 2514 1245 2563 collibus.
1312 2514 1546 2564 Florent-
1570 2513 1717 2573 Leid.
1745 2507 1896 2562 Vbss.
1920 2516 1968 2562 1.
2006 2518 2062 2561 et
2097 2510 2268 2573 Bong.
2291 2507 2432 2568 sama
2462 2505 2589 2566 fert.

371 2573 520 2625 Mod.
545 2574 688 2624 delet
709 2581 798 2627 est.
869 2576 1020 2627 Voss.
1041 2582 1091 2628 2.
1129 2579 1327 2629 omittit
1349 2585 1431 2628 tao
1454 2585 1577 2628 ante
1597 2578 1859 2643 finitimos.
1925 2578 1941 2603 ‘
1966 2575 2216 2640 Speciosa
2252 2572 2461 2638 quidem
2493 2569 2588 2620 sed
2676 2578 2679 2583 ·

375 2652 482 2754 2⁰1¹:
527 2641 822 2754 ngcessaria
869 2649 954 2692 est
1003 2657 1184 2694 eorum
1235 2644 1542 2707 conjectura
1577 2643 1664 2709 qui
1717 2645 1955 2706 utrimque
2004 2639 2201 2704 imperia
2242 2642 2323 2687 tua
2372 2631 2601 2701 legunt.'=

418 2719 444 2752 c
476 2719 569 2752 mre
602 2721 674 2756 er.

443 2774 469 2819 1
507 2770 737 2821 Floreut.
763 2770 909 2822 Leid.
931 2774 1082 2823 Voss.
1107 2777 1156 2822 1.
1180 2779 1235 2823 et
1258 2775 1495 2839 plerique
1535 2773 1655 2823 edd.
1684 2778 1731 2823 et
1752 2772 1962 2823 consiliis
1981 2784 2173 2828 eoram3
2208 2767 2323 2818 Pal.
2348 2772 2397 2816 1.
2437 2765 2591 2817 Voss.

372 2838 423 2884 2.
459 2835 596 2883 Mer.
636 2842 690 2886 et
725 2835 896 2887 Amst.
919 2844 969 2887 et
999 2839 1207 2888 consiliis
1239 2853 1449 2889 suorum.
1520 2840 1669 2889 Voss.
1694 2843 1743 2887 2.
1775 2854 1888 2887 nam
1921 2843 1967 2887 et
1989 2836 2211 2895 fortuna.
2277 2832 2394 2882 Pal.
2419 2835 2482 2881 1.·
2486 2829 2591 2895 flat

374 2914 471 2964 pro
492 2899 670 2960 faciat.
736 2900 754 2928 ‘
770 2902 1067 2952 Schefferus
1093 2904 1384 2969 principio:
1422 2919 1648 2954 »ramesse
1667 2904 1976 2964 cesar-tunam
1995 2901 2221 2965 legit‚et
2238 2897 2297 2947 τὸ
2318 2902 2592 2948 secuturum

372 2971 618 3030 tanquam
657 2980 723 3014 ex
753 2967 927 3029 glossa
962 2970 1239 3033 superioris
1274 2985 1324 3019 se
1364 2984 1556 3019 usuram
1587 2976 1766 3019 natum
1802 2969 1964 3018 delet.
2031 2966 2223 3016 Melius
2250 2963 2590 3013 Heumannus

374 3030 550 3080 omnia
594 3030 765 3087 delet:
802 3047 913 3081 nam
956 3039 1004 3084 et
1033 3034 1668 3096 fortunam...secuturum.·
1703 3032 2045 3082 manifestum*
2110 3031 2269 3095 uippe
2313 3030 2590 3094 glossema,

376 3096 607 3161 priorum
644 3097 914 3147 verborum
949 3101 1288 3165 paraphrasin
1324 3102 1599 3150 continens
1633 3100 1758 3149 satis
1785 3100 2040 3164 jejunam,
2095 3096 2311 3160 rigidam
2335 3096 2591 3159 ineptam·

413 3160 514 3211 ue.'
533 3161 925 3214 &husteden—2
948 3166 1101 3215 Voss.
1123 3171 1174 3215 2.
1205 3167 1258 3215 in
1279 3172 1576 3232 proeparatas
1596 3180 1740 3216 naves
1760 3181 1804 3215 e.
1827 3164 2046 3229 imponit.
2103 3163 2338 3212 Florent.
2361 3167 2418 3210 et
2442 3156 2592 3209 Leid.

410 3243 439 3277 n
452 3226 632 3291 prieris
642 3243 664 3287 ,·
687 3229 842 3279 Voss.
859 3233 906 3280 1.
933 3231 1183 3295 Improris.
1219 3232 1370 3282 Voss.
1387 3237 1438 3282 2.
1461 3233 1724 3295 reliquerat
1744 3247 1839 3297 pro
1858 3232 2092 3281 locaverat
2105 3227 2414 3290 flasse-mue,-
2439 3222 2589 3275 Leid.

1376 3378 1595 3429 No'rAE

443 3500 471 3535 Ρ
502 3494 686 3544 Baetra
706 3492 946 3558 coming]
968 3493 1108 3545 Vide
1130 3509 1248 3559 cap.
1262 3499 1312 3545 7.
1358 3495 1446 3544 Uz-

376 3577 457 3621 tra
494 3570 715 3635 Tanaim]
750 3572 840 3622 Cis
876 3572 1088 3621 Tanaim
1129 3572 1238 3622 sive
1267 3570 1447 3620 Iaxar-

376 3655 487 3698 tem
508 3654 662 3699 erant
689 3663 804 3699 eum
838 3649 950 3700 haec
980 3650 1236 3700 dicerent.
1308 3650 1447 3699 Utri-

376 3725 489 3791 que]
519 3726 661 3776 Alias
681 3726 932 3791 utrimque.
986 3727 1120 3778 Haec
1144 3735 1316 3778 autem
1339 3742 1445 3777 om·

378 3802 467 3851 nia
490 3801 567 3853 sic
590 3801 835 3854 dicuntur
870 3820 901 3854 a
927 3805 1108 3855 Curtio
1136 3805 1282 3869 quasi
1317 3819 1446 3855 unus

377 3878 620 3944 idemque
643 3880 714 3929 sit
735 3879 969 3932 Iaxartes
992 3896 1054 3931 ac
1086 3895 1236 3932 verus
1256 3883 1444 3945 Tanais

379 3957 607 4022 Europae
646 3966 701 4008 et
739 3958 883 4009 Asiae
927 3960 1094 4023 limes,
1136 3975 1342 4026 unaque
1375 3961 1445 4011 nit

380 4034 557 4100 reipsa
591 4035 860 4086 Thraciam
897 4038 1037 4089 inter
1081 4045 1137 4089 et
1178 4039 1443 4090 Iaxartem

379 4113 549 4176 natio,
568 4114 703 4163 sicut
723 4129 828 4165 nno
850 4113 868 4142 ‘
882 4114 1191 4182 Scytharum
1205 4115 1221 4140 ’
1242 4117 1445 4167 nomine

374 4190 864 4255 comprehenditur:
888 4208 1007 4242 cum
1028 4201 1228 4244 certum
1245 4194 1313 4244 sit
1333 4195 1445 4259 plu-

381 4267 537 4317 rimas
560 4283 675 4318 esse
694 4269 845 4334 locis,
866 4271 1113 4334 moribus,
1132 4271 1445 4323 nominibus-

378 4360 481 4410 que
503 4345 800 4398 discretas.'
841 4347 955 4399 Hos
976 4347 1185 4415 quidem
1209 4349 1449 4414 Scythas,

1526 3491 1832 3559 quibuscum
1866 3500 1950 3540 res
1972 3486 2275 3539 Alexandro
2306 3484 2426 3548 fuit,
2451 3485 2595 3534 Mas·

1526 3577 1733 3635 sagetas
1757 3582 1872 3621 esse
1888 3567 2229 3632 conjiciebam
2251 3581 2316 3615 ex
2339 3565 2597 3615 Strabone

1528 3649 1620 3699 lib.
1640 3660 1720 3698 xi.
1746 3647 1764 3675 ‘
1787 3645 2100 3710 Scytharum
2117 3644 2206 3708 qui
2226 3658 2256 3691 a
2280 3640 2468 3706 Caspio
2489 3656 2595 3691 ma·

1531 3727 1572 3776 ri
1598 3722 1889 3789 incipiunt,'
1902 3722 2092 3786 inquit,
2110 3723 2126 3749 ‘
2141 3719 2306 3771 Dahae
2329 3718 2596 3783 appellan-

1528 3810 1643 3853 tur:
1670 3800 1879 3850 Orienti
1902 3798 2178 3849 viciniores
2195 3796 2514 3860 Massagetae
2537 3802 2596 3846 et

1525 3879 1710 3931 Saeae.'
1776 3872 1904 3929 Cum
1945 3889 2069 3938 ergo
2111 3888 2208 3924 nec
2248 3874 2414 3924 Dahae
2448 3879 2594 3923 trans

1528 3958 1791 4007 Iaxartem
1830 3952 2005 4003 forent
2037 3951 2245 4016 (saltem
2291 3951 2380 4000 illa
2420 3949 2595 4016 parte)

1527 4049 1626 4085 nec
1648 4032 1792 4084 Sacis
1815 4031 2006 4081 bellum
2030 4044 2149 4080 cum
2166 4027 2464 4079 Alexandro
2482 4027 2596 4078 fue·

1528 4110 1616 4174 rit,
1650 4107 1902 4161 credibile
1925 4112 2005 4156 est
2021 4106 2342 4169 Massagetas
2358 4104 2491 4154 solos
2510 4103 2596 4154 hic

1527 4191 1723 4241 debere
1779 4184 2031 4249 iutelligI:
2098 4183 2167 4235 de
2212 4182 2397 4250 quibus
2447 4180 2596 4247 plura

1525 4272 1620 4324 lib.
1643 4283 1769 4320 vm.
1791 4281 1906 4333 cap.
1932 4269 1980 4316 1.
