2978 4933
717 427 834 475 ot..
881 400 1070 479 c'xn.
1113 413 1181 477 2.
1256 426 1325 477 A.
1373 425 1496 478 cn.
1551 426 1623 477 Ν.
1670 410 1820 481 330.
2247 413 2375 484 403

131 643 144 651 ,
180 576 247 637 et
272 591 657 657 quanquam
685 591 948 639 movere
977 577 1204 636 castra
1251 575 1596 649 statuerat,
1623 568 1906 636 turbatis
1958 575 2181 640 tamen
2234 596 2375 642 om·

178 676 354 739 nium
401 674 662 753 animiS,
691 675 928 740 eodem
982 674 1052 738 in
1090 675 1245 739 loco
1287 673 1629 740 substitit:
1677 672 1798 738 sed
1829 674 2146 741 attonitus
2176 699 2379 745 moes-

179 775 329 841 titia
355 776 552 840 simul
577 783 647 840 et
665 775 1147 860 desperatione,
1174 776 1603 841 tabernaculo
1626 796 1700 841 se
1718 776 2006 841 inclusit.
2058 777 2164 842 14.
2196 779 2375 864 Ergo

181 876 246 941 in
277 876 543 955 castriS,
575 895 732 960 quae
757 877 1008 942 nullius
1040 879 1436 960 regebantur
1461 878 1774 961 imperio,
1802 880 1968 944 varii
1999 880 2376 948 animorum

181 984 394 1044 motus
419 985 641 1059 erant3
672 996 794 1044 nec
823 978 894 1044 in
922 999 1300 1057 commune,
1333 985 1408 1045 ut
1435 988 1663 1059 antea,
1684 982 2177 1049 consulebatur.
2267 985 2374 1049 15.

183 1082 342 1147 Dux
365 1081 756 1150 Graecorum
777 1083 1056 1149 militum
1079 1083 1374 1149 Patronss
1402 1087 1424 1119 ‘
1447 1104 1633 1149 arma
1664 1098 1904 1169 capere
1923 1084 1940 1111 ’
1969 1104 2136 1150 suos
2158 1085 2379 1169 jubet,

184 1188 203 1218 ‘
230 1190 636 1269 paratosque
664 1205 815 1250 esse
856 1186 945 1251 ad
991 1186 1456 1271 exequendum
1499 1185 1901 1272 imperium.'
1991 1188 2100 1253 16.
2148 1187 2379 1253 Persae

183 1293 639 1354 secesserant:
670 1289 930 1354 Bessus
959 1311 1113 1356 cum
1131 1291 1518 1356 Bactrianis
1548 1296 1728 1372 erat3
1759 1289 2195 1374 tentabatque
2222 1288 2394 1354 Per-'

185 1409 296 1456 sas
314 1390 674 1469 abducere,
693 1396 712 1425 ‘
729 1392 1002 1471 Bactra,
1020 1398 1089 1459 et
1104 1393 1375 1458 intactae
1394 1390 1681 1476 regionis
1698 1392 2134 1477 opulentiam,
2150 1391 2384 1457 simul-

186 1512 310 1576 que
337 1513 492 1577 quae
521 1495 944 1560 manentibus
995 1496 1322 1562 instarent
1363 1494 1712 1583 pericula,’
1761 1501 2128 1561 ostentans.
2218 1495 2387 1560 Per-

186 1613 404 1660 sarum
433 1597 725 1661 omnium
756 1597 996 1663 eadem
1024 1597 1167 1664 fere
1198 1598 1327 1666 fuit
1353 1617 1518 1677 vox,
1541 1594 1583 1632 “
1602 1597 1791 1663 nefas
1819 1617 1975 1663 esse
2023 1596 2242 1663 deseri
2283 1617 2387 1662 re·
2496 1628 2505 1635 e

188 1697 374 1780 gem.'
426 1700 537 1765 17.
567 1699 752 1765 Inter
770 1700 918 1766 haec
935 1698 1324 1766 Artabazus
1351 1701 1658 1766 omnibus
1676 1698 2130 1784 imperatoriis
2156 1699 2386 1783 funge-

187 1801 379 1866 batur
407 1799 685 1866 officiis:
717 1803 830 1867 ille
860 1803 1224 1868 Persarum
1249 1802 2081 1880 tabemacula'circumire,
2109 1803 2386 1883 hortari,

187 1922 444 1968 monere
489 1923 665 1968 nunc
716 1905 1038 1988 singuloS‚
1068 1924 1245 1971 nunc
1299 1907 1678 1984 universoS,
1725 1924 1863 1971 non
1908 1911 2061 1971 ante
2098 1906 2399 1986 destitit,

193 2025 388 2089 quam
448 2006 622 2071 satis
681 2013 1043 2088 constaret,
1090 2009 1423 2093 imperata
1472 2008 1789 2073 facturos.
1876 2006 2065 2072 Idem
2115 2022 2287 2091 aegre
2347 2027 2391 2075 a

193 2105 400 2175 Dario
429 2107 838 2191 impetravit,
868 2113 890 2145 ‘
909 2115 983 2175 ut
1011 2110 1239 2176 cibum
1269 2115 1550 2194 caperet
1581 2109 2009 2193 animumque
2038 2110 2316 2192 regisse!

205 2252 212 2256 -
269 2226 345 2279 x.
389 2210 453 2275 1.
546 2209 643 2275 At
681 2211 942 2277 Bessus
992 2217 1059 2279 et
1109 2211 1547 2278 Nabarzanes
1584 2210 1743 2276 olim
1797 2212 2118 2295 agitatum
2166 2212 2392 2279 scelus

195 2316 433 2398 exequi
484 2318 820 2393 statuunt,
872 2316 1056 2400 regni
1107 2314 1484 2399 cupiditate
1535 2313 1844 2379 accensi:
1908 2314 2137 2379 Dario.
2169 2321 2394 2381 autem

195 2417 508 2484 incolumi
537 2422 954 2504 tantas-opes
998 2438 1265 2505 sperare
1310 2439 1439 2485 non
1484 2423 1815 2504 poterant.
1901 2416 1966 2483 2.
2011 2414 2289 2503 Quippe
2328 2420 2397 2485 in

196 2522 323 2587 illis
350 2521 658 2606 gentibus
687 2538 913 2605 regum
933 2522 1189 2588 eximia
1215 2522 1536 2608 majestas
1560 2528 1709 2585 est:
1742 2518 1831 2585 ad
1862 2511 2105 2585 nomen
2123 2540 2395 2604 quoque

198 2624 452 2691 barbari
481 2624 893 2693 conveniunt
914 2643 934 2705 3
965 2628 1033 2688 et
1049 2624 1355 2708 pristinae
1377 2621 1717 2688 veneratio
1741 2620 2027 2687 fortunae
2054 2622 2355 2705 sequitur
2371 2630 2401 2659 ⁸

260 2783 293 2827 s
305 2788 375 2838 Et
394 2788 583 2849 regiam
602 2788 915 2840 constantiam
933 2789 1205 2838 resumeret.

1115 2905 1477 2939 eueeeeeeeeb

203 3006 327 3050 rent.
349 3001 503 3053 Leid.
524 3007 579 3052 et
593 3002 749 3053 Voss.
770 3005 818 3052 1.
840 3007 895 3053 ut
913 3006 1025 3052 unte
1040 3002 1516 3052 commatum-15
1552 2998 1676 3050 Ald.
1700 2997 1855 3059 ,Patro
1866 3013 1887 3056 ‚·
1923 2998 2074 3048 Voss.
2094 2997 2140 3049 1.
2159 3005 2216 3049 et
2228 2985 2402 3068 ‘Bongs

203 3068 250 3114 2.
284 3065 496 3122 Quaero..
550 3068 669 3116 Pal.
707 3071 755 3117 l.
790 3068 855 3117 ud
886 3067 1373 3132 obsequendum—16
1405 3066 1554 3118 Idem
1586 3064 1754 3115 codex
1774 3078 1890 3115 cum
1916 3065 2026 3114 Elz.
2047 3063 2262 3129 aliisque
2285 3063 2405 3114 edd.

206 3136 325 3179 vett.
342 3132 525 3181 Persas
542 3134 788 3183 adducere.
855 3131 1085 3183 Florent.
1105 3132 1255 3183 Leid.
1279 3132 1425 3181 Voss.
1461 3135 1510 3182 1.
1546 3136 1595 3181 2.
1626 3129 1795 3194 Bong.
1825 3129 1948 3178 alii:
1983 3130 2221 3193 opulenta.
2286 3128 2406 3180 Pal.

209 3199 252 3243 1.
286 3202 341 3247 et
359 3197 517 3248 Voss.
550 3200 602 3247 2.
639 3197 887 3247 omittunt
917 3213 1023 3261 ‘1¹⁴2’
1055 3207 1181 3247 ante
1212 3196 1530 3247 manentibus.
1591 3197 1741 3246 Voss.
1770 3199 1820 3244 2.
1844 3195 2029 3243 instare
2044 3194 2407 3258 pericula—1?

207 3258 431 3313 Florent.
455 3277 545 3313 nec
565 3278 659 3311 aon
677 3268 820 3320 untef
851 3262 966 3314 Pal.
994 3267 1039 3313 1.
1062 3277 1186 3313 nune
1205 3268 1353 3321 unte3
1386 3264 1539 3313 Voss.
1556 3265 1606 3311 2.
1623 3276 1718 3310 non
1737 3264 1850 3309 ante
1871 3259 2065 3309 desistit
2086 3274 2132 3321 q.
2155 3272 2196 3308 s.
2219 3262 2405 3308 consta-

209 3338 275 3386 re,
291 3333 348 3377 et
367 3342 526 3378 mox:
560 3327 697 3376 Idem
717 3334 766 3378 et
783 3344 816 3378 a
837 3327 1011 3377 Dario.
1075 3328 1313 3379 Freinsh.
1333 3327 1437 3391 legi
1451 3327 1642 3391 jussitz
1678 3340 1762 3375 nec
1786 3329 1898 3373 ante
1917 3323 2122 3387 destitit,
2143 3326 2225 3386 ξε.
2293 3322 2406 3372 Flo-

211 3399 334 3441 rent.
364 3393 516 3444 Leid.
552 3391 709 3443 Voss.
744 3398 793 3443 1.
825 3396 875 3444 2.
913 3394 1050 3443 Dan.
1079 3392 1179 3442 Ed.
1219 3407 1299 3457 pr.
1330 3393 1551 3442 Venett.
1575 3392 1769 3440 Veron.
1806 3390 1955 3439 Rom.
1980 3388 2102 3438 Vet.
2141 3397 2228 3436 an.
2259 3385 2411 3438 1474.

211 3453 351 3506 Junt.
373 3457 499 3509 Ald.
522 3458 691 3509 Colin.
715 3458 919 3522 Gryph.
938 3458 1062 3507 Bas.
1086 3456 1238 3509 Frob.
1262 3458 1397 3508 Mer.
1419 3463 1476 3507 et
1499 3457 1610 3507 Col.
1632 3457 1928 3517 animumque
1947 3454 2077 3514 regis
2096 3454 2363 3502 adverteret
2384 3467 2405 3511 ,-

212 3519 321 3570 Pal.
342 3525 389 3572 1.
413 3531 470 3573 et
492 3522 638 3573 Pith.
657 3522 955 3587 animumque
973 3524 1105 3584 regis
1122 3527 1372 3572 averteret.
1403 3521 1544 3572 Vide
1565 3521 1696 3572 Not.
1717 3520 1844 3570 Var.
2376 3581 2389 3594 ·

274 3588 301 3633 1
344 3587 419 3637 At
454 3589 632 3639 Bessus
667 3593 715 3637 et
751 3588 918 3637 Novas
937 3589 1089 3637 Voss.
1121 3593 1167 3639 1.
1201 3588 1316 3637 olim
1347 3587 1674 3650 excogitatum
1700 3585 1854 3634 Voss.
1885 3587 1936 3632 2.
1969 3582 2109 3648 regni
2138 3597 2181 3630 c.
2212 3585 2413 3632 accam

215 3647 539 3704 Hereum—2
573 3654 709 3703 Mer.
736 3652 790 3702 in
816 3654 913 3702 illis
941 3653 1217 3703 habentibus
1241 3667 1443 3716 regnum
1469 3652 1661 3702 eximie
1688 3648 1968 3714 majestatis.
2038 3654 2053 3676 ‘
2073 3647 2212 3699 Quid
2236 3661 2415 3723 quaeso

216 3714 321 3767 baec
352 3718 514 3769 verba
553 3717 741 3779 Curtii,
769 3720 834 3768 ad
860 3733 1045 3781 nomen,
1075 3720 1157 3781 ἃμ.
1194 3718 1294 3768 sibi
1328 3719 1546 3768 volunt?
1612 3715 1754 3766 Num
1774 3713 1959 3763 mirum
1984 3719 2075 3763 aut
2099 3711 2416 3788 notatudng-

218 3792 331 3831 num
354 3788 488 3845 erat,
508 3784 699 3834 Persas
719 3785 785 3833 ad
805 3798 974 3833 nomen
995 3784 1151 3847 tegis,
1167 3783 1222 3832 h.
1254 3798 1300 3833 e.
1332 3784 1762 3848 quotiescumque
1796 3778 2001 3829 nomine
2025 3778 2158 3839 regis
2173 3778 2310 3842 jussi
2334 3792 2416 3827 es·

220 3852 347 3912 sent,
365 3848 699 3900 convenisse?
762 3847 1011 3899 Officium
1035 3859 1182 3899 suum
1212 3849 1305 3898 tali
1329 3847 1577 3912 obsequio
1598 3845 1867 3907 fecissent,
1891 3858 1990 3894 nec
2013 3844 2288 3909 quicquam
2310 3858 2419 3893 am·

220 3911 367 3973 plius.
435 3914 513 3964 Ut
546 3914 789 3965 eximiam
827 3928 1011 3978 regum
1047 3915 1098 3964 in
1128 3911 1231 3962 illis
1260 3913 1503 3978 gentibus
1530 3909 1834 3963 ostenderet
1852 3909 2182 3972 ‘majestatem
2207 3905 2418 3959 Curtius

223 3983 357 4027 certe
378 3979 546 4043 aptius
567 3978 1044 4045 significantiusque
1066 3977 1384 4042 scripserat:
1417 3980 1480 4028 aa
1498 3991 1691 4037 numen,
1707 3975 1759 4025 h.
1775 3988 1825 4045 e.
1841 3974 1908 4023 ad
1930 3981 2130 4024 nutum.
2164 3972 2250 4024 Cf.
2268 3974 2418 4037 Vir-g.

226 4038 332 4092 AEn.
353 4056 390 4093 1.
417 4049 529 4095 137.
552 4052 607 4096 et
634 4047 788 4097 Lucr.
812 4058 905 4095 ιιι.
931 4042 1061 4095 1453
1098 4043 1247 4094 (ἔψη.
1311 4044 1463 4093 Voss.
1487 4047 1540 4093 2.
1563 4043 1781 4103 fortune
1801 4040 2057 4090 omnmo.
2118 4040 2238 4091 Pal.
2279 4043 2328 4090 1.
2362 4044 2422 4089 et

1211 4157 1433 4211 NOTAE

288 4261 313 4297 t
350 4256 554 4323 Patron]
609 4259 785 4310 Paron
828 4257 968 4324 apud
1004 4255 1282 4312 'Attianum
1425 4261 1452 4293 ⁸
1485 4251 1737 4320 Sequitur]
1802 4252 1925 4304 Non
1961 4249 2128 4301 minor
2165 4254 2245 4299 est
2283 4248 2425 4313 apud

232 4330 432 4399 legitur,
454 4336 596 4404 itque
621 4337 894 4392 Pbocaeus.
1364 4345 1455 4385 eos
1494 4348 1674 4401 regum
1715 4343 1927 4384 suorum
1964 4323 2228 4379 veneratio
2260 4324 2314 4376 in
2336 4326 2427 4376 ad·
