<?xml version="1.0" encoding="UTF-8"?>
<!DOCTYPE html PUBLIC "-//W3C//DTD XHTML 1.0 Transitional//EN"
    "http://www.w3.org/TR/xhtml1/DTD/xhtml1-transitional.dtd">
<html xmlns="http://www.w3.org/1999/xhtml" xml:lang="en" lang="en">
 <head>
  <title>
</title>
<meta http-equiv="Content-Type" content="text/html;charset=utf-8" />
  <meta name='ocr-system' content='tesseract 3.04.00' />
  <meta name='ocr-capabilities' content='ocr_page ocr_carea ocr_par ocr_line ocrx_word'/>
</head>
<body>
  <div class='ocr_page' id='page_1' title='image "./quinticurtiiruf03rufugoog_0405.png"; bbox 0 0 2978 4933; ppageno 0'>
   <div class='ocr_carea' id='block_1_1' title="bbox 2381 364 2516 433">
    <p class='ocr_par' dir='ltr' id='par_1_1' title="bbox 2381 364 2516 433">
     <span class='ocr_line' id='line_1_1' title="bbox 2381 364 2516 433; baseline -0.015 0"><span class='ocrx_word' id='word_1_1' title='bbox 2381 364 2516 433; x_wconf 82' lang='lat'><strong>361</strong></span> 
     </span>
    </p>
   </div>
   <div class='ocr_carea' id='block_1_2' title="bbox 263 522 2517 1335">
    <p class='ocr_par' dir='ltr' id='par_1_2' title="bbox 263 522 2517 1335">
     <span class='ocr_line' id='line_1_2' title="bbox 305 522 2515 611; baseline 0 -20"><span class='ocrx_word' id='word_1_2' title='bbox 305 525 615 592; x_wconf 88' lang='lat' dir='ltr'><strong>lodorum</strong></span> <span class='ocrx_word' id='word_1_3' title='bbox 646 524 930 611; x_wconf 89' lang='lat' dir='ltr'><strong>reliquit.</strong></span> <span class='ocrx_word' id='word_1_4' title='bbox 1011 523 1151 590; x_wconf 89' lang='lat' dir='ltr'><strong>His</strong></span> <span class='ocrx_word' id='word_1_5' title='bbox 1190 524 1324 590; x_wconf 89' lang='lat' dir='ltr'><strong>dno</strong></span> <span class='ocrx_word' id='word_1_6' title='bbox 1366 523 1579 587; x_wconf 90' lang='lat' dir='ltr'><strong>millia</strong></span> <span class='ocrx_word' id='word_1_7' title='bbox 1622 522 1923 608; x_wconf 84' lang='lat' dir='ltr'><strong>peditum</strong></span> <span class='ocrx_word' id='word_1_8' title='bbox 1970 523 2091 589; x_wconf 88' lang='lat' dir='ltr'><strong>dat</strong></span> <span class='ocrx_word' id='word_1_9' title='bbox 2131 544 2284 589; x_wconf 91' lang='lat' dir='ltr'><strong>cum</strong></span> <span class='ocrx_word' id='word_1_10' title='bbox 2330 526 2515 591; x_wconf 89' lang='lat' dir='ltr'><strong>mille</strong></span> 
     </span>
     <span class='ocr_line' id='line_1_3' title="bbox 305 627 2517 714; baseline -0 -20"><span class='ocrx_word' id='word_1_11' title='bbox 305 629 616 696; x_wconf 85' lang='lat' dir='ltr'><strong>talentis:</strong></span> <span class='ocrx_word' id='word_1_12' title='bbox 660 629 925 714; x_wconf 86' lang='lat' dir='ltr'><strong>utrique</strong></span> <span class='ocrx_word' id='word_1_13' title='bbox 951 633 1384 713; x_wconf 69' lang='lat' dir='ltr'><strong>praeceptum,</strong></span> <span class='ocrx_word' id='word_1_14' title='bbox 1415 630 1436 661; x_wconf 90' lang='lat'>‘</span> <span class='ocrx_word' id='word_1_15' title='bbox 1455 634 1535 692; x_wconf 90' lang='lat' dir='ltr'><strong>ut</strong></span> <span class='ocrx_word' id='word_1_16' title='bbox 1571 627 1645 693; x_wconf 94' lang='lat' dir='ltr'><strong>in</strong></span> <span class='ocrx_word' id='word_1_17' title='bbox 1688 627 2235 713; x_wconf 85' lang='lat' dir='ltr'><strong>supplementum</strong></span> <span class='ocrx_word' id='word_1_18' title='bbox 2264 629 2517 694; x_wconf 83' lang='lat' dir='ltr'><strong>milites</strong></span> 
     </span>
     <span class='ocr_line' id='line_1_4' title="bbox 302 730 2516 819; baseline 0 -22"><span class='ocrx_word' id='word_1_19' title='bbox 302 731 639 815; x_wconf 64' lang='lat' dir='ltr'><strong>legerent!</strong></span> <span class='ocrx_word' id='word_1_20' title='bbox 720 734 829 799; x_wconf 87' lang='grc'><strong>44.</strong></span> <span class='ocrx_word' id='word_1_21' title='bbox 874 732 1214 798; x_wconf 74' lang='lat' dir='ltr'><strong>Mazaeum</strong></span> <span class='ocrx_word' id='word_1_22' title='bbox 1265 731 1675 816; x_wconf 74' lang='lat' dir='ltr'><strong>transfugam</strong></span> <span class='ocrx_word' id='word_1_23' title='bbox 1715 730 2043 817; x_wconf 86' lang='lat' dir='ltr'><strong>Satrapea</strong></span> <span class='ocrx_word' id='word_1_24' title='bbox 2061 741 2085 768; x_wconf 78' lang='lat'>²</span> <span class='ocrx_word' id='word_1_25' title='bbox 2115 733 2516 819; x_wconf 74' lang='lat' dir='ltr'><strong>Babyloniae</strong></span> 
     </span>
     <span class='ocr_line' id='line_1_5' title="bbox 304 835 2516 922; baseline -0.001 -21"><span class='ocrx_word' id='word_1_26' title='bbox 304 835 546 920; x_wconf 82' lang='lat' dir='ltr'><strong>donat3</strong></span> <span class='ocrx_word' id='word_1_27' title='bbox 573 835 1079 921; x_wconf 85' lang='lat' dir='ltr'><strong>Bagophanem,</strong></span> <span class='ocrx_word' id='word_1_28' title='bbox 1107 835 1228 921; x_wconf 89' lang='lat' dir='ltr'><strong>qui</strong></span> <span class='ocrx_word' id='word_1_29' title='bbox 1254 855 1473 903; x_wconf 88' lang='lat' dir='ltr'><strong>arcem</strong></span> <span class='ocrx_word' id='word_1_30' title='bbox 1514 835 1908 915; x_wconf 82' lang='lat' dir='ltr'><strong>tradiderat,</strong></span> <span class='ocrx_word' id='word_1_31' title='bbox 1937 856 2014 901; x_wconf 88' lang='lat' dir='ltr'><strong>se</strong></span> <span class='ocrx_word' id='word_1_32' title='bbox 2043 837 2241 920; x_wconf 88' lang='lat' dir='ltr'><strong>sequi</strong></span> <span class='ocrx_word' id='word_1_33' title='bbox 2257 837 2516 922; x_wconf 85' lang='lat' dir='ltr'><strong>jussit:</strong></span> 
     </span>
     <span class='ocr_line' id='line_1_6' title="bbox 279 937 2513 1024; baseline 0.003 -24"><span class='ocrx_word' id='word_1_34' title='bbox 279 937 662 1005; x_wconf 81' lang='lat' dir='ltr'><strong>Armenia·</strong></span> <span class='ocrx_word' id='word_1_35' title='bbox 712 939 1032 1007; x_wconf 86' lang='lat' dir='ltr'><strong>Mithreni</strong></span> <span class='ocrx_word' id='word_1_36' title='bbox 1075 939 1395 1005; x_wconf 83' lang='lat' dir='ltr'><strong>Sardium</strong></span> <span class='ocrx_word' id='word_1_37' title='bbox 1444 939 1768 1024; x_wconf 83' lang='lat' dir='ltr'><strong>proditori</strong></span> <span class='ocrx_word' id='word_1_38' title='bbox 1818 938 1979 1005; x_wconf 83' lang='lat' dir='ltr'><strong>data</strong></span> <span class='ocrx_word' id='word_1_39' title='bbox 2028 945 2156 1006; x_wconf 88' lang='lat' dir='ltr'><strong>est.</strong></span> <span class='ocrx_word' id='word_1_40' title='bbox 2241 941 2350 1004; x_wconf 88' lang='grc'><strong>45.</strong></span> <span class='ocrx_word' id='word_1_41' title='bbox 2400 939 2513 1006; x_wconf 82' lang='lat' dir='ltr'><strong>Ex</strong></span> 
     </span>
     <span class='ocr_line' id='line_1_7' title="bbox 300 1040 2517 1127; baseline 0 -20"><span class='ocrx_word' id='word_1_42' title='bbox 300 1041 595 1125; x_wconf 88' lang='lat' dir='ltr'><strong>pecunia</strong></span> <span class='ocrx_word' id='word_1_43' title='bbox 621 1042 886 1121; x_wconf 89' lang='lat' dir='ltr'><strong>deinde,</strong></span> <span class='ocrx_word' id='word_1_44' title='bbox 926 1040 1325 1127; x_wconf 78' lang='lat' dir='ltr'><strong>Babyloniae</strong></span> <span class='ocrx_word' id='word_1_45' title='bbox 1358 1042 1631 1120; x_wconf 86' lang='lat' dir='ltr'><strong>tradita,</strong></span> <span class='ocrx_word' id='word_1_46' title='bbox 1674 1040 2131 1108; x_wconf 79' lang='lat' dir='ltr'><strong>Macedonum</strong></span> <span class='ocrx_word' id='word_1_47' title='bbox 2174 1043 2517 1127; x_wconf 85' lang='lat' dir='ltr'><strong>equitibus</strong></span> 
     </span>
     <span class='ocr_line' id='line_1_8' title="bbox 303 1142 2517 1230; baseline 0.001 -21"><span class='ocrx_word' id='word_1_48' title='bbox 303 1144 584 1210; x_wconf 79' lang='lat' dir='ltr'><strong>sexceni</strong></span> <span class='ocrx_word' id='word_1_49' title='bbox 611 1144 871 1211; x_wconf 87' lang='lat' dir='ltr'><strong>denarii</strong></span> <span class='ocrx_word' id='word_1_50' title='bbox 891 1142 919 1183; x_wconf 76' lang='lat'><strong>¹³</strong></span> <span class='ocrx_word' id='word_1_51' title='bbox 947 1143 1172 1211; x_wconf 89' lang='lat' dir='ltr'><strong>tributi</strong></span> <span class='ocrx_word' id='word_1_52' title='bbox 1195 1164 1216 1228; x_wconf 79' lang='lat'>3</span> <span class='ocrx_word' id='word_1_53' title='bbox 1261 1145 1651 1229; x_wconf 84' lang='lat' dir='ltr'><strong>peregrinus</strong></span> <span class='ocrx_word' id='word_1_54' title='bbox 1680 1163 1887 1230; x_wconf 87' lang='lat' dir='ltr'><strong>eques</strong></span> <span class='ocrx_word' id='word_1_55' title='bbox 1916 1146 2288 1229; x_wconf 86' lang='lat' dir='ltr'><strong>quingenos</strong></span> <span class='ocrx_word' id='word_1_56' title='bbox 2320 1164 2517 1213; x_wconf 85' lang='lat' dir='ltr'><strong>acce·-</strong></span> 
     </span>
     <span class='ocr_line' id='line_1_9' title="bbox 263 1246 2298 1335; baseline -0 -23"><span class='ocrx_word' id='word_1_57' title='bbox 263 1331 268 1334; x_wconf 71' lang='lat'><em>,</em></span> <span class='ocrx_word' id='word_1_58' title='bbox 302 1246 441 1331; x_wconf 85' lang='lat' dir='ltr'><strong>pit:</strong></span> <span class='ocrx_word' id='word_1_59' title='bbox 485 1248 760 1315; x_wconf 83' lang='lat' dir='ltr'><strong>ducenis</strong></span> <span class='ocrx_word' id='word_1_60' title='bbox 781 1247 1194 1335; x_wconf 83' lang='lat' dir='ltr'><strong>pedestrium</strong></span> <span class='ocrx_word' id='word_1_61' title='bbox 1226 1262 1370 1314; x_wconf 81' lang='lat' dir='ltr'><strong>xx.</strong></span> <span class='ocrx_word' id='word_1_62' title='bbox 1400 1246 1811 1332; x_wconf 88' lang='lat' dir='ltr'><strong>stipendium</strong></span> <span class='ocrx_word' id='word_1_63' title='bbox 1841 1267 2147 1314; x_wconf 84' lang='lat' dir='ltr'><strong>mensum</strong></span> <span class='ocrx_word' id='word_1_64' title='bbox 2175 1253 2298 1313; x_wconf 89' lang='lat' dir='ltr'><strong>est.</strong></span> 
     </span>
    </p>
   </div>
   <div class='ocr_carea' id='block_1_3' title="bbox 869 362 1964 430">
    <p class='ocr_par' dir='ltr' id='par_1_3' title="bbox 869 362 1964 430">
     <span class='ocr_line' id='line_1_10' title="bbox 869 362 1964 430; baseline -0.002 -1"><span class='ocrx_word' id='word_1_65' title='bbox 869 381 987 429; x_wconf 79' lang='grc' dir='ltr'><strong>οι..</strong></span> <span class='ocrx_word' id='word_1_66' title='bbox 1032 379 1223 429; x_wconf 86' lang='lat' dir='ltr'><strong>cxn.</strong></span> <span class='ocrx_word' id='word_1_67' title='bbox 1265 363 1332 430; x_wconf 79' lang='lat'><strong>2.</strong></span> <span class='ocrx_word' id='word_1_68' title='bbox 1408 378 1482 427; x_wconf 77' lang='lat' dir='ltr'><strong>A·</strong></span> <span class='ocrx_word' id='word_1_69' title='bbox 1527 379 1651 428; x_wconf 77' lang='lat' dir='ltr'><strong>cn.</strong></span> <span class='ocrx_word' id='word_1_70' title='bbox 1699 378 1770 429; x_wconf 75' lang='grc' dir='ltr'><strong>Ν.</strong></span> <span class='ocrx_word' id='word_1_71' title='bbox 1811 362 1964 429; x_wconf 84' lang='grc'><strong>331.</strong></span> 
     </span>
    </p>
   </div>
   <div class='ocr_carea' id='block_1_4' title="bbox 1224 1379 1593 1402">
    <p class='ocr_par' dir='ltr' id='par_1_4' title="bbox 1224 1379 1593 1402">
     <span class='ocr_line' id='line_1_11' title="bbox 1224 1379 1593 1402; baseline 0 3531"><span class='ocrx_word' id='word_1_72' title='bbox 1224 1379 1593 1402; x_wconf 95' lang='lat' dir='ltr'><strong> </strong></span> 
     </span>
    </p>
   </div>
   <div class='ocr_carea' id='block_1_5' title="bbox 290 1463 2596 2776">
    <p class='ocr_par' dir='ltr' id='par_1_5' title="bbox 290 1463 2596 2776">
     <span class='ocr_line' id='line_1_12' title="bbox 300 1463 2517 1544; baseline 0.001 -31"><span class='ocrx_word' id='word_1_73' title='bbox 300 1470 429 1534; x_wconf 76' lang='lat' dir='ltr'><strong>ante</strong></span> <span class='ocrx_word' id='word_1_74' title='bbox 452 1463 689 1516; x_wconf 82' lang='lat' dir='ltr'><strong>Freinsh.</strong></span> <span class='ocrx_word' id='word_1_75' title='bbox 753 1463 1041 1531; x_wconf 73' lang='lat' dir='ltr'><strong>Apollodoro</strong></span> <span class='ocrx_word' id='word_1_76' title='bbox 1081 1465 1237 1517; x_wconf 85' lang='lat' dir='ltr'><strong>Voss.</strong></span> <span class='ocrx_word' id='word_1_77' title='bbox 1275 1469 1326 1521; x_wconf 87' lang='lat'><strong>1.</strong></span> <span class='ocrx_word' id='word_1_78' title='bbox 1360 1473 1417 1519; x_wconf 88' lang='lat' dir='ltr'><strong>et</strong></span> <span class='ocrx_word' id='word_1_79' title='bbox 1450 1468 1688 1519; x_wconf 82' lang='lat' dir='ltr'><strong>Florent.</strong></span> <span class='ocrx_word' id='word_1_80' title='bbox 1753 1466 2047 1544; x_wconf 72' lang='lat' dir='ltr'><strong>Apollodoro</strong></span> <span class='ocrx_word' id='word_1_81' title='bbox 2089 1465 2234 1516; x_wconf 76' lang='lat' dir='ltr'><strong>Leid-</strong></span> <span class='ocrx_word' id='word_1_82' title='bbox 2286 1465 2517 1529; x_wconf 61' lang='lat' dir='ltr'><strong>relinquit</strong></span> 
     </span>
     <span class='ocr_line' id='line_1_13' title="bbox 304 1530 2521 1595; baseline 0.001 -16"><span class='ocrx_word' id='word_1_83' title='bbox 304 1531 477 1595; x_wconf 83' lang='lat' dir='ltr'><strong>Bong.</strong></span> <span class='ocrx_word' id='word_1_84' title='bbox 501 1531 657 1583; x_wconf 83' lang='lat' dir='ltr'><strong>Voss.</strong></span> <span class='ocrx_word' id='word_1_85' title='bbox 680 1533 730 1581; x_wconf 91' lang='lat'><strong>1.</strong></span> <span class='ocrx_word' id='word_1_86' title='bbox 752 1539 811 1582; x_wconf 86' lang='lat' dir='ltr'><strong>et</strong></span> <span class='ocrx_word' id='word_1_87' title='bbox 834 1530 982 1583; x_wconf 86' lang='lat' dir='ltr'><strong>Leid.</strong></span> <span class='ocrx_word' id='word_1_88' title='bbox 1049 1532 1154 1582; x_wconf 79' lang='lat' dir='ltr'><strong>His</strong></span> <span class='ocrx_word' id='word_1_89' title='bbox 1173 1533 1250 1584; x_wconf 89' lang='grc' dir='ltr'><strong>ΙΙ.</strong></span> <span class='ocrx_word' id='word_1_90' title='bbox 1272 1534 1485 1584; x_wconf 75' lang='lat' dir='ltr'><strong>militum</strong></span> <span class='ocrx_word' id='word_1_91' title='bbox 1506 1550 1611 1584; x_wconf 79' lang='lat' dir='ltr'><strong>cum</strong></span> <span class='ocrx_word' id='word_1_92' title='bbox 1633 1535 1834 1584; x_wconf 72' lang='lat' dir='ltr'><strong>talentu</strong></span> <span class='ocrx_word' id='word_1_93' title='bbox 1852 1535 1936 1583; x_wconf 81' lang='lat' dir='ltr'><strong>dat</strong></span> <span class='ocrx_word' id='word_1_94' title='bbox 1958 1534 2114 1582; x_wconf 87' lang='lat' dir='ltr'><strong>Voss.</strong></span> <span class='ocrx_word' id='word_1_95' title='bbox 2139 1536 2186 1582; x_wconf 90' lang='lat'><strong>1.</strong></span> <span class='ocrx_word' id='word_1_96' title='bbox 2236 1532 2345 1581; x_wconf 75' lang='lat' dir='ltr'><strong>Duo</strong></span> <span class='ocrx_word' id='word_1_97' title='bbox 2365 1531 2521 1581; x_wconf 77' lang='lat' dir='ltr'><strong>millia</strong></span> 
     </span>
     <span class='ocr_line' id='line_1_14' title="bbox 298 1592 2517 1659; baseline 0.001 -15"><span class='ocrx_word' id='word_1_98' title='bbox 298 1596 468 1659; x_wconf 75' lang='lat' dir='ltr'><strong>pedam</strong></span> <span class='ocrx_word' id='word_1_99' title='bbox 489 1610 595 1646; x_wconf 76' lang='lat' dir='ltr'><strong>eum</strong></span> <span class='ocrx_word' id='word_1_100' title='bbox 630 1598 763 1648; x_wconf 78' lang='lat' dir='ltr'><strong>mille</strong></span> <span class='ocrx_word' id='word_1_101' title='bbox 793 1592 991 1648; x_wconf 69' lang='lat' dir='ltr'><strong>talentis</strong></span> <span class='ocrx_word' id='word_1_102' title='bbox 1026 1599 1113 1649; x_wconf 77' lang='lat' dir='ltr'><strong>dat</strong></span> <span class='ocrx_word' id='word_1_103' title='bbox 1135 1597 1290 1649; x_wconf 86' lang='lat' dir='ltr'><strong>Voss.</strong></span> <span class='ocrx_word' id='word_1_104' title='bbox 1312 1603 1362 1649; x_wconf 88' lang='grc'><strong>2.</strong></span> <span class='ocrx_word' id='word_1_105' title='bbox 1426 1599 1503 1649; x_wconf 86' lang='grc' dir='ltr'><strong>ΙΙ.</strong></span> <span class='ocrx_word' id='word_1_106' title='bbox 1538 1599 1744 1649; x_wconf 78' lang='lat' dir='ltr'><strong>militum</strong></span> <span class='ocrx_word' id='word_1_107' title='bbox 1781 1598 1857 1647; x_wconf 75' lang='lat' dir='ltr'><strong>his</strong></span> <span class='ocrx_word' id='word_1_108' title='bbox 1892 1613 1997 1648; x_wconf 67' lang='lat' dir='ltr'><strong>eim</strong></span> <span class='ocrx_word' id='word_1_109' title='bbox 2035 1597 2166 1647; x_wconf 78' lang='lat' dir='ltr'><strong>mille</strong></span> <span class='ocrx_word' id='word_1_110' title='bbox 2198 1599 2395 1647; x_wconf 77' lang='lat' dir='ltr'><strong>talentis</strong></span> <span class='ocrx_word' id='word_1_111' title='bbox 2431 1600 2517 1646; x_wconf 75' lang='lat' dir='ltr'><strong>«lat</strong></span> 
     </span>
     <span class='ocr_line' id='line_1_15' title="bbox 300 1660 2517 1740; baseline 0.001 -32"><span class='ocrx_word' id='word_1_112' title='bbox 300 1660 455 1711; x_wconf 87' lang='lat' dir='ltr'><strong>Leid.</strong></span> <span class='ocrx_word' id='word_1_113' title='bbox 490 1662 594 1712; x_wconf 79' lang='lat' dir='ltr'><strong>His</strong></span> <span class='ocrx_word' id='word_1_114' title='bbox 612 1663 705 1712; x_wconf 69' lang='lat' dir='ltr'><strong>dno</strong></span> <span class='ocrx_word' id='word_1_115' title='bbox 725 1661 883 1713; x_wconf 78' lang='lat' dir='ltr'><strong>millia</strong></span> <span class='ocrx_word' id='word_1_116' title='bbox 898 1663 1111 1740; x_wconf 73' lang='lat' dir='ltr'><strong>peditum</strong></span> <span class='ocrx_word' id='word_1_117' title='bbox 1129 1665 1216 1713; x_wconf 77' lang='lat' dir='ltr'><strong>dat</strong></span> <span class='ocrx_word' id='word_1_118' title='bbox 1234 1680 1342 1714; x_wconf 67' lang='lat' dir='ltr'><strong>eum</strong></span> <span class='ocrx_word' id='word_1_119' title='bbox 1362 1679 1428 1714; x_wconf 80' lang='lat' dir='ltr'><strong>m.</strong></span> <span class='ocrx_word' id='word_1_120' title='bbox 1455 1665 1653 1715; x_wconf 72' lang='lat' dir='ltr'><strong>talentis</strong></span> <span class='ocrx_word' id='word_1_121' title='bbox 1680 1663 1800 1713; x_wconf 86' lang='lat' dir='ltr'><strong>Ald.</strong></span> <span class='ocrx_word' id='word_1_122' title='bbox 1820 1664 1987 1714; x_wconf 89' lang='lat' dir='ltr'><strong>Colin.</strong></span> <span class='ocrx_word' id='word_1_123' title='bbox 2013 1661 2064 1712; x_wconf 89' lang='lat' dir='ltr'><strong>G</strong></span> <span class='ocrx_word' id='word_1_124' title='bbox 2132 1662 2218 1728; x_wconf 83' lang='lat' dir='ltr'><strong>ph.</strong></span> <span class='ocrx_word' id='word_1_125' title='bbox 2237 1663 2359 1715; x_wconf 80' lang='lat' dir='ltr'><strong>Bas.</strong></span> <span class='ocrx_word' id='word_1_126' title='bbox 2378 1663 2517 1713; x_wconf 86' lang='lat' dir='ltr'><strong>Mer.</strong></span> 
     </span>
     <span class='ocr_line' id='line_1_16' title="bbox 299 1724 2516 1780; baseline 0 -5"><span class='ocrx_word' id='word_1_127' title='bbox 299 1724 414 1777; x_wconf 86' lang='lat' dir='ltr'><strong>Col.</strong></span> <span class='ocrx_word' id='word_1_128' title='bbox 437 1735 491 1775; x_wconf 84' lang='lat' dir='ltr'><strong>et</strong></span> <span class='ocrx_word' id='word_1_129' title='bbox 513 1727 668 1778; x_wconf 86' lang='lat' dir='ltr'><strong>Frob.</strong></span> <span class='ocrx_word' id='word_1_130' title='bbox 732 1727 848 1778; x_wconf 80' lang='lat' dir='ltr'><strong>Duo</strong></span> <span class='ocrx_word' id='word_1_131' title='bbox 867 1728 1092 1779; x_wconf 69' lang='lat' dir='ltr'><strong>aniliter</strong></span> <span class='ocrx_word' id='word_1_132' title='bbox 1112 1734 1162 1779; x_wconf 83' lang='lat' dir='ltr'><strong>et</strong></span> <span class='ocrx_word' id='word_1_133' title='bbox 1179 1744 1286 1779; x_wconf 66' lang='lat' dir='ltr'><strong>omn</strong></span> <span class='ocrx_word' id='word_1_134' title='bbox 1306 1730 1434 1780; x_wconf 82' lang='lat' dir='ltr'><strong>mille</strong></span> <span class='ocrx_word' id='word_1_135' title='bbox 1455 1731 1655 1780; x_wconf 74' lang='lat' dir='ltr'><strong>talentis</strong></span> <span class='ocrx_word' id='word_1_136' title='bbox 1675 1731 1759 1779; x_wconf 77' lang='lat' dir='ltr'><strong>dat</strong></span> <span class='ocrx_word' id='word_1_137' title='bbox 1781 1729 1898 1778; x_wconf 85' lang='lat' dir='ltr'><strong>Pal.</strong></span> <span class='ocrx_word' id='word_1_138' title='bbox 1923 1732 1971 1779; x_wconf 85' lang='lat'><strong>1.</strong></span> <span class='ocrx_word' id='word_1_139' title='bbox 2036 1727 2072 1777; x_wconf 94' lang='grc' dir='ltr'><strong><em>Ι</em></strong></span> <span class='ocrx_word' id='word_1_140' title='bbox 2105 1760 2118 1777; x_wconf 92' lang='grc'><strong>.</strong></span> <span class='ocrx_word' id='word_1_141' title='bbox 2149 1727 2376 1778; x_wconf 73' lang='lat' dir='ltr'><strong>similiter</strong></span> <span class='ocrx_word' id='word_1_142' title='bbox 2406 1742 2516 1776; x_wconf 77' lang='lat' dir='ltr'><strong>eum</strong></span> 
     </span>
     <span class='ocr_line' id='line_1_17' title="bbox 299 1792 2516 1857; baseline -0 -16"><span class='ocrx_word' id='word_1_143' title='bbox 299 1804 370 1849; x_wconf 77' lang='grc' dir='ltr'>ω</span> <span class='ocrx_word' id='word_1_144' title='bbox 402 1793 627 1843; x_wconf 76' lang='lat' dir='ltr'><strong>talentis.-</strong></span> <span class='ocrx_word' id='word_1_145' title='bbox 658 1793 747 1843; x_wconf 67' lang='lat' dir='ltr'><strong>dat</strong></span> <span class='ocrx_word' id='word_1_146' title='bbox 769 1793 959 1857; x_wconf 68' lang='lat' dir='ltr'><strong>utrique</strong></span> <span class='ocrx_word' id='word_1_147' title='bbox 979 1795 1062 1844; x_wconf 73' lang='lat' dir='ltr'><strong>ubi</strong></span> <span class='ocrx_word' id='word_1_148' title='bbox 1083 1794 1317 1854; x_wconf 62' lang='lat' dir='ltr'><strong>rumfrid</strong></span> <span class='ocrx_word' id='word_1_149' title='bbox 1336 1793 1382 1844; x_wconf 75' lang='lat' dir='ltr'><strong>si</strong></span> <span class='ocrx_word' id='word_1_150' title='bbox 1402 1794 1612 1845; x_wconf 59' lang='lat' dir='ltr'><strong>muitum</strong></span> <span class='ocrx_word' id='word_1_151' title='bbox 1635 1795 1773 1844; x_wconf 82' lang='lat' dir='ltr'><strong>Dan.</strong></span> <span class='ocrx_word' id='word_1_152' title='bbox 1840 1794 1954 1845; x_wconf 75' lang='lat' dir='ltr'><strong>Duo</strong></span> <span class='ocrx_word' id='word_1_153' title='bbox 1975 1792 2130 1843; x_wconf 76' lang='lat' dir='ltr'><strong>millia</strong></span> <span class='ocrx_word' id='word_1_154' title='bbox 2149 1792 2376 1843; x_wconf 75' lang='lat' dir='ltr'><strong>similiter</strong></span> <span class='ocrx_word' id='word_1_155' title='bbox 2405 1806 2516 1841; x_wconf 80' lang='lat' dir='ltr'><strong>eum</strong></span> 
     </span>
     <span class='ocr_line' id='line_1_18' title="bbox 298 1855 2517 1925; baseline -0.001 -16"><span class='ocrx_word' id='word_1_156' title='bbox 298 1857 520 1909; x_wconf 79' lang='lat' dir='ltr'><strong>ducentis</strong></span> <span class='ocrx_word' id='word_1_157' title='bbox 539 1859 736 1907; x_wconf 78' lang='lat' dir='ltr'><strong>talentis</strong></span> <span class='ocrx_word' id='word_1_158' title='bbox 752 1874 770 1909; x_wconf 79' lang='lat' dir='ltr'><strong>r</strong></span> <span class='ocrx_word' id='word_1_159' title='bbox 797 1860 886 1909; x_wconf 78' lang='lat' dir='ltr'><strong>dat</strong></span> <span class='ocrx_word' id='word_1_160' title='bbox 904 1859 1097 1925; x_wconf 73' lang='lat' dir='ltr'><strong>utrique</strong></span> <span class='ocrx_word' id='word_1_161' title='bbox 1118 1860 1263 1911; x_wconf 87' lang='lat' dir='ltr'><strong>Pith.</strong></span> <span class='ocrx_word' id='word_1_162' title='bbox 1284 1867 1342 1910; x_wconf 83' lang='lat' dir='ltr'><strong>et</strong></span> <span class='ocrx_word' id='word_1_163' title='bbox 1364 1859 1560 1910; x_wconf 77' lang='lat' dir='ltr'><strong>Faucli.</strong></span> <span class='ocrx_word' id='word_1_164' title='bbox 1626 1858 1705 1908; x_wconf 89' lang='grc' dir='ltr'><strong>ΙΙ.</strong></span> <span class='ocrx_word' id='word_1_165' title='bbox 1728 1858 1806 1908; x_wconf 73' lang='lat' dir='ltr'><strong>his</strong></span> <span class='ocrx_word' id='word_1_166' title='bbox 1828 1858 2036 1908; x_wconf 75' lang='lat' dir='ltr'><strong>militum</strong></span> <span class='ocrx_word' id='word_1_167' title='bbox 2056 1871 2162 1907; x_wconf 75' lang='lat' dir='ltr'><strong>eum</strong></span> <span class='ocrx_word' id='word_1_168' title='bbox 2183 1858 2302 1908; x_wconf 86' lang='lat' dir='ltr'><strong>XC.</strong></span> <span class='ocrx_word' id='word_1_169' title='bbox 2317 1855 2517 1907; x_wconf 77' lang='lat' dir='ltr'><strong>talentis</strong></span> 
     </span>
     <span class='ocr_line' id='line_1_19' title="bbox 297 1922 2520 1989; baseline -0.002 -14"><span class='ocrx_word' id='word_1_170' title='bbox 297 1926 416 1975; x_wconf 79' lang='lat' dir='ltr'><strong>dala</strong></span> <span class='ocrx_word' id='word_1_171' title='bbox 430 1923 567 1983; x_wconf 77' lang='lat' dir='ltr'><strong>facio</strong></span> <span class='ocrx_word' id='word_1_172' title='bbox 589 1924 634 1973; x_wconf 76' lang='lat' dir='ltr'><strong>si</strong></span> <span class='ocrx_word' id='word_1_173' title='bbox 655 1933 722 1977; x_wconf 78' lang='grc' dir='ltr'><em>ω</em></span> <span class='ocrx_word' id='word_1_174' title='bbox 755 1924 926 1989; x_wconf 85' lang='grc' dir='ltr'><strong>Βοιις.</strong></span> <span class='ocrx_word' id='word_1_175' title='bbox 951 1930 999 1975; x_wconf 87' lang='grc'><strong>1.</strong></span> <span class='ocrx_word' id='word_1_176' title='bbox 1066 1924 1145 1974; x_wconf 88' lang='grc' dir='ltr'><strong>ΙΙ.</strong></span> <span class='ocrx_word' id='word_1_177' title='bbox 1166 1925 1429 1976; x_wconf 75' lang='lat' dir='ltr'><strong>ismililum</strong></span> <span class='ocrx_word' id='word_1_178' title='bbox 1448 1940 1556 1975; x_wconf 73' lang='lat' dir='ltr'><strong>eum</strong></span> <span class='ocrx_word' id='word_1_179' title='bbox 1577 1923 1774 1974; x_wconf 76' lang='lat' dir='ltr'><strong>talentis</strong></span> <span class='ocrx_word' id='word_1_180' title='bbox 1792 1925 1878 1974; x_wconf 80' lang='lat' dir='ltr'><strong>dat</strong></span> <span class='ocrx_word' id='word_1_181' title='bbox 1894 1924 2065 1988; x_wconf 80' lang='grc' dir='ltr'><strong>Βους.</strong></span> <span class='ocrx_word' id='word_1_182' title='bbox 2079 1926 2262 1973; x_wconf 80' lang='grc'><strong>2.-44</strong></span> <span class='ocrx_word' id='word_1_183' title='bbox 2296 1922 2520 1971; x_wconf 73' lang='lat' dir='ltr'><strong>Mamm</strong></span> 
     </span>
     <span class='ocr_line' id='line_1_20' title="bbox 298 1986 2517 2054; baseline -0.001 -15"><span class='ocrx_word' id='word_1_184' title='bbox 298 1990 439 2039; x_wconf 86' lang='lat' dir='ltr'><strong>Mer.</strong></span> <span class='ocrx_word' id='word_1_185' title='bbox 463 1995 517 2038; x_wconf 90' lang='lat' dir='ltr'><strong>et</strong></span> <span class='ocrx_word' id='word_1_186' title='bbox 539 1988 656 2038; x_wconf 87' lang='lat' dir='ltr'><strong>Col.</strong></span> <span class='ocrx_word' id='word_1_187' title='bbox 712 1988 935 2054; x_wconf 69' lang='lat' dir='ltr'><strong>Satrapes</strong></span> <span class='ocrx_word' id='word_1_188' title='bbox 958 1990 1193 2042; x_wconf 86' lang='lat' dir='ltr'><strong>Florent.</strong></span> <span class='ocrx_word' id='word_1_189' title='bbox 1242 1989 1452 2054; x_wconf 78' lang='lat' dir='ltr'><strong>Satrape</strong></span> <span class='ocrx_word' id='word_1_190' title='bbox 1475 1989 1623 2040; x_wconf 85' lang='lat' dir='ltr'><strong>Leid.</strong></span> <span class='ocrx_word' id='word_1_191' title='bbox 1640 1990 1789 2039; x_wconf 89' lang='lat' dir='ltr'><strong>Voss.</strong></span> <span class='ocrx_word' id='word_1_192' title='bbox 1812 1993 1860 2039; x_wconf 92' lang='lat'><strong>1.</strong></span> <span class='ocrx_word' id='word_1_193' title='bbox 1882 1993 1933 2039; x_wconf 94' lang='grc'><strong>2.</strong></span> <span class='ocrx_word' id='word_1_194' title='bbox 1956 1994 2013 2039; x_wconf 89' lang='lat' dir='ltr'><strong>et</strong></span> <span class='ocrx_word' id='word_1_195' title='bbox 2035 1989 2206 2051; x_wconf 78' lang='lat' dir='ltr'><strong>Bong.</strong></span> <span class='ocrx_word' id='word_1_196' title='bbox 2255 1986 2517 2051; x_wconf 70' lang='lat' dir='ltr'><strong>satrapam</strong></span> 
     </span>
     <span class='ocr_line' id='line_1_21' title="bbox 298 2052 2516 2121; baseline -0.002 -17"><span class='ocrx_word' id='word_1_197' title='bbox 298 2054 494 2105; x_wconf 82' lang='lat' dir='ltr'><strong>Fauch.</strong></span> <span class='ocrx_word' id='word_1_198' title='bbox 563 2054 810 2120; x_wconf 70' lang='lat' dir='ltr'><strong>Babylone</strong></span> <span class='ocrx_word' id='word_1_199' title='bbox 830 2057 978 2106; x_wconf 76' lang='lat' dir='ltr'><strong>donat</strong></span> <span class='ocrx_word' id='word_1_200' title='bbox 1013 2056 1208 2105; x_wconf 85' lang='lat' dir='ltr'><strong>Fauch.</strong></span> <span class='ocrx_word' id='word_1_201' title='bbox 1245 2055 1415 2121; x_wconf 84' lang='lat' dir='ltr'><strong>Bong.</strong></span> <span class='ocrx_word' id='word_1_202' title='bbox 1443 2056 1598 2105; x_wconf 88' lang='lat' dir='ltr'><strong>Voss.</strong></span> <span class='ocrx_word' id='word_1_203' title='bbox 1621 2058 1670 2104; x_wconf 88' lang='lat'><strong>1.</strong></span> <span class='ocrx_word' id='word_1_204' title='bbox 1694 2058 1744 2105; x_wconf 91' lang='grc'><strong>2.</strong></span> <span class='ocrx_word' id='word_1_205' title='bbox 1777 2052 1930 2105; x_wconf 87' lang='lat' dir='ltr'><strong>Leid.</strong></span> <span class='ocrx_word' id='word_1_206' title='bbox 1961 2058 2019 2103; x_wconf 90' lang='lat' dir='ltr'><strong>et</strong></span> <span class='ocrx_word' id='word_1_207' title='bbox 2051 2054 2290 2103; x_wconf 75' lang='lat' dir='ltr'><strong>Floreat.</strong></span> <span class='ocrx_word' id='word_1_208' title='bbox 2354 2052 2516 2101; x_wconf 76' lang='grc' dir='ltr'><strong>Βασσ-</strong></span> 
     </span>
     <span class='ocr_line' id='line_1_22' title="bbox 290 2116 2515 2185; baseline -0.002 -16"><span class='ocrx_word' id='word_1_209' title='bbox 290 2120 500 2184; x_wconf 74' lang='grc' dir='ltr'><strong>ρῚιωιεηι</strong></span> <span class='ocrx_word' id='word_1_210' title='bbox 520 2118 671 2171; x_wconf 84' lang='lat' dir='ltr'><strong>Voss.</strong></span> <span class='ocrx_word' id='word_1_211' title='bbox 689 2123 741 2170; x_wconf 90' lang='grc'><strong>2.</strong></span> <span class='ocrx_word' id='word_1_212' title='bbox 808 2120 1125 2183; x_wconf 61' lang='lat' dir='ltr'><strong>Bagistanen</strong></span> <span class='ocrx_word' id='word_1_213' title='bbox 1157 2121 1317 2172; x_wconf 84' lang='lat' dir='ltr'><strong>Frob.</strong></span> <span class='ocrx_word' id='word_1_214' title='bbox 1389 2121 1587 2185; x_wconf 78' lang='lat' dir='ltr'><strong>Vulgg.</strong></span> <span class='ocrx_word' id='word_1_215' title='bbox 1609 2119 1860 2169; x_wconf 85' lang='lat' dir='ltr'><strong>omittunt</strong></span> <span class='ocrx_word' id='word_1_216' title='bbox 1880 2133 1932 2169; x_wconf 83' lang='lat' dir='ltr'><strong>se</strong></span> <span class='ocrx_word' id='word_1_217' title='bbox 1965 2125 2088 2169; x_wconf 87' lang='lat' dir='ltr'><strong>ante</strong></span> <span class='ocrx_word' id='word_1_218' title='bbox 2109 2118 2260 2181; x_wconf 79' lang='lat' dir='ltr'><strong>sequi.</strong></span> <span class='ocrx_word' id='word_1_219' title='bbox 2323 2116 2442 2166; x_wconf 86' lang='lat' dir='ltr'><strong>Pal.</strong></span> <span class='ocrx_word' id='word_1_220' title='bbox 2466 2122 2515 2166; x_wconf 89' lang='lat' dir='ltr'><strong>l.</strong></span> 
     </span>
     <span class='ocr_line' id='line_1_23' title="bbox 297 2181 2513 2254; baseline -0.001 -20"><span class='ocrx_word' id='word_1_221' title='bbox 297 2185 510 2235; x_wconf 74' lang='lat' dir='ltr'><strong>Mitemi</strong></span> <span class='ocrx_word' id='word_1_222' title='bbox 527 2201 548 2243; x_wconf 86' lang='lat'><strong>‚-</strong></span> <span class='ocrx_word' id='word_1_223' title='bbox 581 2184 707 2234; x_wconf 86' lang='lat' dir='ltr'><strong>Ald.</strong></span> <span class='ocrx_word' id='word_1_224' title='bbox 732 2184 902 2235; x_wconf 86' lang='lat' dir='ltr'><strong>Colin.</strong></span> <span class='ocrx_word' id='word_1_225' title='bbox 926 2185 1127 2254; x_wconf 81' lang='lat' dir='ltr'><strong>Gryph.</strong></span> <span class='ocrx_word' id='word_1_226' title='bbox 1148 2186 1271 2236; x_wconf 86' lang='lat' dir='ltr'><strong>Bas.</strong></span> <span class='ocrx_word' id='word_1_227' title='bbox 1293 2184 1407 2237; x_wconf 88' lang='lat' dir='ltr'><strong>Col.</strong></span> <span class='ocrx_word' id='word_1_228' title='bbox 1430 2192 1485 2236; x_wconf 91' lang='lat' dir='ltr'><strong>et</strong></span> <span class='ocrx_word' id='word_1_229' title='bbox 1510 2186 1647 2238; x_wconf 87' lang='lat' dir='ltr'><strong>Mer.</strong></span> <span class='ocrx_word' id='word_1_230' title='bbox 1668 2184 2068 2251; x_wconf 56' lang='lat' dir='ltr'><strong>Mytlareaie-As</strong></span> <span class='ocrx_word' id='word_1_231' title='bbox 2104 2181 2319 2233; x_wconf 75' lang='lat' dir='ltr'><strong>Pecunia</strong></span> <span class='ocrx_word' id='word_1_232' title='bbox 2339 2182 2513 2232; x_wconf 74' lang='lat' dir='ltr'><strong>deinde</strong></span> 
     </span>
     <span class='ocr_line' id='line_1_24' title="bbox 296 2249 2522 2302; baseline -0.001 -2"><span class='ocrx_word' id='word_1_233' title='bbox 296 2252 453 2301; x_wconf 85' lang='lat' dir='ltr'><strong>Voss.</strong></span> <span class='ocrx_word' id='word_1_234' title='bbox 476 2254 526 2301; x_wconf 83' lang='grc'><strong>2.</strong></span> <span class='ocrx_word' id='word_1_235' title='bbox 543 2256 599 2300; x_wconf 84' lang='lat' dir='ltr'><strong>et</strong></span> <span class='ocrx_word' id='word_1_236' title='bbox 621 2249 736 2301; x_wconf 83' lang='lat' dir='ltr'><strong>Pal.</strong></span> <span class='ocrx_word' id='word_1_237' title='bbox 758 2254 807 2300; x_wconf 90' lang='lat'><strong>1.</strong></span> <span class='ocrx_word' id='word_1_238' title='bbox 829 2251 1017 2301; x_wconf 85' lang='lat' dir='ltr'><strong>omisso</strong></span> <span class='ocrx_word' id='word_1_239' title='bbox 1039 2266 1118 2302; x_wconf 78' lang='lat' dir='ltr'><strong>ex.</strong></span> <span class='ocrx_word' id='word_1_240' title='bbox 1179 2250 1198 2279; x_wconf 84' lang='lat'>‘</span> <span class='ocrx_word' id='word_1_241' title='bbox 1220 2250 1377 2301; x_wconf 82' lang='lat' dir='ltr'><strong>Hane</strong></span> <span class='ocrx_word' id='word_1_242' title='bbox 1400 2252 1690 2301; x_wconf 73' lang='lat' dir='ltr'><strong>sectionem</strong></span> <span class='ocrx_word' id='word_1_243' title='bbox 1718 2250 1771 2299; x_wconf 89' lang='lat' dir='ltr'><strong>in</strong></span> <span class='ocrx_word' id='word_1_244' title='bbox 1792 2249 1882 2299; x_wconf 77' lang='lat' dir='ltr'><strong>vul</strong></span> <span class='ocrx_word' id='word_1_245' title='bbox 1922 2249 2023 2299; x_wconf 86' lang='lat' dir='ltr'><strong>atis</strong></span> <span class='ocrx_word' id='word_1_246' title='bbox 2044 2249 2384 2297; x_wconf 77' lang='lat' dir='ltr'><strong>vehementer</strong></span> <span class='ocrx_word' id='word_1_247' title='bbox 2405 2261 2522 2297; x_wconf 88' lang='lat' dir='ltr'><strong>cor·</strong></span> 
     </span>
     <span class='ocr_line' id='line_1_25' title="bbox 293 2312 2516 2381; baseline -0.002 -15"><span class='ocrx_word' id='word_1_248' title='bbox 293 2321 505 2381; x_wconf 83' lang='lat' dir='ltr'><strong>ruptam</strong></span> <span class='ocrx_word' id='word_1_249' title='bbox 531 2329 666 2376; x_wconf 82' lang='lat' dir='ltr'><strong>esse,</strong></span> <span class='ocrx_word' id='word_1_250' title='bbox 692 2315 817 2365; x_wconf 82' lang='lat' dir='ltr'><strong>satis</strong></span> <span class='ocrx_word' id='word_1_251' title='bbox 837 2330 1111 2379; x_wconf 75' lang='lat' dir='ltr'><strong>persuasus</strong></span> <span class='ocrx_word' id='word_1_252' title='bbox 1132 2330 1265 2367; x_wconf 87' lang='lat' dir='ltr'><strong>sum.</strong></span> <span class='ocrx_word' id='word_1_253' title='bbox 1328 2314 1451 2367; x_wconf 85' lang='lat' dir='ltr'><strong>Alia</strong></span> <span class='ocrx_word' id='word_1_254' title='bbox 1471 2331 1538 2366; x_wconf 80' lang='lat' dir='ltr'><strong>ex</strong></span> <span class='ocrx_word' id='word_1_255' title='bbox 1559 2315 1793 2381; x_wconf 88' lang='lat' dir='ltr'><strong>pluribus</strong></span> <span class='ocrx_word' id='word_1_256' title='bbox 1817 2329 1880 2364; x_wconf 88' lang='lat' dir='ltr'><strong>co</strong></span> <span class='ocrx_word' id='word_1_257' title='bbox 1920 2314 1974 2366; x_wconf 89' lang='lat' dir='ltr'><strong>d.</strong></span> <span class='ocrx_word' id='word_1_258' title='bbox 1990 2312 2266 2364; x_wconf 80' lang='lat' dir='ltr'><strong>emendavi</strong></span> <span class='ocrx_word' id='word_1_259' title='bbox 2286 2326 2303 2375; x_wconf 78' lang='lat'><em>3</em></span> <span class='ocrx_word' id='word_1_260' title='bbox 2326 2326 2516 2377; x_wconf 81' lang='lat' dir='ltr'><strong>nempe</strong></span> 
     </span>
     <span class='ocr_line' id='line_1_26' title="bbox 295 2378 2596 2447; baseline -0.002 -15"><span class='ocrx_word' id='word_1_261' title='bbox 295 2389 420 2447; x_wconf 83' lang='lat' dir='ltr'><strong>post</strong></span> <span class='ocrx_word' id='word_1_262' title='bbox 442 2380 728 2446; x_wconf 73' lang='lat' dir='ltr'><strong>Babylonio.</strong></span> <span class='ocrx_word' id='word_1_263' title='bbox 751 2381 920 2445; x_wconf 85' lang='lat' dir='ltr'><strong>adjeci</strong></span> <span class='ocrx_word' id='word_1_264' title='bbox 940 2382 1032 2447; x_wconf 84' lang='lat' dir='ltr'><strong>[ex</strong></span> <span class='ocrx_word' id='word_1_265' title='bbox 1054 2381 1286 2432; x_wconf 74' lang='lat' dir='ltr'><strong>Florent-</strong></span> <span class='ocrx_word' id='word_1_266' title='bbox 1311 2382 1459 2433; x_wconf 87' lang='lat' dir='ltr'><strong>Leid.</strong></span> <span class='ocrx_word' id='word_1_267' title='bbox 1481 2382 1638 2434; x_wconf 84' lang='lat' dir='ltr'><strong>Voss.</strong></span> <span class='ocrx_word' id='word_1_268' title='bbox 1665 2384 1713 2432; x_wconf 89' lang='lat'><strong>1.</strong></span> <span class='ocrx_word' id='word_1_269' title='bbox 1727 2386 1780 2431; x_wconf 89' lang='grc'><strong>2.</strong></span> <span class='ocrx_word' id='word_1_270' title='bbox 1803 2388 1857 2429; x_wconf 88' lang='lat' dir='ltr'><strong>et</strong></span> <span class='ocrx_word' id='word_1_271' title='bbox 1879 2378 2075 2445; x_wconf 85' lang='lat' dir='ltr'><strong>Bong.]</strong></span> <span class='ocrx_word' id='word_1_272' title='bbox 2097 2378 2282 2429; x_wconf 76' lang='lat' dir='ltr'><strong>tradita</strong></span> <span class='ocrx_word' id='word_1_273' title='bbox 2294 2393 2314 2436; x_wconf 80' lang='lat'><strong>,-</strong></span> <span class='ocrx_word' id='word_1_274' title='bbox 2337 2391 2516 2443; x_wconf 88' lang='lat' dir='ltr'><strong>quam·</strong></span> <span class='ocrx_word' id='word_1_275' title='bbox 2592 2414 2596 2420; x_wconf 82' lang='grc'><strong>.</strong></span> 
     </span>
     <span class='ocr_line' id='line_1_27' title="bbox 295 2443 2515 2514; baseline -0.002 -18"><span class='ocrx_word' id='word_1_276' title='bbox 295 2448 374 2497; x_wconf 73' lang='lat' dir='ltr'><strong>vis</strong></span> <span class='ocrx_word' id='word_1_277' title='bbox 389 2448 641 2497; x_wconf 83' lang='lat' dir='ltr'><strong>mallem:</strong></span> <span class='ocrx_word' id='word_1_278' title='bbox 676 2446 923 2512; x_wconf 74' lang='lat' dir='ltr'><strong>Babylone</strong></span> <span class='ocrx_word' id='word_1_279' title='bbox 959 2446 1180 2507; x_wconf 77' lang='lat' dir='ltr'><strong>tradita3</strong></span> <span class='ocrx_word' id='word_1_280' title='bbox 1228 2446 1325 2498; x_wconf 72' lang='lat' dir='ltr'><strong>sed</strong></span> <span class='ocrx_word' id='word_1_281' title='bbox 1346 2446 1640 2514; x_wconf 83' lang='lat' dir='ltr'><strong>Babylonia</strong></span> <span class='ocrx_word' id='word_1_282' title='bbox 1660 2445 1925 2497; x_wconf 89' lang='lat' dir='ltr'><strong>interdum</strong></span> <span class='ocrx_word' id='word_1_283' title='bbox 1948 2445 2015 2496; x_wconf 89' lang='lat' dir='ltr'><strong>de</strong></span> <span class='ocrx_word' id='word_1_284' title='bbox 2044 2443 2173 2495; x_wconf 88' lang='lat' dir='ltr'><strong>urbe</strong></span> <span class='ocrx_word' id='word_1_285' title='bbox 2208 2450 2515 2508; x_wconf 82' lang='lat' dir='ltr'><strong>usurpatur.</strong></span> 
     </span>
     <span class='ocr_line' id='line_1_28' title="bbox 293 2508 2518 2578; baseline -0.003 -15"><span class='ocrx_word' id='word_1_286' title='bbox 293 2513 436 2563; x_wconf 83' lang='lat' dir='ltr'><strong>Vide</strong></span> <span class='ocrx_word' id='word_1_287' title='bbox 459 2513 677 2564; x_wconf 81' lang='lat' dir='ltr'><strong>Salmas.</strong></span> <span class='ocrx_word' id='word_1_288' title='bbox 706 2513 896 2564; x_wconf 85' lang='lat' dir='ltr'><strong>Exere.</strong></span> <span class='ocrx_word' id='word_1_289' title='bbox 920 2513 1061 2565; x_wconf 86' lang='lat' dir='ltr'><strong>Plin.</strong></span> <span class='ocrx_word' id='word_1_290' title='bbox 1091 2528 1143 2578; x_wconf 88' lang='lat' dir='ltr'><strong>p.</strong></span> <span class='ocrx_word' id='word_1_291' title='bbox 1162 2518 1276 2564; x_wconf 80' lang='grc'><strong>865.</strong></span> <span class='ocrx_word' id='word_1_292' title='bbox 1339 2513 1476 2563; x_wconf 85' lang='lat' dir='ltr'><strong>Tum</strong></span> <span class='ocrx_word' id='word_1_293' title='bbox 1513 2527 1612 2578; x_wconf 90' lang='lat' dir='ltr'><strong>pro</strong></span> <span class='ocrx_word' id='word_1_294' title='bbox 1649 2511 1994 2563; x_wconf 70' lang='lat' dir='ltr'><strong>Macedonibus</strong></span> <span class='ocrx_word' id='word_1_295' title='bbox 2022 2509 2209 2574; x_wconf 75' lang='lat' dir='ltr'><strong>scripsi</strong></span> <span class='ocrx_word' id='word_1_296' title='bbox 2247 2510 2340 2574; x_wconf 86' lang='lat' dir='ltr'><strong>[ex</strong></span> <span class='ocrx_word' id='word_1_297' title='bbox 2360 2508 2518 2559; x_wconf 86' lang='lat' dir='ltr'><strong>codd.</strong></span> 
     </span>
     <span class='ocr_line' id='line_1_29' title="bbox 294 2575 2515 2644; baseline -0.002 -15"><span class='ocrx_word' id='word_1_298' title='bbox 294 2579 529 2631; x_wconf 72' lang='lat' dir='ltr'><strong>Florent-</strong></span> <span class='ocrx_word' id='word_1_299' title='bbox 551 2578 702 2628; x_wconf 82' lang='lat' dir='ltr'><strong>Leid.</strong></span> <span class='ocrx_word' id='word_1_300' title='bbox 721 2578 871 2628; x_wconf 87' lang='lat' dir='ltr'><strong>Voss.</strong></span> <span class='ocrx_word' id='word_1_301' title='bbox 889 2583 937 2628; x_wconf 86' lang='lat'><strong>1.</strong></span> <span class='ocrx_word' id='word_1_302' title='bbox 954 2586 1010 2629; x_wconf 89' lang='lat' dir='ltr'><strong>et</strong></span> <span class='ocrx_word' id='word_1_303' title='bbox 1026 2578 1185 2642; x_wconf 72' lang='lat' dir='ltr'><strong>Dam]</strong></span> <span class='ocrx_word' id='word_1_304' title='bbox 1247 2579 1578 2628; x_wconf 75' lang='lat' dir='ltr'><strong>Macedonum.</strong></span> <span class='ocrx_word' id='word_1_305' title='bbox 1614 2577 1756 2644; x_wconf 80' lang='lat' dir='ltr'><strong>[Pal.</strong></span> <span class='ocrx_word' id='word_1_306' title='bbox 1779 2580 1827 2625; x_wconf 86' lang='lat'><strong>1.</strong></span> <span class='ocrx_word' id='word_1_307' title='bbox 1846 2575 2166 2638; x_wconf 74' lang='lat' dir='ltr'><strong>Macedonis-1</strong></span> <span class='ocrx_word' id='word_1_308' title='bbox 2227 2575 2515 2624; x_wconf 85' lang='lat' dir='ltr'><strong>Postrema</strong></span> 
     </span>
     <span class='ocr_line' id='line_1_30' title="bbox 294 2639 2508 2708; baseline -0.003 -14"><span class='ocrx_word' id='word_1_309' title='bbox 294 2659 457 2697; x_wconf 80' lang='lat' dir='ltr'><strong>vero:</strong></span> <span class='ocrx_word' id='word_1_310' title='bbox 490 2644 685 2694; x_wconf 76' lang='lat' dir='ltr'><strong>ducenis</strong></span> <span class='ocrx_word' id='word_1_311' title='bbox 702 2644 993 2708; x_wconf 69' lang='lat' dir='ltr'><strong>pedestrium</strong></span> <span class='ocrx_word' id='word_1_312' title='bbox 1010 2642 1301 2708; x_wconf 70' lang='lat' dir='ltr'><strong>stipendium</strong></span> <span class='ocrx_word' id='word_1_313' title='bbox 1322 2658 1535 2694; x_wconf 70' lang='lat' dir='ltr'><strong>mnsam</strong></span> <span class='ocrx_word' id='word_1_314' title='bbox 1554 2648 1647 2706; x_wconf 73' lang='lat' dir='ltr'><strong>est,</strong></span> <span class='ocrx_word' id='word_1_315' title='bbox 1667 2656 1736 2693; x_wconf 85' lang='lat' dir='ltr'><strong>ex</strong></span> <span class='ocrx_word' id='word_1_316' title='bbox 1759 2640 1914 2692; x_wconf 82' lang='lat' dir='ltr'><strong>codd.</strong></span> <span class='ocrx_word' id='word_1_317' title='bbox 1933 2639 2201 2690; x_wconf 83' lang='lat' dir='ltr'><strong>emendari</strong></span> <span class='ocrx_word' id='word_1_318' title='bbox 2229 2652 2338 2689; x_wconf 89' lang='lat' dir='ltr'><strong>non</strong></span> <span class='ocrx_word' id='word_1_319' title='bbox 2359 2644 2508 2704; x_wconf 87' lang='lat' dir='ltr'><strong>pote-</strong></span> 
     </span>
     <span class='ocr_line' id='line_1_31' title="bbox 294 2704 2514 2776; baseline -0.003 -16"><span class='ocrx_word' id='word_1_320' title='bbox 294 2717 437 2761; x_wconf 80' lang='lat' dir='ltr'><strong>rant·</strong></span> <span class='ocrx_word' id='word_1_321' title='bbox 500 2709 721 2760; x_wconf 82' lang='lat' dir='ltr'><strong>Plurimi</strong></span> <span class='ocrx_word' id='word_1_322' title='bbox 754 2709 1018 2776; x_wconf 66' lang='lat' dir='ltr'><strong>[Florem.</strong></span> <span class='ocrx_word' id='word_1_323' title='bbox 1050 2708 1201 2762; x_wconf 80' lang='lat' dir='ltr'><strong>Leid.</strong></span> <span class='ocrx_word' id='word_1_324' title='bbox 1221 2709 1375 2761; x_wconf 77' lang='lat' dir='ltr'><strong>Voss.</strong></span> <span class='ocrx_word' id='word_1_325' title='bbox 1396 2713 1445 2759; x_wconf 87' lang='lat'><strong>1.</strong></span> <span class='ocrx_word' id='word_1_326' title='bbox 1477 2709 1648 2774; x_wconf 82' lang='lat' dir='ltr'><strong>Bong.</strong></span> <span class='ocrx_word' id='word_1_327' title='bbox 1674 2715 1730 2759; x_wconf 88' lang='lat' dir='ltr'><strong>et</strong></span> <span class='ocrx_word' id='word_1_328' title='bbox 1750 2705 1947 2770; x_wconf 73' lang='lat' dir='ltr'><strong>Amat-1</strong></span> <span class='ocrx_word' id='word_1_329' title='bbox 1977 2719 2074 2772; x_wconf 87' lang='lat' dir='ltr'><strong>pro</strong></span> <span class='ocrx_word' id='word_1_330' title='bbox 2095 2704 2294 2756; x_wconf 74' lang='lat' dir='ltr'><strong>ducenis</strong></span> <span class='ocrx_word' id='word_1_331' title='bbox 2325 2704 2514 2771; x_wconf 76' lang='lat' dir='ltr'><strong>legunt</strong></span> 
     </span>
    </p>
   </div>
   <div class='ocr_carea' id='block_1_6' title="bbox 289 2899 2516 3204">
    <p class='ocr_par' dir='ltr' id='par_1_6' title="bbox 289 2899 2516 3204">
     <span class='ocr_line' id='line_1_32' title="bbox 294 2899 2515 2972; baseline -0.003 -14"><span class='ocrx_word' id='word_1_332' title='bbox 294 2908 366 2958; x_wconf 80' lang='lat' dir='ltr'><strong>ad</strong></span> <span class='ocrx_word' id='word_1_333' title='bbox 401 2905 841 2972; x_wconf 75' lang='lat' dir='ltr'><strong>septemtrionem</strong></span> <span class='ocrx_word' id='word_1_334' title='bbox 864 2905 1162 2972; x_wconf 73' lang='lat' dir='ltr'><strong>Euphrates</strong></span> <span class='ocrx_word' id='word_1_335' title='bbox 1195 2921 1226 2957; x_wconf 90' lang='lat' dir='ltr'><strong>a</strong></span> <span class='ocrx_word' id='word_1_336' title='bbox 1245 2906 1362 2958; x_wconf 86' lang='lat' dir='ltr'><strong>Me·</strong></span> <span class='ocrx_word' id='word_1_337' title='bbox 1442 2907 1620 2967; x_wconf 81' lang='lat' dir='ltr'><strong>rianus</strong></span> <span class='ocrx_word' id='word_1_338' title='bbox 1666 2904 1760 2958; x_wconf 87' lang='lat' dir='ltr'><strong>lib.</strong></span> <span class='ocrx_word' id='word_1_339' title='bbox 1813 2917 1903 2955; x_wconf 85' lang='grc' dir='ltr'><strong>ιιι.</strong></span> <span class='ocrx_word' id='word_1_340' title='bbox 1969 2900 2242 2954; x_wconf 85' lang='lat' dir='ltr'><strong>Menetem</strong></span> <span class='ocrx_word' id='word_1_341' title='bbox 2296 2899 2515 2959; x_wconf 63' lang='lat' dir='ltr'><strong>Cilicia,</strong></span> 
     </span>
     <span class='ocr_line' id='line_1_33' title="bbox 295 2980 2516 3051; baseline -0.003 -15"><span class='ocrx_word' id='word_1_342' title='bbox 295 2985 595 3049; x_wconf 74' lang='lat' dir='ltr'><strong>soporamia</strong></span> <span class='ocrx_word' id='word_1_343' title='bbox 617 2984 837 3036; x_wconf 81' lang='lat' dir='ltr'><strong>dividit:</strong></span> <span class='ocrx_word' id='word_1_344' title='bbox 860 2985 926 3036; x_wconf 86' lang='lat' dir='ltr'><strong>ab</strong></span> <span class='ocrx_word' id='word_1_345' title='bbox 946 2984 1154 3036; x_wconf 83' lang='lat' dir='ltr'><strong>Occasu</strong></span> <span class='ocrx_word' id='word_1_346' title='bbox 1169 2982 1365 3036; x_wconf 85' lang='lat' dir='ltr'><strong>Arabia</strong></span> <span class='ocrx_word' id='word_1_347' title='bbox 1442 2980 1736 3050; x_wconf 73' lang='lat' dir='ltr'><strong>Phoenices,</strong></span> <span class='ocrx_word' id='word_1_348' title='bbox 1750 2985 2017 3051; x_wconf 79' lang='lat' dir='ltr'><strong>Syriaeque</strong></span> <span class='ocrx_word' id='word_1_349' title='bbox 2034 2988 2313 3050; x_wconf 66' lang='lat' dir='ltr'><strong>praetorem</strong></span> <span class='ocrx_word' id='word_1_350' title='bbox 2340 2987 2516 3031; x_wconf 83' lang='lat' dir='ltr'><strong>vocat.</strong></span> 
     </span>
     <span class='ocr_line' id='line_1_34' title="bbox 293 3057 2511 3130; baseline -0.002 -18"><span class='ocrx_word' id='word_1_351' title='bbox 293 3063 522 3114; x_wconf 81' lang='lat' dir='ltr'><strong>Deserta</strong></span> <span class='ocrx_word' id='word_1_352' title='bbox 542 3078 558 3125; x_wconf 73' lang='grc' dir='ltr'>ς</span> <span class='ocrx_word' id='word_1_353' title='bbox 591 3077 744 3128; x_wconf 82' lang='lat' dir='ltr'><strong>quam</strong></span> <span class='ocrx_word' id='word_1_354' title='bbox 766 3076 797 3113; x_wconf 85' lang='lat' dir='ltr'><strong>a</strong></span> <span class='ocrx_word' id='word_1_355' title='bbox 820 3062 1047 3113; x_wconf 83' lang='lat' dir='ltr'><strong>Meridie</strong></span> <span class='ocrx_word' id='word_1_356' title='bbox 1066 3077 1271 3129; x_wconf 85' lang='lat' dir='ltr'><strong>qnoque</strong></span> <span class='ocrx_word' id='word_1_357' title='bbox 1292 3063 1360 3113; x_wconf 82' lang='lat' dir='ltr'><strong>ad</strong></span> <span class='ocrx_word' id='word_1_358' title='bbox 1442 3065 1559 3115; x_wconf 83' lang='lat' dir='ltr'><strong>Etsi</strong></span> <span class='ocrx_word' id='word_1_359' title='bbox 1583 3063 1820 3130; x_wconf 87' lang='lat' dir='ltr'><strong>proprios</strong></span> <span class='ocrx_word' id='word_1_360' title='bbox 1842 3067 2067 3127; x_wconf 82' lang='lat' dir='ltr'><strong>utraque</strong></span> <span class='ocrx_word' id='word_1_361' title='bbox 2092 3057 2384 3124; x_wconf 64' lang='lat' dir='ltr'><strong>prefectos</strong></span> <span class='ocrx_word' id='word_1_362' title='bbox 2419 3057 2511 3107; x_wconf 86' lang='lat' dir='ltr'><strong>ha-</strong></span> 
     </span>
     <span class='ocr_line' id='line_1_35' title="bbox 289 3135 2513 3204; baseline -0.003 -16"><span class='ocrx_word' id='word_1_363' title='bbox 289 3137 570 3190; x_wconf 86' lang='lat' dir='ltr'><strong>Persicum</strong></span> <span class='ocrx_word' id='word_1_364' title='bbox 591 3153 757 3204; x_wconf 88' lang='lat' dir='ltr'><strong>usque</strong></span> <span class='ocrx_word' id='word_1_365' title='bbox 779 3138 948 3190; x_wconf 88' lang='lat' dir='ltr'><strong>sinum</strong></span> <span class='ocrx_word' id='word_1_366' title='bbox 968 3138 1202 3204; x_wconf 72' lang='lat' dir='ltr'><strong>attingit.</strong></span> <span class='ocrx_word' id='word_1_367' title='bbox 1250 3138 1363 3191; x_wconf 86' lang='lat' dir='ltr'><strong>Ho·</strong></span> <span class='ocrx_word' id='word_1_368' title='bbox 1441 3141 1569 3192; x_wconf 87' lang='lat' dir='ltr'><strong>bere</strong></span> <span class='ocrx_word' id='word_1_369' title='bbox 1588 3139 1797 3190; x_wconf 89' lang='lat' dir='ltr'><strong>interim</strong></span> <span class='ocrx_word' id='word_1_370' title='bbox 1820 3137 2014 3204; x_wconf 84' lang='lat' dir='ltr'><strong>potuit,</strong></span> <span class='ocrx_word' id='word_1_371' title='bbox 2033 3141 2164 3201; x_wconf 86' lang='lat' dir='ltr'><strong>puta</strong></span> <span class='ocrx_word' id='word_1_372' title='bbox 2178 3135 2513 3185; x_wconf 87' lang='lat' dir='ltr'><strong>Memnonem</strong></span> 
     </span>
    </p>
   </div>
   <div class='ocr_carea' id='block_1_7' title="bbox 288 3214 1367 4367">
    <p class='ocr_par' dir='ltr' id='par_1_7' title="bbox 290 3214 1367 3894">
     <span class='ocr_line' id='line_1_36' title="bbox 292 3214 1362 3280; baseline 0.001 -15"><span class='ocrx_word' id='word_1_373' title='bbox 292 3214 385 3266; x_wconf 86' lang='lat' dir='ltr'><strong>die</strong></span> <span class='ocrx_word' id='word_1_374' title='bbox 405 3216 592 3266; x_wconf 86' lang='lat' dir='ltr'><strong>Tureis</strong></span> <span class='ocrx_word' id='word_1_375' title='bbox 621 3215 782 3267; x_wconf 75' lang='lat' dir='ltr'><strong>Yerak</strong></span> <span class='ocrx_word' id='word_1_376' title='bbox 810 3221 1065 3277; x_wconf 84' lang='lat' dir='ltr'><strong>vocatur;</strong></span> <span class='ocrx_word' id='word_1_377' title='bbox 1098 3215 1246 3280; x_wconf 85' lang='lat' dir='ltr'><strong>cujus</strong></span> <span class='ocrx_word' id='word_1_378' title='bbox 1274 3230 1362 3266; x_wconf 85' lang='lat' dir='ltr'><strong>ca·</strong></span> 
     </span>
     <span class='ocr_line' id='line_1_37' title="bbox 294 3290 1361 3358; baseline 0.003 -17"><span class='ocrx_word' id='word_1_379' title='bbox 294 3298 396 3356; x_wconf 91' lang='lat' dir='ltr'><strong>put</strong></span> <span class='ocrx_word' id='word_1_380' title='bbox 428 3290 690 3355; x_wconf 78' lang='lat' dir='ltr'><strong>Babylon,</strong></span> <span class='ocrx_word' id='word_1_381' title='bbox 723 3306 830 3343; x_wconf 91' lang='lat' dir='ltr'><strong>non</strong></span> <span class='ocrx_word' id='word_1_382' title='bbox 856 3291 951 3343; x_wconf 81' lang='lat' dir='ltr'><strong>illa</strong></span> <span class='ocrx_word' id='word_1_383' title='bbox 969 3295 1223 3355; x_wconf 82' lang='lat' dir='ltr'><strong>veterum,</strong></span> <span class='ocrx_word' id='word_1_384' title='bbox 1244 3307 1361 3358; x_wconf 65' lang='grc' dir='ltr'><strong>ηοω</strong></span> 
     </span>
     <span class='ocr_line' id='line_1_38' title="bbox 292 3366 1361 3436; baseline 0.001 -18"><span class='ocrx_word' id='word_1_385' title='bbox 292 3368 366 3418; x_wconf 82' lang='lat' dir='ltr'><strong>ad</strong></span> <span class='ocrx_word' id='word_1_386' title='bbox 390 3369 712 3434; x_wconf 78' lang='lat' dir='ltr'><strong>Euphratem</strong></span> <span class='ocrx_word' id='word_1_387' title='bbox 733 3370 840 3420; x_wconf 84' lang='lat' dir='ltr'><strong>sita</strong></span> <span class='ocrx_word' id='word_1_388' title='bbox 874 3373 1007 3433; x_wconf 82' lang='lat' dir='ltr'><strong>erat,</strong></span> <span class='ocrx_word' id='word_1_389' title='bbox 1033 3366 1206 3436; x_wconf 80' lang='lat' dir='ltr'><strong>(hujus</strong></span> <span class='ocrx_word' id='word_1_390' title='bbox 1223 3370 1361 3421; x_wconf 85' lang='lat' dir='ltr'><strong>enim</strong></span> 
     </span>
     <span class='ocr_line' id='line_1_39' title="bbox 293 3444 1364 3512; baseline 0.001 -17"><span class='ocrx_word' id='word_1_391' title='bbox 293 3451 496 3511; x_wconf 76' lang='lat' dir='ltr'><strong>praeter</strong></span> <span class='ocrx_word' id='word_1_392' title='bbox 528 3445 703 3497; x_wconf 86' lang='lat' dir='ltr'><strong>ruinas</strong></span> <span class='ocrx_word' id='word_1_393' title='bbox 733 3445 862 3496; x_wconf 79' lang='lat' dir='ltr'><strong>nihil</strong></span> <span class='ocrx_word' id='word_1_394' title='bbox 892 3445 1048 3497; x_wconf 86' lang='lat' dir='ltr'><strong>hodie</strong></span> <span class='ocrx_word' id='word_1_395' title='bbox 1075 3444 1364 3512; x_wconf 84' lang='lat' dir='ltr'><strong>superest,)</strong></span> 
     </span>
     <span class='ocr_line' id='line_1_40' title="bbox 292 3522 1362 3590; baseline 0 -17"><span class='ocrx_word' id='word_1_396' title='bbox 292 3523 398 3573; x_wconf 75' lang='lat' dir='ltr'><strong>sed</strong></span> <span class='ocrx_word' id='word_1_397' title='bbox 414 3523 517 3574; x_wconf 84' lang='lat' dir='ltr'><strong>alia</strong></span> <span class='ocrx_word' id='word_1_398' title='bbox 537 3524 701 3574; x_wconf 88' lang='lat' dir='ltr'><strong>multo</strong></span> <span class='ocrx_word' id='word_1_399' title='bbox 715 3523 887 3575; x_wconf 88' lang='lat' dir='ltr'><strong>minor</strong></span> <span class='ocrx_word' id='word_1_400' title='bbox 906 3523 976 3575; x_wconf 84' lang='lat' dir='ltr'><strong>ad</strong></span> <span class='ocrx_word' id='word_1_401' title='bbox 992 3522 1194 3590; x_wconf 82' lang='lat' dir='ltr'><strong>Tigrim</strong></span> <span class='ocrx_word' id='word_1_402' title='bbox 1216 3539 1249 3574; x_wconf 89' lang='lat' dir='ltr'><strong>a</strong></span> <span class='ocrx_word' id='word_1_403' title='bbox 1270 3523 1362 3574; x_wconf 81' lang='lat' dir='ltr'><strong>Sa·</strong></span> 
     </span>
     <span class='ocr_line' id='line_1_41' title="bbox 292 3598 1364 3666; baseline -0.001 -15"><span class='ocrx_word' id='word_1_404' title='bbox 292 3599 504 3651; x_wconf 75' lang='lat' dir='ltr'><strong>racenis</strong></span> <span class='ocrx_word' id='word_1_405' title='bbox 526 3600 778 3665; x_wconf 81' lang='lat' dir='ltr'><strong>excitata,</strong></span> <span class='ocrx_word' id='word_1_406' title='bbox 807 3606 872 3651; x_wconf 89' lang='lat' dir='ltr'><strong>ut</strong></span> <span class='ocrx_word' id='word_1_407' title='bbox 891 3598 1088 3666; x_wconf 82' lang='lat' dir='ltr'><strong>ferunt,</strong></span> <span class='ocrx_word' id='word_1_408' title='bbox 1107 3600 1252 3652; x_wconf 85' lang='lat' dir='ltr'><strong>cirea</strong></span> <span class='ocrx_word' id='word_1_409' title='bbox 1272 3615 1364 3652; x_wconf 81' lang='lat' dir='ltr'><strong>aa·</strong></span> 
     </span>
     <span class='ocr_line' id='line_1_42' title="bbox 290 3676 1364 3731; baseline 0.004 -5"><span class='ocrx_word' id='word_1_410' title='bbox 290 3690 419 3728; x_wconf 85' lang='lat' dir='ltr'><strong>num</strong></span> <span class='ocrx_word' id='word_1_411' title='bbox 442 3678 637 3730; x_wconf 82' lang='lat' dir='ltr'><strong>Christi</strong></span> <span class='ocrx_word' id='word_1_412' title='bbox 655 3681 773 3730; x_wconf 72' lang='grc'><strong>758.</strong></span> <span class='ocrx_word' id='word_1_413' title='bbox 791 3676 943 3729; x_wconf 86' lang='lat' dir='ltr'><strong>nnius</strong></span> <span class='ocrx_word' id='word_1_414' title='bbox 964 3676 1072 3729; x_wconf 82' lang='lat' dir='ltr'><strong>diei</strong></span> <span class='ocrx_word' id='word_1_415' title='bbox 1089 3677 1279 3730; x_wconf 85' lang='lat' dir='ltr'><strong>itinere</strong></span> <span class='ocrx_word' id='word_1_416' title='bbox 1294 3678 1364 3731; x_wconf 82' lang='lat' dir='ltr'><strong>ab</strong></span> 
     </span>
     <span class='ocr_line' id='line_1_43' title="bbox 291 3753 1367 3822; baseline 0.004 -18"><span class='ocrx_word' id='word_1_417' title='bbox 291 3754 525 3820; x_wconf 83' lang='lat' dir='ltr'><strong>antiqua.</strong></span> <span class='ocrx_word' id='word_1_418' title='bbox 590 3754 734 3807; x_wconf 84' lang='lat' dir='ltr'><strong>Huic</strong></span> <span class='ocrx_word' id='word_1_419' title='bbox 753 3753 911 3820; x_wconf 73' lang='lat' dir='ltr'><strong>vulgo</strong></span> <span class='ocrx_word' id='word_1_420' title='bbox 941 3767 1130 3806; x_wconf 83' lang='lat' dir='ltr'><strong>nomen</strong></span> <span class='ocrx_word' id='word_1_421' title='bbox 1149 3754 1367 3822; x_wconf 68' lang='lat' dir='ltr'><strong>Bagoae,</strong></span> 
     </span>
     <span class='ocr_line' id='line_1_44' title="bbox 295 3830 664 3894; baseline 0.008 -14"><span class='ocrx_word' id='word_1_422' title='bbox 295 3830 411 3883; x_wconf 82' lang='lat' dir='ltr'><strong>sive</strong></span> <span class='ocrx_word' id='word_1_423' title='bbox 433 3832 664 3894; x_wconf 70' lang='lat' dir='ltr'><strong>Rogana.</strong></span> 
     </span>
    </p>

    <p class='ocr_par' dir='ltr' id='par_1_8' title="bbox 288 3907 1365 4367">
     <span class='ocr_line' id='line_1_45' title="bbox 358 3907 1362 3977; baseline 0.004 -18"><span class='ocrx_word' id='word_1_424' title='bbox 358 3916 384 3952; x_wconf 74' lang='lat'>5</span> <span class='ocrx_word' id='word_1_425' title='bbox 417 3908 491 3960; x_wconf 80' lang='lat' dir='ltr'><strong>Et</strong></span> <span class='ocrx_word' id='word_1_426' title='bbox 527 3908 716 3959; x_wconf 74' lang='lat' dir='ltr'><strong>Cilicio</strong></span> <span class='ocrx_word' id='word_1_427' title='bbox 750 3907 986 3975; x_wconf 73' lang='lat' dir='ltr'><strong>[civitati]</strong></span> <span class='ocrx_word' id='word_1_428' title='bbox 1018 3909 1223 3975; x_wconf 73' lang='lat' dir='ltr'><strong>Legunt</strong></span> <span class='ocrx_word' id='word_1_429' title='bbox 1242 3926 1362 3977; x_wconf 88' lang='lat' dir='ltr'><strong>per·</strong></span> 
     </span>
     <span class='ocr_line' id='line_1_46' title="bbox 291 3986 1361 4054; baseline 0.004 -16"><span class='ocrx_word' id='word_1_430' title='bbox 291 3986 486 4038; x_wconf 81' lang='lat' dir='ltr'><strong>multi:</strong></span> <span class='ocrx_word' id='word_1_431' title='bbox 534 3992 583 4038; x_wconf 80' lang='lat' dir='ltr'><strong>et</strong></span> <span class='ocrx_word' id='word_1_432' title='bbox 627 3986 818 4038; x_wconf 79' lang='lat' dir='ltr'><strong>Gilielae</strong></span> <span class='ocrx_word' id='word_1_433' title='bbox 832 4002 856 4049; x_wconf 76' lang='lat'><strong>,⁶</strong></span> <span class='ocrx_word' id='word_1_434' title='bbox 897 3988 1043 4054; x_wconf 81' lang='lat' dir='ltr'><strong>quod</strong></span> <span class='ocrx_word' id='word_1_435' title='bbox 1084 3990 1361 4043; x_wconf 85' lang='lat' dir='ltr'><strong>Freinshe-</strong></span> 
     </span>
     <span class='ocr_line' id='line_1_47' title="bbox 288 4064 1364 4134; baseline 0.003 -17"><span class='ocrx_word' id='word_1_436' title='bbox 288 4069 430 4117; x_wconf 85' lang='lat' dir='ltr'><strong>mius</strong></span> <span class='ocrx_word' id='word_1_437' title='bbox 451 4064 649 4133; x_wconf 86' lang='lat' dir='ltr'><strong>optime</strong></span> <span class='ocrx_word' id='word_1_438' title='bbox 670 4064 891 4132; x_wconf 86' lang='lat' dir='ltr'><strong>conjicit</strong></span> <span class='ocrx_word' id='word_1_439' title='bbox 909 4064 1108 4120; x_wconf 80' lang='lat' dir='ltr'><strong>factam</strong></span> <span class='ocrx_word' id='word_1_440' title='bbox 1142 4082 1220 4119; x_wconf 86' lang='lat' dir='ltr'><strong>ex·</strong></span> <span class='ocrx_word' id='word_1_441' title='bbox 1244 4083 1364 4134; x_wconf 74' lang='lat' dir='ltr'><strong>ger·</strong></span> 
     </span>
     <span class='ocr_line' id='line_1_48' title="bbox 293 4143 1365 4210; baseline 0.001 -14"><span class='ocrx_word' id='word_1_442' title='bbox 293 4158 452 4196; x_wconf 85' lang='lat' dir='ltr'><strong>mana</strong></span> <span class='ocrx_word' id='word_1_443' title='bbox 489 4143 661 4197; x_wconf 84' lang='lat' dir='ltr'><strong>Curtii</strong></span> <span class='ocrx_word' id='word_1_444' title='bbox 699 4144 996 4210; x_wconf 68' lang='lat' dir='ltr'><strong>scripturn</strong></span> <span class='ocrx_word' id='word_1_445' title='bbox 1028 4144 1300 4208; x_wconf 71' lang='lat' dir='ltr'><strong>reg-ionibus</strong></span> <span class='ocrx_word' id='word_1_446' title='bbox 1332 4162 1365 4197; x_wconf 79' lang='lat' dir='ltr'><strong>a</strong></span> 
     </span>
     <span class='ocr_line' id='line_1_49' title="bbox 297 4220 1364 4287; baseline 0.004 -15"><span class='ocrx_word' id='word_1_447' title='bbox 297 4221 574 4287; x_wconf 64' lang='lat' dir='ltr'><strong>Babylonia</strong></span> <span class='ocrx_word' id='word_1_448' title='bbox 593 4221 656 4271; x_wconf 75' lang='lat' dir='ltr'><strong>sd</strong></span> <span class='ocrx_word' id='word_1_449' title='bbox 681 4220 919 4273; x_wconf 71' lang='lat' dir='ltr'><strong>Ciliciam.</strong></span> <span class='ocrx_word' id='word_1_450' title='bbox 969 4222 1130 4274; x_wconf 83' lang='lat' dir='ltr'><strong>Certe</strong></span> <span class='ocrx_word' id='word_1_451' title='bbox 1150 4235 1217 4272; x_wconf 81' lang='lat' dir='ltr'><strong>ex</strong></span> <span class='ocrx_word' id='word_1_452' title='bbox 1236 4224 1364 4276; x_wconf 88' lang='lat' dir='ltr'><strong>Dio·</strong></span> 
     </span>
     <span class='ocr_line' id='line_1_50' title="bbox 297 4298 1363 4367; baseline 0.005 -17"><span class='ocrx_word' id='word_1_453' title='bbox 297 4300 428 4352; x_wconf 83' lang='lat' dir='ltr'><strong>doro</strong></span> <span class='ocrx_word' id='word_1_454' title='bbox 448 4305 659 4353; x_wconf 74' lang='lat' dir='ltr'><strong>constet</strong></span> <span class='ocrx_word' id='word_1_455' title='bbox 679 4298 758 4352; x_wconf 86' lang='lat' dir='ltr'><strong>ita</strong></span> <span class='ocrx_word' id='word_1_456' title='bbox 777 4298 977 4354; x_wconf 74' lang='lat' dir='ltr'><strong>fectum</strong></span> <span class='ocrx_word' id='word_1_457' title='bbox 1000 4313 1114 4354; x_wconf 86' lang='lat' dir='ltr'><strong>esse</strong></span> <span class='ocrx_word' id='word_1_458' title='bbox 1132 4319 1151 4367; x_wconf 75' lang='lat'>3</span> <span class='ocrx_word' id='word_1_459' title='bbox 1184 4308 1240 4353; x_wconf 90' lang='lat' dir='ltr'><strong>et</strong></span> <span class='ocrx_word' id='word_1_460' title='bbox 1262 4300 1363 4355; x_wconf 87' lang='lat' dir='ltr'><strong>Ar·</strong></span> 
     </span>
    </p>
   </div>
   <div class='ocr_carea' id='block_1_8' title="bbox 1438 3206 2513 3283">
    <p class='ocr_par' dir='ltr' id='par_1_9' title="bbox 1438 3206 2513 3283">
     <span class='ocr_line' id='line_1_51' title="bbox 1438 3206 2513 3283; baseline -0.01 -14"><span class='ocrx_word' id='word_1_461' title='bbox 1438 3218 1610 3283; x_wconf 79' lang='lat' dir='ltr'><strong>Syria,</strong></span> <span class='ocrx_word' id='word_1_462' title='bbox 1632 3217 1724 3269; x_wconf 88' lang='lat' dir='ltr'><strong>lib.</strong></span> <span class='ocrx_word' id='word_1_463' title='bbox 1745 3230 1824 3267; x_wconf 77' lang='grc' dir='ltr'><strong>ιν.</strong></span> <span class='ocrx_word' id='word_1_464' title='bbox 1846 3229 1965 3280; x_wconf 83' lang='lat' dir='ltr'><strong>cap.</strong></span> <span class='ocrx_word' id='word_1_465' title='bbox 1984 3216 2036 3264; x_wconf 83' lang='grc'><strong>8.</strong></span> <span class='ocrx_word' id='word_1_466' title='bbox 2099 3212 2369 3263; x_wconf 84' lang='lat' dir='ltr'><strong>Socratem</strong></span> <span class='ocrx_word' id='word_1_467' title='bbox 2387 3206 2513 3259; x_wconf 87' lang='lat' dir='ltr'><strong>Cili·</strong></span> 
     </span>
    </p>
   </div>
   <div class='ocr_carea' id='block_1_9' title="bbox 1441 3295 2511 3436">
    <p class='ocr_par' dir='ltr' id='par_1_10' title="bbox 1441 3295 2511 3436">
     <span class='ocr_line' id='line_1_52' title="bbox 1441 3295 1962 3358; baseline -0.01 -10"><span class='ocrx_word' id='word_1_468' title='bbox 1441 3298 1527 3349; x_wconf 84' lang='lat' dir='ltr'><strong>cia</strong></span> <span class='ocrx_word' id='word_1_469' title='bbox 1549 3295 1642 3346; x_wconf 86' lang='lat' dir='ltr'><strong>lib.</strong></span> <span class='ocrx_word' id='word_1_470' title='bbox 1665 3309 1748 3346; x_wconf 71' lang='grc' dir='ltr'><strong>ιν.</strong></span> <span class='ocrx_word' id='word_1_471' title='bbox 1769 3309 1887 3358; x_wconf 82' lang='lat' dir='ltr'><strong>cap.</strong></span> <span class='ocrx_word' id='word_1_472' title='bbox 1908 3296 1962 3343; x_wconf 80' lang='grc'><strong>7.</strong></span> 
     </span>
     <span class='ocr_line' id='line_1_53' title="bbox 1506 3361 2511 3436; baseline -0.014 -11"><span class='ocrx_word' id='word_1_473' title='bbox 1506 3381 1528 3408; x_wconf 82' lang='lat'>⁸</span> <span class='ocrx_word' id='word_1_474' title='bbox 1560 3370 1819 3436; x_wconf 74' lang='lat' dir='ltr'><strong>Satrapen]</strong></span> <span class='ocrx_word' id='word_1_475' title='bbox 1862 3368 1969 3420; x_wconf 83' lang='lat' dir='ltr'><strong>Ubi</strong></span> <span class='ocrx_word' id='word_1_476' title='bbox 2012 3363 2318 3418; x_wconf 74' lang='lat' dir='ltr'><strong>Alexander</strong></span> <span class='ocrx_word' id='word_1_477' title='bbox 2352 3361 2511 3413; x_wconf 79' lang='lat' dir='ltr'><strong>alium</strong></span> 
     </span>
    </p>
   </div>
   <div class='ocr_carea' id='block_1_10' title="bbox 1438 3444 2513 3743">
    <p class='ocr_par' dir='ltr' id='par_1_11' title="bbox 1438 3444 2513 3743">
     <span class='ocr_line' id='line_1_54' title="bbox 1438 3444 2510 3518; baseline -0.012 -15"><span class='ocrx_word' id='word_1_478' title='bbox 1438 3453 1718 3518; x_wconf 76' lang='lat' dir='ltr'><strong>satrapam</strong></span> <span class='ocrx_word' id='word_1_479' title='bbox 1740 3444 2039 3509; x_wconf 84' lang='lat' dir='ltr'><strong>constituit,</strong></span> <span class='ocrx_word' id='word_1_480' title='bbox 2053 3445 2212 3495; x_wconf 81' lang='lat' dir='ltr'><strong>alium</strong></span> <span class='ocrx_word' id='word_1_481' title='bbox 2229 3450 2510 3506; x_wconf 72' lang='lat' dir='ltr'><strong>praetorem</strong></span> 
     </span>
     <span class='ocr_line' id='line_1_55' title="bbox 1439 3516 2512 3593; baseline -0.01 -13"><span class='ocrx_word' id='word_1_482' title='bbox 1439 3529 1552 3580; x_wconf 85' lang='lat' dir='ltr'><strong>sive</strong></span> <span class='ocrx_word' id='word_1_483' title='bbox 1585 3527 1853 3593; x_wconf 86' lang='lat' dir='ltr'><strong>copiarum</strong></span> <span class='ocrx_word' id='word_1_484' title='bbox 1884 3523 2094 3585; x_wconf 86' lang='lat' dir='ltr'><strong>ducem,</strong></span> <span class='ocrx_word' id='word_1_485' title='bbox 2129 3525 2222 3570; x_wconf 84' lang='lat' dir='ltr'><strong>ant</strong></span> <span class='ocrx_word' id='word_1_486' title='bbox 2252 3516 2394 3569; x_wconf 83' lang='lat' dir='ltr'><strong>urbis</strong></span> <span class='ocrx_word' id='word_1_487' title='bbox 2431 3531 2512 3569; x_wconf 86' lang='lat' dir='ltr'><strong>ar-</strong></span> 
     </span>
     <span class='ocr_line' id='line_1_56' title="bbox 1440 3593 2513 3670; baseline -0.014 -12"><span class='ocrx_word' id='word_1_488' title='bbox 1440 3606 1587 3658; x_wconf 83' lang='lat' dir='ltr'><strong>cisve</strong></span> <span class='ocrx_word' id='word_1_489' title='bbox 1640 3599 1949 3670; x_wconf 67' lang='lat' dir='ltr'><strong>prefectum</strong></span> <span class='ocrx_word' id='word_1_490' title='bbox 1974 3613 1991 3661; x_wconf 80' lang='lat'>3</span> <span class='ocrx_word' id='word_1_491' title='bbox 2046 3598 2291 3661; x_wconf 75' lang='lat' dir='ltr'><strong>Satrapae</strong></span> <span class='ocrx_word' id='word_1_492' title='bbox 2346 3593 2513 3659; x_wconf 85' lang='lat' dir='ltr'><strong>impe-</strong></span> 
     </span>
     <span class='ocr_line' id='line_1_57' title="bbox 1440 3670 2511 3743; baseline -0.014 -7"><span class='ocrx_word' id='word_1_493' title='bbox 1440 3683 1575 3736; x_wconf 86' lang='lat' dir='ltr'><strong>rinm</strong></span> <span class='ocrx_word' id='word_1_494' title='bbox 1607 3682 1661 3732; x_wconf 90' lang='lat' dir='ltr'><strong>in</strong></span> <span class='ocrx_word' id='word_1_495' title='bbox 1683 3681 1821 3732; x_wconf 81' lang='lat' dir='ltr'><strong>solos</strong></span> <span class='ocrx_word' id='word_1_496' title='bbox 1852 3677 2015 3742; x_wconf 83' lang='lat' dir='ltr'><strong>cives,</strong></span> <span class='ocrx_word' id='word_1_497' title='bbox 2035 3678 2318 3743; x_wconf 61' lang='lat' dir='ltr'><strong>pratorum</strong></span> <span class='ocrx_word' id='word_1_498' title='bbox 2339 3670 2395 3723; x_wconf 87' lang='lat' dir='ltr'><strong>in</strong></span> <span class='ocrx_word' id='word_1_499' title='bbox 2415 3670 2511 3723; x_wconf 86' lang='lat' dir='ltr'><strong>mi·</strong></span> 
     </span>
    </p>
   </div>
   <div class='ocr_carea' id='block_1_11' title="bbox 1440 3762 2510 3897">
    <p class='ocr_par' dir='ltr' id='par_1_12' title="bbox 1440 3762 2510 3897">
     <span class='ocr_line' id='line_1_58' title="bbox 1440 3762 1721 3813; baseline -0.014 0"><span class='ocrx_word' id='word_1_500' title='bbox 1440 3762 1566 3813; x_wconf 87' lang='lat' dir='ltr'><strong>lites</strong></span> <span class='ocrx_word' id='word_1_501' title='bbox 1587 3766 1721 3811; x_wconf 83' lang='lat' dir='ltr'><strong>erat.</strong></span> 
     </span>
     <span class='ocr_line' id='line_1_59' title="bbox 1506 3823 2510 3897; baseline -0.014 -9"><span class='ocrx_word' id='word_1_502' title='bbox 1506 3843 1533 3872; x_wconf 79' lang='lat'>⁸</span> <span class='ocrx_word' id='word_1_503' title='bbox 1559 3830 1815 3897; x_wconf 69' lang='lat' dir='ltr'><strong>Armenia]</strong></span> <span class='ocrx_word' id='word_1_504' title='bbox 1847 3828 2071 3884; x_wconf 79' lang='lat' dir='ltr'><strong>Quando</strong></span> <span class='ocrx_word' id='word_1_505' title='bbox 2086 3839 2257 3894; x_wconf 82' lang='lat' dir='ltr'><strong>quove</strong></span> <span class='ocrx_word' id='word_1_506' title='bbox 2279 3824 2433 3876; x_wconf 87' lang='lat' dir='ltr'><strong>modo</strong></span> <span class='ocrx_word' id='word_1_507' title='bbox 2456 3823 2510 3875; x_wconf 88' lang='lat' dir='ltr'><strong>ln</strong></span> 
     </span>
    </p>
   </div>
   <div class='ocr_carea' id='block_1_12' title="bbox 1440 3904 2512 4133">
    <p class='ocr_par' dir='ltr' id='par_1_13' title="bbox 1440 3904 2512 4133">
     <span class='ocr_line' id='line_1_60' title="bbox 1443 3904 2510 3982; baseline -0.014 -14"><span class='ocrx_word' id='word_1_508' title='bbox 1443 3918 1761 3982; x_wconf 85' lang='lat' dir='ltr'><strong>potestatem</strong></span> <span class='ocrx_word' id='word_1_509' title='bbox 1803 3906 2095 3960; x_wconf 82' lang='lat' dir='ltr'><strong>Alexandri</strong></span> <span class='ocrx_word' id='word_1_510' title='bbox 2140 3904 2365 3967; x_wconf 82' lang='lat' dir='ltr'><strong>venerit,</strong></span> <span class='ocrx_word' id='word_1_511' title='bbox 2408 3917 2510 3954; x_wconf 88' lang='lat' dir='ltr'><strong>non</strong></span> 
     </span>
     <span class='ocr_line' id='line_1_61' title="bbox 1442 3986 2509 4060; baseline -0.014 -13"><span class='ocrx_word' id='word_1_512' title='bbox 1442 3993 1667 4060; x_wconf 87' lang='lat' dir='ltr'><strong>reperio.</strong></span> <span class='ocrx_word' id='word_1_513' title='bbox 1730 3988 1838 4042; x_wconf 87' lang='lat' dir='ltr'><strong>Sed</strong></span> <span class='ocrx_word' id='word_1_514' title='bbox 1865 3986 2119 4039; x_wconf 81' lang='lat' dir='ltr'><strong>credibile</strong></span> <span class='ocrx_word' id='word_1_515' title='bbox 2148 3991 2231 4035; x_wconf 82' lang='lat' dir='ltr'><strong>est</strong></span> <span class='ocrx_word' id='word_1_516' title='bbox 2261 3989 2509 4035; x_wconf 78' lang='lat' dir='ltr'><strong>eventum</strong></span> 
     </span>
     <span class='ocr_line' id='line_1_62' title="bbox 1440 4060 2512 4133; baseline -0.01 -11"><span class='ocrx_word' id='word_1_517' title='bbox 1440 4071 1636 4122; x_wconf 66' lang='lat' dir='ltr'><strong>ultime</strong></span> <span class='ocrx_word' id='word_1_518' title='bbox 1653 4080 1843 4133; x_wconf 64' lang='lat' dir='ltr'><strong>pugna</strong></span> <span class='ocrx_word' id='word_1_519' title='bbox 1860 4068 2110 4116; x_wconf 82' lang='lat' dir='ltr'><strong>secutam.</strong></span> <span class='ocrx_word' id='word_1_520' title='bbox 2129 4060 2376 4126; x_wconf 71' lang='lat' dir='ltr'><strong>Sardium]</strong></span> <span class='ocrx_word' id='word_1_521' title='bbox 2396 4060 2512 4111; x_wconf 86' lang='lat' dir='ltr'><strong>Lib.</strong></span> 
     </span>
    </p>
   </div>
   <div class='ocr_carea' id='block_1_13' title="bbox 1440 4149 2509 4286">
    <p class='ocr_par' dir='ltr' id='par_1_14' title="bbox 1440 4149 2509 4286">
     <span class='ocr_line' id='line_1_63' title="bbox 1440 4149 1778 4212; baseline -0.015 -12"><span class='ocrx_word' id='word_1_522' title='bbox 1440 4161 1533 4200; x_wconf 87' lang='grc' dir='ltr'><strong>ιιι.</strong></span> <span class='ocrx_word' id='word_1_523' title='bbox 1551 4161 1669 4212; x_wconf 87' lang='lat' dir='ltr'><strong>cap.</strong></span> <span class='ocrx_word' id='word_1_524' title='bbox 1693 4149 1778 4196; x_wconf 80' lang='grc'><strong>12.</strong></span> 
     </span>
     <span class='ocr_line' id='line_1_64' title="bbox 1507 4213 2509 4286; baseline -0.016 -9"><span class='ocrx_word' id='word_1_525' title='bbox 1507 4224 1531 4260; x_wconf 77' lang='lat'><strong>&#39;²</strong></span> <span class='ocrx_word' id='word_1_526' title='bbox 1566 4220 1798 4286; x_wconf 68' lang='lat' dir='ltr'><strong>Deserit]</strong></span> <span class='ocrx_word' id='word_1_527' title='bbox 1830 4219 2097 4272; x_wconf 81' lang='lat' dir='ltr'><strong>Usitatum</strong></span> <span class='ocrx_word' id='word_1_528' title='bbox 2139 4213 2385 4268; x_wconf 75' lang='lat' dir='ltr'><strong>Romanis</strong></span> <span class='ocrx_word' id='word_1_529' title='bbox 2428 4226 2509 4263; x_wconf 82' lang='lat' dir='ltr'><strong>ar·</strong></span> 
     </span>
    </p>
   </div>
   <div class='ocr_carea' id='block_1_14' title="bbox 1445 4291 2512 4370">
    <p class='ocr_par' dir='ltr' id='par_1_15' title="bbox 1445 4291 2512 4370">
     <span class='ocr_line' id='line_1_65' title="bbox 1445 4291 2512 4370; baseline -0.015 -14"><span class='ocrx_word' id='word_1_530' title='bbox 1445 4309 1648 4370; x_wconf 74' lang='lat' dir='ltr'><strong>genteae</strong></span> <span class='ocrx_word' id='word_1_531' title='bbox 1674 4305 1896 4352; x_wconf 84' lang='lat' dir='ltr'><strong>monetae</strong></span> <span class='ocrx_word' id='word_1_532' title='bbox 1915 4309 2095 4364; x_wconf 72' lang='lat' dir='ltr'><strong>genus,</strong></span> <span class='ocrx_word' id='word_1_533' title='bbox 2112 4307 2180 4345; x_wconf 81' lang='lat' dir='ltr'><strong>ex</strong></span> <span class='ocrx_word' id='word_1_534' title='bbox 2202 4307 2267 4344; x_wconf 88' lang='lat' dir='ltr'><strong>eo</strong></span> <span class='ocrx_word' id='word_1_535' title='bbox 2288 4291 2512 4355; x_wconf 86' lang='lat' dir='ltr'><strong>dictum,</strong></span> 
     </span>
    </p>
   </div>
  </div>
 </body>
</html>
