2978 4933
527 333 659 403 466
1001 348 1071 409 Q.
1118 344 1380 397 cumn
1433 345 1613 396 num
1666 345 1806 399 ωΒ.
1854 346 1957 398 vi.
2001 346 2171 399 car».
2210 333 2275 398 7.

529 516 662 567 suo
702 490 968 579 regem:
1008 490 1384 571 causatu&
1443 490 1772 558 discessit.
1863 490 2148 559 Postero
2201 491 2312 559 die
2355 491 2738 562 Cebalinus

525 598 822 669 venienti
845 598 916 663 in
948 595 1208 680 regiam
1233 602 1624 683 praestoest
1649 615 1670 663 ε
1700 595 2190 683 intrantemque
2216 598 2530 675 admonet
2561 603 2584 633 ‘
2606 601 2744 684 pri·

526 704 639 771 die
688 702 1200 775 communicatae
1254 720 1409 767 cum
1466 699 1623 786 ipso
1670 696 1816 766 rei.'
1903 700 2030 767 Ille
2081 706 2104 736 ‘
2128 720 2307 780 curae
2354 702 2487 766 sibi
2537 721 2703 767 esse
2723 702 2740 727 '

522 806 914 895 respondit:
974 824 1058 872 ac
1109 823 1195 870 ne
1227 812 1370 871 tum
1402 791 1681 889 quidem
1725 804 1888 889 regi,
1933 824 2086 890 quae
2140 805 2462 884 audierat,
2492 805 2742 889 aperit.

521 911 848 997 Coeperat
877 909 1202 977 Cebalino
1218 928 1368 976 esse
1390 915 1771 994 suspectus.
1860 909 1970 977 22.
1996 910 2237 995 Itaque
2264 926 2397 975 non
2426 909 2608 975 ultra
2629 909 2741 973 in-

522 1015 1023 1101 terpellandum
1055 1019 1267 1093 ratus,
1302 1012 1521 1079 nobili
1542 1013 1808 1099 juveni,
1855 1011 2125 1081 Metron
2150 1019 2294 1083 erat
2333 1014 2398 1101 ei
2449 1032 2733 1091 nomen,

522 1140 720 1205 super
769 1117 1398 1187 armamentariume
1453 1116 1728 1201 posito,·‘
1768 1120 1789 1152 ‘
1811 1116 1996 1202 qnod
2044 1116 2270 1185 scelus
2324 1114 2727 1203 pararetur,'

518 1222 794 1295 indicat.
881 1221 990 1289 23.
1039 1222 1186 1301 Ille,
1235 1220 1568 1306 Cebalino
1625 1221 1697 1287 in
1728 1220 2241 1289 armamentario
2297 1219 2735 1296 abscondito,

519 1333 837 1413 protenus
861 1326 1026 1409 regi,
1056 1344 1302 1410 corpus
1331 1325 1501 1392 forte
1528 1320 1834 1404 curanti,‘
1872 1327 1893 1359 ‘
1917 1322 2081 1410 quid
2113 1324 2179 1390 ei
2205 1322 2416 1389 index
2445 1322 2735 1389 detulis-

518 1425 673 1507 set‚’
714 1429 1033 1499 ostendit.
1119 1429 1230 1494 24.
1277 1428 1458 1509 Rex,
1513 1428 1604 1495 ad
1647 1425 2340 1514 comprehendendum
2385 1427 2732 1511 Dymnum

516 1532 750 1603 missis
794 1531 1216 1612 satellitibus,
1275 1533 1859 1600 armamentarium
1916 1532 2154 1603 intrat:
2199 1530 2295 1598 ibi
2357 1529 2727 1596 Cebalinus

516 1634 762 1717 gaudio
788 1634 1032 1713 elatuS,
1063 1639 1082 1668 ‘
1099 1634 1374 1714 Habeo,
1398 1634 1510 1715 te‚'
1528 1633 1767 1720 inquit,
1794 1635 2229 1701 ‘incolumem
2261 1654 2351 1700 ex
2371 1633 2731 1717 impiorum

494 1738 827 1807 *manibus
886 1734 1240 1823 ereptum.'
1321 1738 1432 1806 25.
1505 1737 1956 1804 Percontatus
2001 1737 2248 1804 deinde
2309 1732 2730 1812 Alexander,

515 1860 670 1925 quae
694 1841 1045 1908 noscenda
1072 1846 1285 1920 erant,
1310 1841 1549 1911 ordine
1578 1848 1827 1908 cuncta
1856 1842 2228 1925 cognoscit.
2318 1839 2728 1924 Rursusque

512 1942 754 2014 institit
783 1964 1101 2030 quaerere,
1148 1949 1169 1981 ‘
1197 1953 1442 2031 quotus
1492 1944 1645 2013 dies
1688 1952 1900 2024 esset,
1934 1964 2025 2011 ex
2072 1963 2207 2029 quo
2265 1942 2726 2010 Nicomachus

508 2045 600 2115 ad
620 2066 772 2114 eum
800 2047 1156 2114 detulisset
1200 2046 1563 2117 indicium!
1645 2047 1755 2117 26.
1803 2048 2035 2133 Atque
2079 2046 2199 2115 illo
2243 2047 2515 2125 fatente,
2546 2046 2719 2131 ‘jam

510 2151 782 2217 tertium
811 2149 1007 2233 esse,'
1049 2151 1470 2231 existimans,
1503 2149 1684 2217 haud
1727 2150 2114 2235 incorrupta
2161 2149 2296 2219 fide
2328 2154 2520 2218 tanto
2565 2154 2721 2233 post

512 2252 766 2319 deferre
810 2273 963 2338 quae
986 2252 1315 2334 audierat,
1346 2257 1369 2287 ‘
1387 2251 1634 2319 vinciri
1651 2271 1805 2319 eum
1833 2251 1852 2280 ⁹
1871 2252 2100 2340 jussit.
2188 2252 2297 2320 27.
2330 2250 2463 2317 Ille
2494 2251 2720 2318 clami-

509 2363 654 2423 tare
698 2357 935 2440 coepit,
979 2361 999 2391 ‘
1023 2356 1261 2423 eodem
1315 2355 1640 2442 temporis
1679 2362 2041 2437 momento,
2075 2376 2216 2441 quo
2263 2355 2591 2435 audisset,
2634 2354 2718 2419 ad

571 2540 600 2576 ¹⁸
637 2543 842 2594 Causam
861 2539 1072 2608 qfferens
1089 2544 1212 2607 quod
1236 2542 1367 2608 Regi
1384 2558 1480 2594 non
1499 2545 1711 2594 vacasset
1733 2542 1979 2593 attendere
1998 2557 2097 2593 sna
2116 2541 2361 2593 delationi.

571 2607 589 2641 ἱ
620 2609 997 2662 Armumenturii
1012 2609 1258 2674 proesscto.

504 2820 648 2872 Dan.
669 2822 765 2872 sibi
785 2829 923 2874 esset.
984 2822 1215 2875 Floreat.
1248 2822 1397 2876 Leid.
1419 2823 1575 2875 Voss.
1600 2829 1649 2876 1.
1667 2827 1721 2876 2.
1744 2822 1912 2887 Βοῦς.
1931 2827 1988 2875 et
2006 2822 2142 2872 Dan.
2162 2824 2561 2886 respondete-22
2596 2822 2712 2873 And.

506 2886 674 2937 Colin·
712 2887 915 2952 Gryph.
949 2886 1062 2938 Col.
1095 2890 1232 2940 Mer·
1269 2896 1324 2944 et
1359 2891 1484 2941 Bas.
1526 2889 1923 2954 interpolantium.
1985 2887 2156 2952 Βοῦς.
2193 2888 2410 2942 Gruteri
2451 2889 2675 2944 Metram
2689 2906 2709 2947 ς

502 2951 645 3002 Mer.
670 2953 895 3012 Maiori,-
937 2953 1061 3002 Bas.
1084 2954 1302 3005 Meti-ion
1317 2971 1339 3014 ,·
1370 2953 1495 3005 Ald.
1513 2955 1686 3010 Colin.
1707 2953 1910 3019 Gryph·
1935 2953 2049 3004 Col.
2072 2953 2224 3006 Frob.
2247 2954 2383 3004 Mer.
2405 2954 2533 3003 Bas.
2550 2954 2708 3018 Lugd.

502 3016 618 3066 Elz.
642 3023 697 3065 et
718 3015 888 3067 Amst.
909 3019 1176 3080 nomenci5
1231 3019 1377 3070 Laid.
1413 3021 1649 3070 Floreat.
1671 3021 1821 3070 Voss.
1844 3023 1958 3070 m.
1996 3019 2168 3084 Bong.
2207 3019 2446 3082 Gruteri,
2479 3021 2622 3070 Dan.
2658 3025 2709 3068 et

501 3081 641 3133 Pall-
664 3086 713 3130 1.
732 3085 783 3138 2.
802 3085 852 3131 8.
887 3082 936 3134 ei
953 3091 1136 3135 nomen.
1201 3084 1340 3134 Vide
1362 3085 1488 3136 Not.
1507 3085 1765 3136 Van—28
1801 3084 2034 3135 merent.
2060 3082 2207 3136 Leid.
2231 3091 2288 3136 et
2309 3085 2461 3138 Voss.
2487 3091 2535 3135 1.
2565 3085 2708 3135 omit·

503 3153 625 3197 tunt
646 3147 692 3196 ei
729 3153 859 3197 ante
875 3146 1172 3200 isdem—24
1207 3150 1442 3202 Floreat.
1483 3150 1898 3201 ἐπάνιθι-26
1935 3148 2082 3199 Leid.
2106 3157 2165 3201 et
2184 3150 2338 3201 Voss.
2366 3156 2413 3200 1.
2454 3151 2705 3201 Mesom-

501 3215 735 3266 eusa-ssfl
768 3212 925 3262 Voss.
948 3217 999 3262 8.
1017 3228 1156 3278 posse
1173 3215 1225 3265 di
1267 3231 1389 3267 erre·
1451 3216 1687 3270 Floreat.
1707 3213 1856 3265 Leid.
1878 3222 1935 3264 et
1953 3214 2105 3265 Voss.
2124 3214 2434 3275 &jusseram
2490 3217 2637 3266 Voss.
2657 3219 2709 3266 1-

487 3277 645 3339 Jussit
663 3282 871 3334 ate-2¹7
904 3277 1043 3329 Edd.
1064 3285 1188 3330 ante
1281 3281 1446 3331 einsh.
1469 3281 1724 3332 omittunt
1741 3279 1906 3344 cepit,
1925 3279 2062 3344 quod
2083 3280 2279 3331 habent
2313 3281 2546 3332 Florent.
2569 3279 2709 3331 Laid.

501 3345 648 3393 Voss.
674 3349 721 3394 1.
736 3347 787 3395 2.
809 3357 987 3395 omnes
1017 3343 1253 3410 Gruteri,
1273 3345 1399 3397 And.
1422 3346 1590 3399 Colin.
1612 3344 1819 3410 Gryph.
1854 3344 2009 3396 Frob.
2033 3345 2147 3397 Col.
2177 3347 2315 3397 Mer.
2336 3352 2393 3396 et
2414 3348 2541 3397 Bas.
2605 3347 2701 3396 Pro

501 3411 714 3461 audisset
735 3409 853 3460 Pal.
875 3411 924 3460 2.
946 3410 1145 3475 adisset,
1183 3418 1241 3462 et
1262 3412 1435 3464 omnia
1466 3411 1643 3466 omisit
1676 3424 1843 3477 usque
1877 3410 1942 3460 ad
1976 3426 2042 3461 aa
2084 3411 2364 3463 institisset.
2416 3413 2555 3463 Edd.
2577 3418 2693 3462 vett.

1494 3538 1711 3593 Nom

562 3643 585 3669 Θ
616 3635 1077 3702 Amamentoerim]
1141 3638 1311 3689 Locus
1357 3639 1410 3689 in
1456 3653 1562 3706 quo
1642 3637 1791 3700 θήκην
1811 3637 2009 3691 dicere.
2059 3638 2180 3692 Nisi
2200 3639 2335 3691 forte
2358 3641 2502 3709 quod
2526 3641 2577 3692 in
2599 3655 2696 3690 ves·

499 3727 645 3762 arma
679 3721 961 3780 ceteraque
988 3713 1054 3765 ad
1079 3714 1321 3768 bellicum
1343 3731 1562 3782 appara·
1644 3715 1800 3767 tiario
1843 3715 1985 3781 regis
2020 3730 2225 3782 quoque
2262 3731 2407 3768 arma
2449 3731 2694 3768 servaren-

495 3794 609 3840 tum
633 3792 926 3855 spectantia
948 3793 1323 3858 reconduntur,
1346 3810 1412 3845 im
1429 3810 1561 3846 aree·
1643 3797 1748 3857 tur,
1763 3794 2183 3845 ornamenta-ium
2203 3795 2303 3846 hoc
2325 3798 2440 3848 loco
2458 3797 2591 3848 idem
2611 3810 2693 3861 pu·

496 3880 604 3917 nac.
636 3866 742 3917 Sed
764 3868 998 3921 Gallicus
1024 3870 1282 3936 interpres
1305 3872 1483 3935 vertit,
1514 3875 1564 3925 la
1641 3869 1778 3923 tavit
1808 3884 1921 3922 esse
1952 3885 2013 3922 ac
2032 3872 2049 3899 ‘
2070 3873 2413 3939 vestiarium,'
2433 3875 2604 3941 itaque
2623 3874 2691 3923 in·

492 3945 781 4005 garder-oba
814 3947 954 4010 quod
988 3954 1048 3998 ut
1080 3949 1191 4000 sine
1225 3949 1428 4001 ratione
1456 3947 1564 3999 fac·
1642 3947 1925 4012 terpretari
1946 3948 2147 3999 maluit.

498 4029 609 4072 tum
634 4035 666 4070 a
698 4027 845 4072 tanto
871 4023 981 4074 viro
1013 4040 1116 4077 non
1153 4027 1464 4091 putaverim,
1486 4026 1564 4079 ita
1706 4023 1729 4057 ¹*
1758 4025 1990 4090 Camurti]
2024 4026 2241 4078 Levanti
2264 4027 2317 4078 in
2339 4027 2541 4086 balneo,
2559 4033 2612 4077 ut
2627 4041 2683 4076 ex

497 4113 613 4165 quae
636 4096 865 4150 faciendi
897 4113 1057 4151 causa
1090 4100 1271 4167 fuerit,
1292 4104 1464 4154 minus
1482 4117 1563 4153 as·
1643 4099 1882 4153 Diodoro
1899 4103 2203 4170 accipimus,
2223 4111 2279 4156 et
2302 4119 2369 4156 ex
2388 4106 2499 4171 ipso
2521 4103 2684 4156 Curtio

492 4190 717 4241 sequor3
750 4178 1041 4241 praesertim
1070 4194 1186 4232 cum
1210 4180 1412 4231 videam
1434 4181 1561 4232 Dio·
1641 4192 1757 4246 esp.
1780 4182 1832 4233 8.

495 4251 697 4318 dorum,
723 4268 790 4306 ex
814 4268 919 4320 quo
941 4256 1125 4307 sumsit
1158 4257 1389 4321 Curtius,
1411 4257 1560 4310 ὁπλο-
