2978 4933
787 392 907 443 011.
954 389 1144 443 oxu.
1188 376 1254 443 2.
1327 394 1404 445 A.
1449 392 1573 444 cn.
1618 394 1696 447 n.
1728 364 1887 450 Q.
2303 382 2437 451 299

254 540 420 622 gata,
479 535 640 603 inter
688 555 921 605 socrus
938 547 979 577 W
1023 544 1114 605 et*
1137 540 1468 627 virginum
1512 541 1803 610 filiarum
1850 561 2092 610 manus
2128 542 2437 628 collapsa

252 653 406 721 erat,
439 642 678 714 deinde
706 649 777 709 et
814 644 1149 710 extincta:
1204 645 1277 710 id
1301 648 1524 732 ipsum
1553 646 1868 712 nuntians
1900 647 2078 713 alius
2119 666 2437 733 superve-

249 744 358 810 nit.
435 744 549 812 20.
593 746 835 813 Etrex
853 746 1040 812 haud
1081 767 1306 827 necue,
1338 768 1544 834 quam
1586 750 1646 815 si
1691 751 1994 835 parentis
2025 749 2231 835 [suae]
2256 767 2435 814 mors

249 847 545 922 nuntiata
573 856 791 928 essct,
821 852 1103 918 crebros
1130 850 1342 916 edidit
1369 854 1698 935 gemitus:
1743 853 2196 939 lacrymisque
2240 854 2435 919 obor-

247 950 352 1030 fis,
391 952 628 1036 quales
683 952 938 1017 Darius
984 952 1435 1037 profudisset,
1493 959 1562 1021 in
1617 958 2138 1037 tabernaculum,
2181 958 2250 1021 in
2295 976 2439 1041 quo.

245 1062 443 1120 mater
490 1060 638 1121 erat
692 1055 914 1135 Darii,
959 1056 1283 1123 defuncto
1330 1059 1647 1124 assidens
1695 1060 1986 1145 corpori,
2029 1060 2237 1126 venit.
2322 1062 2433 1126 21.

249 1156 380 1223 Hic
409 1178 567 1224 vero
598 1165 959 1236 renovatus
1003 1168 1107 1227 est
1132 1180 1404 1241 moeror,
1435 1170 1516 1229 ut
1561 1169 1967 1248 prostratam
2012 1163 2200 1228 humi
2227 1163 2433 1231 vidit:

244 1263 485 1328 recenti
570 1265 751 1330 malo
825 1264 1122 1349 priorum
1183 1277 1455 1351 quoque
1516 1266 1902 1347 admonita?
1964 1272 2303 1352 receperat
2364 1269 2435 1333 iu

246 1368 551 1448 gremium
611 1368 884 1434 adultas
941 1368 1250 1452 virgines,
1309 1388 1553 1453 magna
1596 1370 1869 1455 quidem
1922 1369 2134 1436 mutui
2185 1370 2434 1436 doloris

250 1470 532 1553 solatia3
586 1470 704 1537 sed
764 1472 1011 1556 quibus
1069 1469 1224 1555 ipsa
1281 1471 1549 1537 deberet
1607 1492 1761 1538 esse
1817 1471 2093 1538 solatio.
2200 1472 2307 1564 22.
2351 1474 2435 1538 In

246 1582 605 1658 conspectu
644 1582 810 1641 'erat
874 1581 1138 1659 nepos³t
1201 1575 1551 1660 parvuluS,
1610 1576 1701 1641 ob
1756 1574 1827 1640 id
1886 1576 2112 1660 ipsum
2156 1576 2435 1642 misera-

244 1675 415 1756 bilis,
475 1678 656 1763 quod
702 1678 998 1744 noudum
1058 1678 1394 1744 sentiebat
1450 1679 1925 1758 calamitatem,
1982 1679 2285 1745 maxima
2345 1698 2437 1743 ex

244 1787 424 1863 parte
506 1781 596 1846 ad
667 1781 890 1867 ipsum
938 1781 1444 1847 redundantem.
1556 1783 1664 1850 23.
1729 1781 2070 1860 crederes,
2133 1781 2435 1847 Alexan-

246 1884 421 1950 drum
450 1884 626 1956 iuter
669 1904 829 1950 suas
860 1884 1434 1950 necessitudinesy
1476 1884 1657 1965 flere,
1688 1893 1760 1952 et
1795 1884 2038 1951 solatia
2064 1903 2203 1949 nou
2246 1884 2434 1951 adhi-

245 1986 410 2062 bere,
441 1986 564 2052 sed
596 2008 929 2072 quaerere:
981 1989 1137 2055 cib'o
1184 1994 1361 2055 certe
1390 1989 1745 2056 abstinuit:
1791 1999 2188 2072 omnemque
2223 1986 2437 2052 hono-³

243 2107 370 2154 rem
416 2090 649 2170 funeri,
694 2091 915 2176 patrio
967 2091 1324 2160 Persarum
1374 2111 1579 2170 more,
1613 2092 1950 2158 servavit:
1998 2091 2243 2174 diguus
2285 2090 2434 2156 her-

243 2192 404 2273 cule,
434 2196 552 2277 qui
583 2214 760 2260 nunc
797 2214 1066 2280 quoque
1093 2201 1299 2278 tantae
1349 2196 1884 2263 mansuetudinis
1912 2201 1985 2260 et
2012 2190 2432 2260 continentiae

241 2294 396 2362 ferat
435 2295 747 2364 fructum.
835 2298 942 2363 24.
986 2298 1217 2364 Semel
1261 2299 1535 2365 omniuo
1585 2318 1734 2363 eam
1787 2297 2071 2375 viderat,
2131 2315 2267 2380 quo
2323 2294 2434 2359 die

244 2406 432 2486 capta
454 2409 560 2466 est
586 2423 604 2484 3
647 2421 770 2468 nec
800 2409 879 2469 ut
901 2400 1291 2488 ipsam‚‚sed
1327 2407 1400 2468 ut
1430 2401 1626 2468 Darii
1657 2409 1936 2468 matrem
1966 2400 2265 2466 videret:
2312 2416 2436 2464 ex-

300 2568 325 2602 *
357 2573 474 2622 Cum
494 2589 615 2624 nova
633 2573 879 2625 calamitas
890 2573 1249 2638 praeterieorum
1268 2572 1500 2623 malorum
1519 2571 1793 2623 memoriam
1811 2575 2088 2621 revocasset.

1154 2718 1520 2740 ommoeee

231 2818 530 2886 filiarumque
551 2826 867 2872 ’πωπω-20
902 2820 1052 2872 Voss„
1072 2825 1123 2872 2.
1146 2836 1286 2886 quam
1303 2819 1520 2885 parentis
1539 2831 1667 2867 mors
1679 2831 1699 2874 ,·
1731 2813 1964 2865 Florem.
1987 2807 2359 2888 Leid.Voss.-1.
2381 2814 2438 2860 2.·

246 2892 294 2932 et
315 2887 480 2952 Bong.
502 2904 644 2952 quam
663 2888 707 2936 si
724 2888 941 2951 parentis
963 2902 1106 2937 mors.
1145 2888 1297 2937 Voss.
1316 2890 1364 2936 2.
1389 2890 1438 2934 et
1458 2883 1646 2934 crebros
1666 2881 1798 2931 dedit
1818 2894 1872 2941 g.
1895 2880 1936 2956 ³⁶.
1953 2876 2148 2927 abortu.
2200 2876 2435 2926 Florem.

244 2948 381 3001 Leid.
404 2955 557 3004 Voss.
586 2957 632 3004 1.
655 2962 711 3001 et
731 2954 865 3002 Dan.
888 2952 1041 3017 qualis
1062 2951 1267 3003 Darius.
1319 2952 1459 3001 Pith.
1480 2954 1631 2999 mater
1652 2945 1819 3008 Darii,
1838 2957 2023 2994 omisso
2044 2941 2436 3019 erat.—21.Mo·

243 3015 349 3064 dius
385 3019 457 3068 sie
499 3018 806 3083 distinguitz-
836 3025 890 3067 ut
925 3023 1217 3083 prostratam
1256 3017 1387 3066 hunni
1424 3015 1570 3075 vidit,
1604 3013 1787 3063 recenti
1822 3011 2026 3086 maloop.
2049 3023 2096 3072 q.
2113 3007 2435 3084 adtuendam.

245 3079 515 3146 Βισερεναὶ,
534 3087 620 3149 ξε.
688 3085 845 3134 Voss.
867 3088 916 3134 2.
937 3085 1114 3133 mortui
1134 3081 1472 3133 doloris—22
1495 3081 1647 3131 vose.
1669 3082 1718 3128 2.
1753 3077 1808 3125 ob
1832 3076 1883 3124 id
1901 3073 2202 3125 miserabilis.
2269 3073 2435 3135 Bong.

244 3144 379 3198 Leid.
401 3157 455 3199 et
480 3150 629 3198 Voss.
654 3153 703 3199 1.
728 3153 778 3199 2.
811 3164 875 3199 ex
907 3153 1047 3212 parte
1069 3149 1295 3199 maxima.
1350 3148 1501 3196 Voss.
1523 3150 1572 3196 2.
1595 3145 1647 3194 in
1667 3145 1970 3207 ipsum—23
2010 3138 2122 3188 Pal.
2153 3142 2197 3188 1.
2219 3144 2275 3186 et
2298 3137 2436 3186 Mer.

244 3208 360 3261 inter
378 3229 491 3264 suas
510 3215 830 3264 necessitates.
897 3215 1128 3266 Florent.
1150 3215 1233 3264 sed
1252 3228 1303 3263 se
1323 3212 1557 3277 quae'rere.
1607 3210 1769 3259 Voss.
1791 3212 1838 3258 1.
1862 3211 2012 3256 certa·
2063 3204 2217 3280 Vpss.
2234 3205 2284 3251 1.
2307 3206 2354 3251 2.
2379 3209 2435 3251 et

246 3274 324 3325 ed.
345 3279 499 3331 Both.
533 3281 689 3345 quin.
713 3296 760 3343 q.
785 3285 970 3329 tantum
991 3285 1076 3339 et,·
1153 3279 1319 3344 Lugd.
1361 3277 1530 3327 Amst.
1569 3274 1800 3326 Freinsb.
1835 3271 2026 3322 Cellar.
2062 3270 2244 3317 Pitisc.
2275 3266 2437 3344 §naim

244 3339 391 3392 Barb.
415 3346 535 3410 Bip.
558 3353 614 3394 et
638 3345 798 3395 Cunz.
821 3345 902 3409 qui
923 3361 972 3395 n.
995 3361 1047 3409 q.
1068 3350 1254 3394 tantum
1266 3360 1287 3403 ,⁰
1338 3342 1437 3393 Ed.
1462 3356 1543 3406 pr.
1563 3342 1758 3390 Veron.
1782 3338 1960 3387 Maitt.
1984 3342 2040 3385 et
2060 3335 2188 3383 Tell.
2211 3347 2294 3411 qut
2315 3346 2366 3380 n.
2385 3348 2435 3394 q.

244 3408 398 3472 ianm,
434 3420 494 3460 ut
528 3409 669 3474 conj.
697 3411 1037 3474 Bongarsius,
1078 3409 1479 3473 suffragantibus
1522 3403 1872 3456 Freinshemio
1909 3409 2069 3515 atque
2108 3399 2439 3474 Heumauno.

246 3468 341 3521 Alii
360 3490 372 3525 τ
389 3476 478 3540 qui
498 3492 550 3528 n.
575 3494 624 3541 q.
648 3480 952 3527 tamem—24
985 3475 1138 3527 Frob.
1161 3476 1275 3526 Col.
1294 3473 1419 3525 Ald.
1443 3472 1609 3523 Colin.
1631 3471 1831 3536 Grypb.
1854 3469 1964 3531 Lug
2002 3500 2015 3516 .
2039 3471 2096 3515 et
2115 3463 2285 3513 Amst.
2308 3463 2437 3511 mde-

1218 3603 1433 3657 NOTAE

303 3732 330 3756 ⁸·
363 3722 561 3788 Socrus]
603 3722 939 3788 Sisygambis,
971 3721 1151 3772 matris
1184 3721 1292 3772 Da·
1372 3734 1436 3770 ac
1472 3725 1488 3749 ‘
1509 3709 1978 3768 necessitudinem’
2007 3715 2204 3774 negant
2224 3708 2438 3775 prornis-

244 3802 317 3852 rii.
381 3802 642 3865 Filiorum]
677 3801 925 3865 Ejusdem
949 3800 1123 3865 Regis.
1373 3812 1470 3848 cue
1495 3793 1684 3858 accipi,
1707 3790 1855 3858 quasi
1879 3791 1895 3818 ‘
1915 3787 2222 3838 necessitas’
2255 3786 2324 3837 sit
2356 3801 2436 3837 so·

305 3886 328 3912 ¹
365 3881 542 3945 Nepos]
604 3878 782 3930 Ochus
825 3877 976 3927 Darii
1017 3875 1154 3925 filius
1181 3875 1292 3941 jam
1372 3873 1478 3923 lum
1504 3870 1577 3921 vis
1599 3868 1856 3934 quaepiam
1891 3878 2129 3930 premens
2152 3869 2208 3913 et
2227 3877 2442 3927 cogens,

245 3953 347 4004 fere
369 3955 603 4007 octennis
624 3968 785 4020 puer3
810 3953 1005 4018 quippe
1024 3951 1292 4020 anteduos
1370 3951 1388 3980 ⁸
1409 3943 1764 4001 necessitudo'
1798 3950 1968 3994 autem
2001 3942 2076 3990 vis
2107 3939 2342 4006 quaedam
2378 3950 2437 3992 et

248 4033 443 4083 circiter
479 4046 642 4082 annos
680 4037 867 4094 captus
901 4028 1071 4079 Issica
1101 4043 1293 4094 pugna,
1373 4025 1634 4075 vinculum
1647 4020 1899 4084 religiosae
1914 4017 2308 4083 conjunctionis.
2342 4019 2442 4069 Fa·

250 4123 359 4157 cnm
389 4125 555 4174 prope
596 4108 835 4158 sexennis
876 4112 1033 4170 esset,
1079 4106 1169 4157 lib.
1207 4119 1291 4155 111.
1373 4112 1516 4154 tetur
1539 4110 1712 4152 tamen
1740 4098 1757 4126 ⁸
1783 4095 2176 4147 necessitatem’
2200 4109 2294 4160 pro
2312 4096 2438 4160 -jure

250 4199 354 4248 cap.
381 4190 455 4236 12.
1373 4179 1643 4246 officioque
1686 4175 2033 4228 observa—mim
2070 4173 2439 4241 affinitatisque

306 4270 327 4304 r
351 4260 749 4325 Necessitudines]
770 4259 836 4310 A.
851 4259 1053 4311 Gellius
1067 4259 1155 4309 lib.
1168 4268 1300 4308 xm.
1376 4256 1680 4324 infrequens
1702 4269 1828 4306 esse.

254 4352 359 4404 cap.
381 4345 426 4390 3.
447 4354 536 4390 eos
557 4339 751 4391 refellit
768 4337 855 4404 qui
878 4338 893 4366 ‘
913 4333 1299 4388 necessitatem'
