2978 4933
828 412 946 458 or..
993 408 1149 456 cxx.
1192 394 1257 455 4.
1333 409 1403 458 A.
1455 410 1576 457 cn.
1623 410 1693 457 N.
1737 393 1886 458 333.
2280 396 2445 459 ’243

263 553 658 632 refecerunt3
718 553 1093 618 interiorem
1146 552 1409 636 quoque
1440 573 1719 630 murum,
1749 561 1821 617 ut
1861 555 1921 617 si
1962 556 2145 638 prior
2173 555 2447 621 fefellis-

260 656 410 745 set}
433 656 549 720 iilo
598 676 672 719 se
713 660 1069 731 tuerentur,
1101 654 1393 738 undique
1427 657 1581 722 orsi.
1672 659 1774 720 14.
1831 658 1965 722 Sed
2018 661 2311 743 undique
2338 664 2444 727 vis

260 758 411 821 mali
434 758 753 838 urgebat3
798 758 1003 821 moles
1033 757 1211 821 intra
1240 758 1354 822 teli
1371 760 1634 841 jactum
1675 761 1894 841 erat31
1920 761 2160 827 elassis
2190 747 2444 830 moenia

258 860 679 926 circumibat:
739 860 1027 925 terrestri
1079 859 1280 924 simul
1321 862 1685 946 navalique
1738 863 1936 928 clade
1985 866 2444 933 obruebantur.

261 961 523 1047 Quippe
552 961 770 1028 binasj
822 962 1277 1046 quadriremes
1325 962 1746 1030 Macedones
1774 968 1938 1031 inter
1967 986 2039 1031 se
2087 969 2187 1032 ita
2204 969 2446 1052 junxe-

255 1072 420 1142 rant,
470 1074 545 1133 ut
596 1085 810 1151 prorae
861 1065 1307 1146 cohaererent3
1359 1088 1626 1151 puppes
1684 1069 2064 1149 intervallo,
2120 1079 2446 1154 quantum

258 1189 493 1253 capere
524 1178 835 1254 possent,
864 1168 1187 1233 distarent
1211 1181 1269 1233 :³⁸
1323 1171 1430 1235 15.
1475 1170 1603 1234 hoc
1646 1173 1980 1256 puppium
2020 1173 2440 1239 intervallum

255 1273 560 1336 antennis
586 1273 1056 1355 asseribusque
1087 1271 1329 1337 validis
1374 1273 1708 1354 deligatis,
1758 1295 2089 1359 superque
2131 1295 2251 1341 eos
2281 1300 2443 1363 pon-

256 1375 429 1441 tibus
461 1377 720 1452 stratiS,
750 1378 865 1459 qui
905 1376 1179 1440 militem
1209 1378 1626 1452 sustinerent,
1654 1378 2140 1461 impleverant:
2203 1382 2302 1444 sic
2343 1383 2448 1444 in·

258 1485 539 1543 structas
569 1479 1025 1562 quadriremes
1072 1478 1156 1542 ad
1206 1481 1438 1544 urbem
1485 1481 1807 1562 agebant:
1863 1482 2019 1545 inde
2062 1483 2346 1549 missilia
2374 1487 2446 1549 in

255 1586 739 1665 propugnantes
780 1582 1247 1664 ingerebantur
1296 1588 1497 1661 tuto,¹⁸
1527 1585 1691 1666 quia
1721 1579 1983 1666 prorislt
2023 1587 2218 1652 miles
2268 1596 2445 1671 tege-

256 1684 462 1749 batur.
553 1684 659 1750 16.
722 1684 952 1749 Media
998 1705 1136 1749 nox
1181 1694 1348 1764 erat,
1381 1707 1533 1752 cum
1581 1688 1895 1764 classem,
1945 1689 2141 1755 sicuti
2187 1690 2445 1756 dictum

253 1793 373 1864 est,
401 1793 729 1871 paratam,
769 1798 788 1824 ‘
810 1788 1156 1853 circumire
1179 1810 1401 1854 muros
1428 1789 1445 1813 '
1466 1790 1700 1875 jubet:
1745 1792 2020 1876 jamque
2068 1812 2273 1857 naves
2301 1796 2448 1858 urbi

257 1890 547 1973 undique
594 1891 1140 1969 admovebantur,
1186 1899 1256 1956 et
1301 1891 1489 1977 Tyrii
1540 1894 2004 1976 desperatione
2055 1897 2446 1978 torpebant;

257 2013 402 2058 cum
449 1994 679 2058 subito
728 1994 972 2076 spissae
1020 1995 1235 2058 nubes
1282 1995 1626 2059 intendere
1654 2016 1728 2059 se
1775 1996 2001 2071 coelo,⁰
2030 2003 2097 2060 et
2126 1998 2444 2081 quicquid

253 2096 419 2162 lucis
451 2097 902 2174 internitebat,
930 2096 1143 2161 effusa
1175 2098 1458 2179 caligine
1491 2094 1860 2162 extinctum
1889 2102 2012 2162 est.
2103 2100 2210 2165 17.
2269 2101 2444 2165 Tum

314 2274 337 2307 k
370 2276 429 2326 Si
450 2279 665 2327 exterior
684 2277 890 2338 dejectus
912 2284 1052 2327 esset.
1261 2276 1275 2309 ²
1310 2277 1479 2329 Minus
1501 2278 1733 2339 teliJ‘actu
1756 2295 1785 2327 a
1809 2281 1958 2328 muris
1979 2279 2159 2328 aberat-

314 2349 348 2372 ”¹
380 2343 577 2406 Puppes
597 2360 649 2392 eo
670 2344 825 2406 spatio
842 2343 901 2392 ab
921 2344 1121 2392 invicem
1145 2347 1337 2391 remotae
1355 2348 1530 2404 essent,
1547 2347 1665 2404 quod
1688 2343 1816 2392 inter
1835 2360 1914 2393 eas
1933 2360 2028 2392 esse
2040 2350 2244 2407 poterat.

309 2413 335 2436 ’⁸
372 2408 480 2458 Tela
500 2409 872 2471 conficiebantur
894 2413 995 2461 tuto
1015 2409 1069 2458 in
1095 2409 1280 2475 Tyrios.
1474 2416 1495 2439 ⁰
1528 2410 1690 2458 Densa
1711 2409 1871 2459 nubila
1894 2410 2127 2461 obduxere
2149 2412 2330 2459 coelum.

1165 2538 1195 2556 θ
1202 2538 1535 2558 “CM-‘W‘

258 2623 314 2668 14
346 2619 497 2671 Voss.
524 2626 576 2670 1.
612 2621 725 2671 terii
744 2622 958 2683 jactum.-
1012 2623 1158 2673 Leid.
1194 2624 1363 2671 Μία
1387 2623 1697 2671 circumibant
1728 2624 1884 2672 classi.
1953 2622 2080 2671 Mox
2112 2623 2262 2670 Voss,
2300 2625 2347 2670 2.
2372 2623 2448 2671 in-

249 2688 323 2732 <ter
342 2700 390 2733 se
422 2686 726 2737 Macedones.
791 2688 906 2738 Pal.
934 2694 980 2738 1.
1001 2689 1074 2736 ita
1106 2687 1458 2747 conjunxerant.
1528 2688 1845 2736 Membranae
1880 2687 2079 2736 Modii:
2115 2692 2337 2749 quantum
2361 2689 2449 2735 mi·

251 2749 382 2800 litum
401 2766 570 2814 capere
589 2758 824 2814 poterunt.
891 2753 988 2802 Ed.
1012 2769 1091 2816 pr.
1115 2753 1330 2802 Venett.
1361 2752 1576 2801 Mediol.
1600 2754 1794 2801 Veron.
1822 2753 1974 2802 Rom.
1998 2753 2171 2814 vuigg.
2196 2760 2251 2799 et
2276 2766 2449 2800 omnes

255 2812 356 2863 fere
390 2817 550 2865 codd.
579 2832 743 2881 capere
768 2823 1008 2880 poterant.
1073 2816 1378 2866 Schntieder
1395 2832 1475 2873 „ex
1507 2818 1723 2867 Theoer.
1761 2820 1897 2867 solus
1937 2817 2138 2880 recepit
2179 2821 2449 2879 possent.-

258 2882 311 2927 15
344 2881 494 2930 Voss.
531 2885 582 2930 1.
615 2883 781 2944 Bong.
817 2887 863 2932 l.
895 2883 1053 2933 Frob.
1078 2891 1133 2931 et
1157 2883 1346 2931 Faucia.
1368 2882 1605 2931 antemnis
1622 2899 1640 2939 ,·
1674 2885 1844 2946 Bong.
1871 2889 1916 2932 l.
1941 2882 2189 2931 amtennis.
2223 2883 2374 2931 Voss..
2401 2887 2448 2929 l.

256 2951 305 2991 et
337 2946 480 2996 Leid.
515 2947 767 3009 delegatis,
790 2958 843 2998 et
876 2949 950 2998 sic
987 2949 1122 2997 Dan.
1158 2948 1248 2995 sed
1283 2946 1572 2998 correctum
1607 2949 1850 3009 deligatis.
1915 2950 2050 2997 Dan.
2083 2948 2152 2995 sic
2183 2948 2448 3003 instructa,-

256 3006 411 3073 bugd.
447 3011 623 3060 Amst.
658 3012 877 3077 alioeque
914 3021 1042 3062 vett.
1077 3023 1195 3076 post
1229 3013 1494 3062 Modium:
1529 3013 1600 3060 sic
1631 3013 1892 3062 instructas
1913 3013 2073 3062 remis.
2139 3012 2254 3060 Pal.
2279 3017 2324 3061 l.
2361 3013 2449 3059 mi-

253 3073 356 3123 lites
370 3077 807 3139 affirmatum—16
840 3080 1033 3128 Faucb.
1066 3084 1305 3140 peractam
1340 3093 1434 3140 pro
1457 3083 1689 3142 paratam.
1763 3079 1856 3127 Ed.
1896 3093 1974 3142 pr.
1999 3079 2207 3126 Venett.
2236 3076 2450 3125 Medioi.

258 3137 441 3192 Veron.
476 3144 633 3192 Rom.
670 3142 794 3192 Ald.
830 3144 996 3194 Colin.
1033 3143 1403 3206 (impin-Mer.
1438 3144 1562 3191 Bas.
1599 3144 1713 3191 Col.
1750 3144 1983 3191 Freinsh.
2029 3144 2218 3192 Ceiiar.
2262 3143 2448 3191 Pitisc.

258 3202 427 3255 Maitt.
448 3207 584 3256 Tell.
609 3208 672 3257 Bi
680 3223 731 3271 p.
758 3208 915 3257 Cunz.
939 3216 992 3257 et
1015 3209 1171 3258 Both.
1195 3209 1413 3267 circuire,
1436 3210 1519 3256 vel
1553 3207 1800 3257 circumire
1830 3209 2007 3257 urbem.
2074 3210 2088 3234 ‘
2108 3209 2186 3257 Ex
2222 3208 2450 3269 pluribus

258 3270 401 3321 codd.
425 3273 687 3335 (Florem.
710 3273 857 3322 Leid.
875 3276 1025 3323 Voss.
1052 3277 1097 3321 1.
1117 3279 1162 3321 2.
1186 3279 1240 3322 et
1264 3270 1458 3337 Bong.)
1479 3273 1726 3321 circumire
1746 3288 1903 3322 muros
1940 3272 2186 3321 restitui)
2221 3272 2450 3321 Schmie-

259 3332 360 3382 der.
425 3338 546 3387 Hoc
571 3338 816 3388 exhibent
839 3340 992 3387 etiam
1021 3338 1163 3387 Mod.
1192 3346 1245 3387 et
1271 3338 1631 3400 Barb.ja2nque
1652 3337 1786 3386 navis
1811 3340 1946 3386 Dan.
1969 3338 2202 3385 Florent.
2225 3345 2276 3384 et
2302 3338 2451 3404 Voss.

260 3401 302 3447 1.
323 3400 515 3465 jamque
547 3418 689 3453 naves
709 3405 914 3467 undique
935 3403 1085 3452 muris
1105 3406 1285 3452 admov.
1320 3408 1368 3452 et
1405 3402 1459 3451 Τ.
1483 3405 1532 3451 d.
1566 3403 1903 3465 torquebantur
1940 3403 2084 3450 vossi.
2108 3406 2155 3450 2.
2179 3401 2364 3449 omisso
2385 3401 2453 3459 τῷ·

259 3465 373 3514 urbi.
438 3468 589 3517 Leid.
621 3484 700 3518 sae
731 3471 858 3519 «σεῖο.
926 3470 1031 3517 Pro
1064 3467 1219 3531 effusa
1251 3468 1476 3518 Gronov.
1512 3469 1640 3530 legit
1676 3468 1977 3533 offlam—17
2011 3468 2160 3515 Voss.
2193 3470 2238 3516 2.
2269 3466 2397 3514 Tunc
2418 3466 2452 3513 τ’.

1252 3599 1300 3649 N
1309 3598 1464 3649 OTAE

259 3690 517 3745 ferendum
555 3697 839 3762 videretur,
867 3698 1059 3761 optime
1090 3698 1313 3747 mutavit
1393 3697 1502 3760 pini
1528 3709 1725 3745 asseres
1754 3702 1911 3759 atque
1943 3702 2179 3743 antennae
2211 3683 2454 3757 imposita

263 3769 655 3839 Freinshemius,
701 3790 796 3840 pro
841 3776 1009 3839 quibus
1058 3789 1313 3839 reponens
1393 3773 1628 3837 pontium
1653 3788 1715 3823 ac
1739 3772 1956 3821 rnilitum
1989 3786 2148 3820 onera
2168 3769 2306 3820 ferre
2337 3786 2453 3835 pos·

251 3848 421 3899 tribus.
1396 3858 1528 3900 sent.

317 3924 335 3968 i
365 3927 544 3991 Bima]
578 3928 697 3979 Non
719 3929 846 3978 duas
870 3931 1053 3991 solum,
1079 3928 1170 3978 sed
1198 3929 1311 3994 plu·
1461 3928 1484 3961 ¹¹
1517 3927 1712 3991 Proris]
1747 3927 1926 3977 Prorae
1952 3926 2146 3990 quippe
2165 3925 2245 3974 ve}
2268 3933 2453 3990 suapte

263 4014 338 4051 res
356 4004 554 4067 junctis
576 4005 831 4056 frontibus
862 4006 1006 4056 binas
1039 4008 1111 4055 it·
1126 4012 1313 4071 junxe·
1391 4004 1573 4061 forma,
1593 4006 1675 4054 vel
1697 4005 1913 4054 miiitum
1933 4004 2162 4067 pondere
2181 4003 2231 4052 in
2252 4018 2454 4067 puppes

265 4088 392 4143 runt,
413 4089 473 4131 ut
496 4083 759 4131 ambarum
793 4079 999 4147 quidem
1034 4089 1202 4146 prorae
1225 4096 1311 4132 co·
1393 4082 1818 4145 incumbentium,
1854 4081 1928 4130 ita
1966 4089 2115 4131 erant
2146 4090 2356 4141 erecta»,
2398 4088 2454 4131 ut

265 4153 535 4221 haererent,
570 4174 768 4224 puppes
812 4173 939 4211 vero
976 4166 1122 4209 tanto
1152 4159 1312 4216 dista·
1397 4158 1775 4209 Macedonibus
1827 4158 2033 4208 muralis
2079 4159 2240 4207 instar
2282 4157 2452 4207 loricae

267 4242 375 4283 rent
396 4235 669 4286 intervallo
687 4246 937 4301 quantum
958 4237 1085 4290 satis
1101 4243 1234 4299 emt,
1251 4242 1311 4284 ut
1395 4235 1586 4286 forent.

269 4308 452 4375 alligati
472 4312 592 4364 hinc
614 4313 734 4363 inde
766 4314 828 4363 ad
870 4319 1139 4377 utramque
1178 4328 1310 4378 pup-
