2978 4933
469 391 604 459 286

476 571 590 619 ιω
629 556 826 631 esset,
872 556 893 588 ‘
916 551 1141 617 omnia
1183 547 1696 631 longinquarum
1740 544 2040 628 gentium
2093 541 2354 609 auxilia
2380 538 2679 624 Babylo·

479 658 660 723 niam
682 665 708 691 ⁸
737 652 1080 721 contrahi'
1117 651 1349 737 jussit.
1439 650 1786 716 Bactriani
1814 648 2218 733 Scythaeque
2242 650 2308 710 et
2336 643 2495 708 Indi
2523 662 2683 708 con·

479 766 835 825 venerant:
880 753 1074 821 narnb
1104 763 1175 820 et
1204 760 1572 820 ceterarum
1625 751 1925 835 gentium
1965 749 2190 833 copiae
2245 747 2551 831 partibus
2595 744 2684 810 si·

480 860 621 926 mul
678 859 1041 924 affuerunt.e
1126 858 1190 924 3.
1236 855 1568 929 Ceterum,
1631 876 1781 920 cum
1845 852 2160 918 dimidio⁰
2203 850 2410 915 ferme
2460 848 2682 932 major

453 951 670 1030 *esset
719 964 1077 1040 exercituS,
1116 981 1323 1045 quam
1375 960 1442 1023 in
1493 958 1739 1025 Cilicia
1783 958 2021 1035 fuerat,
2065 955 2293 1020 multis
2337 971 2524 1017 arma
2574 951 2687 1026 de-

483 1074 711 1134 erant:
759 1087 912 1151 quae
945 1085 1206 1131 summa
1233 1083 1394 1142 cura
1422 1064 2003 1147 comparabantur.
2063 1056 2687 1143 Equitibus'equis-

483 1192 616 1257 que
644 1175 1027 1253 tegumenta
1052 1174 1245 1233 erant
1274 1186 1358 1231 ex
1393 1166 1639 1231 ferreis
1666 1165 1934 1230 laminis
1956 1160 1985 1199 ‘²
2015 1163 2187 1227 serie
2218 1162 2392 1224 inter
2420 1177 2497 1222 se
2528 1177 2687 1223 con-

486 1276 720 1340 nexis:
767 1274 921 1357 quis
952 1279 1152 1336 antea
1191 1277 1436 1355 praeter
1482 1270 1718 1354 jacula
1761 1267 1929 1332 nihil
1970 1266 2265 1342 dederat,
2311 1267 2508 1327 scuta
2548 1261 2688 1344 gla-

489 1379 719 1462 diique
751 1375 1282 1460 adjiciebantur:
1326 1374 1394 1440 4.
1412 1390 1867 1456 equorumque
1886 1366 2204 1436 domandi
2234 1384 2466 1449 greges
2496 1364 2688 1449 pedia

932 403 1002 474 q.
1046 401 1311 453 cunm
1365 399 1550 453 nuru
1600 400 1749 450 us.
1796 399 1901 448 iv,
1946 398 2114 449 cn.
2157 381 2224 447 9.

549 1585 571 1611 ⁶
603 1577 686 1628 Aa
704 1578 965 1629 exercitum
986 1577 1130 1630 Darii
1148 1591 1248 1628 sese
1264 1593 1358 1628 unu
1373 1576 1717 1639 adjunxerunt.

1411 1722 1768 1745 OOOOOOOOOOOO

487 1838 666 1892 multae
688 1841 806 1893 edd.
826 1844 1077 1908 petiturus.
1131 1844 1244 1894 Pal.
1268 1847 1314 1894 1.
1336 1855 1477 1907 quom
1500 1859 1607 1893 cum
1626 1843 1859 1893 strenuior
1880 1846 2036 1898 esset:
2070 1834 2211 1889 Pith.
2236 1835 2396 1887 etiam
2419 1831 2658 1883 strenuior
2672 1831 2695 1887 ,·'

490 1907 681 1958 Fauch.
702 1912 958 1971 screnum,
989 1926 1022 1958 a
1045 1926 1112 1960 m.
1135 1924 1242 1959 sec.
1279 1925 1400 1958 naun
1422 1915 1578 1959 antea
1602 1909 1803 1958 fuerat:
1840 1906 2160 1962 strenuiorese
2207 1901 2363 1951 Voss.‘
2380 1906 2429 1950 2.
2464 1902 2692 1963 quantum

488 1974 803 2023 strenuiorum
823 1991 876 2024 eo
899 1981 1032 2024 esset.
1099 1976 1291 2039 Vulgg.
1320 1975 1611 2039 Babylonem
1623 1992 1645 2034 ;
1696 1973 1787 2023 sed
1813 1974 2049 2023 Florent.
2073 1970 2218 2020 Leid.
2241 1968 2392 2017 Voss·
2416 1970 2463 2014 1.
2486 1969 2536 2013 2.
2566 1964 2691 2030 Bas,

490 2038 628 2088 Mer.
653 2040 802 2089 Frob.
840 2048 895 2090 et
930 2042 1039 2090 Col.
1062 2040 1392 2105 Babyloniam.
1460 2040 1600 2090 Pith.
1621 2039 1817 2089 omittit
1839 2040 1998 2088 simul.
2032 2037 2049 2064 ‘
2068 2036 2201 2086 Haec
2229 2033 2411 2082 verbat
2444 2045 2560 2078 nam
2581 2033 2629 2077 et
2651 2037 2698 2077 θ·

486 2117 542 2166 g.
564 2119 604 2153 o.
620 2119 670 2169 p.
693 2120 732 2152 s.
753 2102 1013 2167 affuerunt,
1037 2107 1088 2154 in
1115 2106 1298 2171 quibus
1318 2104 1646 2169 explicandis
1673 2106 1767 2154 viri
1793 2105 1934 2153 docti
1971 2102 2170 2151 frustra
2205 2097 2551 2157 desudarunt,
2579 2094 2691 2157 qui-

492 2170 684 2233 busque
708 2172 905 2220 nullum
938 2171 1176 2220 idoneum
1215 2185 1416 2221 sensum
1442 2177 1760 2236 extorquere
1797 2175 2100 2233 potuerunt,
2138 2179 2229 2215 suo
2267 2165 2383 2213 loco
2425 2174 2532 2211 non
2569 2172 2696 2218 esse,

491 2232 640 2284 facile
666 2234 882 2300 quisque
903 2236 1065 2286 videt.
1133 2236 1388 2300 Equidem
1421 2252 1516 2301 pro
1553 2238 1858 2301 glossemate
1890 2249 1951 2283 ea
1979 2233 2164 2289 habeo,
2198 2227 2337 2294 quod
2374 2227 2424 2276 in
2462 2224 2694 2287 margine

492 2300 721 2348 additum
746 2309 882 2361 erat,
898 2311 956 2351 ut
980 2310 1282 2365 appareret,
1302 2316 1525 2366 quonam
1557 2302 1707 2351 modo
1730 2301 1843 2351 fieri
1865 2299 2109 2364 potuerit,
2134 2302 2192 2347 ut
2214 2295 2298 2343 hic
2321 2292 2475 2344 Darii
2498 2288 2692 2339 exerci-

493 2371 575 2412 tus
595 2363 807 2414 dimidio
830 2365 989 2415 ferme
1013 2374 1155 2416 esset
1189 2365 1351 2430 major
1371 2382 1524 2431 quarn
1549 2367 1635 2416 ille
1660 2367 1713 2415 in
1737 2368 1925 2417 Cilicia
1947 2364 2138 2414 fuerat.
2207 2358 2418 2410 Deinde
2442 2364 2619 2406 autern
2640 2354 2691 2402 in

467 2436 692 2481 ,textum
716 2430 883 2494 ipsum
907 2430 1062 2482 facile
1086 2433 1309 2496 irrepsit.
1376 2432 1563 2497 Itaque
1587 2446 1794 2495 prorsus
1818 2430 2146 2495 abjicienda3
2179 2426 2256 2476 sin
2278 2424 2447 2475 minus
2468 2418 2693 2473 transfe-
2726 2435 2734 2444 ·

495 2494 656 2572 reuda
688 2497 872 2546 saltem
896 2505 1017 2547 sunt
1041 2500 1136 2548 hoc
1160 2499 1347 2547 modo:
1383 2501 1433 2547 in
1461 2497 1844 2555 Cilic-insumam
1875 2512 1984 2546 num
2007 2501 2055 2546 et
2075 2499 2354 2553 ceterarum,
2372 2493 2454 2553 ξε.
2505 2488 2694 2537 Heum-

493 2575 628 2623 cmu-
646 2562 863 2624 partibus
882 2563 1016 2625 ejus!
1051 2564 1213 2614 Cunz.
1278 2564 1450 2613 Bothe
1468 2564 1607 2626 conj.
1639 2568 1988 2620 conveneram
2027 2574 2154 2610 nunc
2174 2564 2222 2608 et
2244 2562 2528 2614 ceterarum,
2551 2556 2695 2616 &ou—-

493 2629 523 2674 3
559 2627 712 2675 Voss.
743 2631 792 2676 2.
826 2631 976 2692 major
1010 2629 1264 2690 exercitus,
1300 2631 1485 2678 omisso
1517 2631 1592 2691 τῲ·
1623 2634 1778 2688 essen·
1828 2635 1884 2678 et
1920 2642 2037 2678 mox
2073 2624 2221 2689 equis,
2264 2621 2452 2673 omisso
2487 2614 2560 2683 τῷ
2595 2631 2696 2680 que·

493 2691 640 2740 Leid.
663 2693 817 2744 Voss.
843 2699 887 2743 1.
924 2694 1093 2758 Bong.
1117 2699 1164 2745 2.
1203 2694 1346 2743 Pith.
1370 2702 1428 2744 et
1450 2696 1590 2744 Dan.
1620 2696 1910 2756 tegimenta5
1962 2693 2116 2742 Voss.
2139 2694 2188 2738 2.
2225 2691 2480 2750 tegmenta.
2556 2682 2694 2733 Piih.

494 2764 550 2804 et
575 2756 721 2808 Leid.
742 2758 924 2818 ferreis
945 2761 1200 2809 lamminis.
1266 2760 1415 2809 Voss.
1445 2764 1494 2809 2.
1526 2760 1734 2824 serieque
1745 2776 1765 2819 ‚·
1796 2767 1854 2817 ,ει
1893 2772 2042 2806 mox:
2082 2756 2153 2805 nil
2181 2756 2390 2804 dederat.
2459 2747 2609 2798 Leid.
2639 2755 2693 2795 et

491 2820 639 2872 Voss.
663 2828 710 2873 1.
738 2824 1101 2884 odiciebmoer3
1143 2824 1294 2876 Voss,
1313 2829 1361 2874 2.
1381 2825 1831 2886 ιἰᾐίοἱεὸαηιιιν.-4
1865 2822 2015 2874 Voss.
2038 2828 2084 2873 1.
2110 2826 2160 2870 2.
2195 2819 2380 2883 aliique
2403 2816 2582 2865 delent
2613 2827 2725 2877 que-

1489 2975 1540 3027 N
1546 2974 1718 3057 01*AE-

559 3087 588 3117 ⁸
618 3083 952 3150 Babyloniam]
987 3087 1066 3137 De
1092 3089 1358 3153 Babylone
1379 3090 1471 3142 lib.
1500 3107 1555 3142 v.

495 3176 613 3226 cap.
633 3166 679 3211 1.
712 3162 796 3212 De
817 3165 1107 3215 Bactrianis
1131 3167 1222 3217 lib.
1249 3180 1346 3217 vu.
1371 3183 1485 3233 cap.
1504 3173 1555 3220 4.

498 3238 583 3289 De
618 3240 824 3304 Scythis
860 3241 948 3293 lib.
975 3256 1076 3292 vn.
1100 3258 1216 3306 cap.
1239 3248 1287 3294 7.
1307 3247 1407 3296 &c.
1474 3246 1556 3295 De

495 3317 651 3368 India
693 3318 786 3369 lib.
827 3333 951 3370 vm.
994 3335 1107 3385 cap.
1153 3326 1203 3372 9.
1264 3323 1558 3387 Babylonem

496 3395 726 3444 scribere
770 3397 943 3457 malui,
976 3411 1147 3462 quam,
1184 3399 1320 3463 quod
1349 3401 1437 3449 alii
1471 3401 1560 3451 ha·

499 3470 645 3532 bent,
679 3471 1027 3535 Babyloniam3
1066 3473 1205 3538 quod
1241 3476 1412 3524 Latini
1451 3492 1557 3526 ser-

496 3547 660 3597 monis
672 3549 807 3598 ratio
822 3547 1023 3599 facilius
1044 3550 1248 3601 videtur
1262 3551 1559 3616 admittere,

496 3625 655 3687 copias
677 3625 965 3691 Babylonem
1005 3629 1241 3690 contrahi,
1274 3645 1426 3694 quam
1452 3631 1554 3680 Ba·

495 3701 745 3764 bylonium.
812 3704 1056 3754 Ceterum
1081 3705 1215 3754 haud
1243 3706 1371 3755 satis
1397 3721 1556 3770 appa-

497 3784 579 3826 ret
600 3794 700 3842 qno
737 3780 950 3829 consilio
987 3781 1181 3830 Darius
1217 3789 1321 3832 tam
1355 3782 1559 3846 lougin-

496 3868 623 3918 quas
646 3861 831 3916 gentes
853 3856 1176 3920 Babylonem
1208 3859 1478 3922 acciverit,
1501 3867 1561 3910 ut

500 3945 587 3978 eas
612 3931 935 3994 postmodum
960 3948 1135 3982 versus
1155 3934 1400 3986 interiora
1417 3935 1560 4000 regni

499 4006 702 4067 eodem,
728 4023 825 4071 quo
849 4019 1118 4074 venerant,
1140 4012 1326 4062 itinere
1347 4014 1560 4065 reduce-

497 4091 597 4134 ret.
632 4084 883 4134 Arrianus
903 4095 1048 4137 certe
1073 4089 1137 4137 ad
1158 4088 1355 4140 Arbela
1377 4093 1562 4156 primu,

501 4172 612 4212 tum
648 4176 742 4225 per
770 4162 965 4225 Lycum
1005 4165 1067 4214 ad
1109 4166 1433 4233 Gaugamela
1452 4171 1562 4220 Da·

501 4238 633 4290 rium
670 4239 900 4290 adducit.
968 4242 1143 4309 Atque
1180 4246 1312 4296 haud
1350 4250 1456 4297 scio
1495 4264 1561 4298 an

501 4316 615 4381 ipse
654 4318 864 4367 Curtius
898 4327 1082 4383 postea
1117 4336 1262 4373 suam
1305 4323 1561 4377 refellerit

1637 3092 1704 3142 de
1735 3084 2004 3156 Babylone
2038 3074 2508 3146 se'ntentiam,eun1
2541 3076 2694 3131 totius

1636 3169 1892 3219 exercitus
1931 3183 2058 3234 opes
2096 3165 2303 3216 Arbelis
2341 3178 2371 3212 a
2407 3162 2569 3210 Dario
2613 3171 2694 3207 ve·

1638 3245 1816 3295 niente
1853 3245 2116 3311 depositas
2155 3239 2372 3301 scribit;
2409 3238 2522 3304 quis
2563 3236 2693 3285 enim

1636 3337 1739 3372 non
1778 3321 1926 3372 ‘videt
1965 3336 1996 3372 a
2035 3328 2185 3384 tergo
2218 3316 2438 3381 relinqui
2476 3311 2693 3377 impedi-

1638 3406 1816 3451 menta
1836 3399 2117 3449 debuisse?
2168 3398 2300 3445 Cum
2335 3407 2458 3456 ergo
2496 3394 2573 3442 cis
2596 3388 2692 3438 Ar-

1640 3478 1760 3528 bela
1784 3475 2113 3541 processerit,
2131 3481 2194 3524 ut
2217 3472 2331 3536 ipso
2356 3479 2490 3519 teste
2517 3463 2692 3517 Curtio

1638 3554 1771 3604 infra
1788 3551 2241 3611 demonstrabitur,
2257 3561 2467 3597 necesse
2485 3552 2566 3594 est
2579 3543 2691 3592 illac

1638 3632 1928 3692 transierit,
1953 3630 2018 3680 ab
2041 3628 2285 3689 Oriente,
2310 3639 2411 3674 non
2435 3638 2499 3673 ex
2523 3617 2692 3683 Baby·

1636 3711 1756 3760 lone
1780 3709 2010 3758 veniens.

1701 3784 1726 3820 Β
1765 3785 1916 3848 Num]
1946 3783 2139 3834 Melius
2160 3779 2450 3845 forte,J'am.

1703 3871 1726 3898 ⁰
1758 3862 1998 3925 Dimidio]
2038 3862 2156 3911 Hoc
2184 3861 2299 3909 loco
2324 3865 2526 3907 utemur
2544 3850 2693 3912 ἱππῆες

1642 3942 1705 3992 ad
1731 3957 1846 4005 cap.
1874 3946 1949 3992 12.
1976 3948 2035 3991 ut
2065 3953 2314 3999 errorem,
2338 3936 2422 4001 qui
2454 3936 2504 3983 in
2531 3929 2690 3983 Curtii

1643 4035 1882 4069 numeros
1910 4017 2142 4082 irrepsit,
2165 4016 2590 4070 demonstremus,
2621 4013 2689 4062 el,

1639 4112 1743 4162 qua
1759 4098 1902 4160 lic-et,
1925 4095 2259 4158 corrigamus.

1706 4173 1730 4207 ἃ
1763 4173 1955 4224 Ferreis
2004 4168 2216 4232 laminis]
2287 4165 2420 4217 Vide
2470 4163 2559 4214 lib.
2600 4170 2683 4209 ιη.

1644 4265 1760 4315 cap.
1785 4254 1867 4300 11.
2280 4274 2281 4277 =
