2978 4933
749 409 1009 461 sumu..
1059 410 1137 459 IN
1188 412 1256 472 Q.
1306 409 1654 459 cultrum
1710 392 1858 460 Lm.
1907 409 1959 459 1.
2365 397 2452 461 67

242 555 477 638 Jupiter
501 553 779 630 induerit,
826 574 1019 636 eoque
1063 554 1331 636 genitum
1373 554 1559 621 fuisse
1615 554 2067 630 Alexandrum,'
2115 555 2283 616 multi
2326 576 2454 616 cre·

241 653 566 716 diderunt:
631 652 976 715 ‘insomniis
1024 652 1225 728 etiam,
1276 662 1600 733 vatumque
1643 654 1945 734 responsis
1990 653 2172 716 fidem
2220 653 2454 736 generis

240 752 501 813 factam:
546 762 610 813 et
654 772 790 812 cum
840 751 1148 832 Philippus
1185 752 1454 831 Delphos
1485 752 1853 823 sciscitatum
1884 751 2168 827 misisset,
2213 752 2455 814 oraculo

241 851 560 924 monitum,
587 860 656 911 ut
683 849 1081 915 Hammonem
1120 850 1385 932 inprimis
1417 849 1854 913 revereretur.’¹
1939 852 2034 911 15.
2078 850 2207 912 Nec
2238 850 2460 926 desunt

243 948 349 1029 qui
390 947 769 1009 ‘fabulosum
815 948 878 1007 id
922 947 1185 1028 quidem,
1235 967 1354 1008 non
1401 958 1597 1009 tamen
1647 946 2004 1008 adulterium
2051 947 2257 1008 matris
2301 948 2456 1010 falso

235 1045 536 1126 jactatum
558 1050 574 1074 '
614 1054 905 1106 asserant.
960 1051 978 1079 ‘
1003 1045 1238 1126 Quippe
1265 1045 1505 1126 pulsum
1535 1046 1779 1127 AEgypti
1808 1065 1994 1125 regno
2023 1044 2457 1120 Nectanebum,

244 1161 390 1215 non,
446 1153 516 1203 ut
565 1143 748 1222 vulgo
794 1139 1198 1217 arbitrantur,¹‘
1240 1142 1300 1201 in
1352 1142 1666 1226 AEthiopas
1714 1144 2127 1212 concessisse3
2173 1143 2279 1203 sed
2319 1163 2457 1203 cum

246 1239 538 1301 adversus
568 1240 681 1299 vim
704 1239 1005 1301 Persicam
1033 1239 1092 1299 in
1153 1237 1432 1320 Philippo
1481 1241 1735 1302 maxime
1783 1242 2125 1322 praesidium
2175 1251 2462 1322 speraret,

246 1339 308 1398 in
358 1336 782 1401 Macedoniam
832 1347 1092 1412 vectum,
1135 1338 1385 1417 magicis
1430 1339 1750 1419 praestigiis
1797 1339 2057 1401 illusisse
2121 1337 2462 1420 Olympiadi

246 1446 560 1516 torumque
614 1434 865 1515 hospitis
923 1434 1323 1496 temeravisse.
1431 1438 1524 1498 16.
1582 1437 1935 1517 Suspectam
1963 1437 2203 1518 quidem
2241 1434 2459 1497 exinde

248 1532 553 1614 Philippo,
603 1552 797 1613 neque
840 1533 1015 1607 aliam
1046 1546 1164 1595 tam
1199 1533 1465 1605 intimam
1498 1534 1751 1609 divortii,
1779 1535 1945 1615 quod
1972 1535 2259 1608 intereos
2292 1553 2465 1594 secu-

251 1640 376 1707 tum
426 1641 543 1705 est,
591 1650 856 1707 causam,
898 1651 1005 1712 pro
1051 1641 1358 1712 comperto
1403 1644 1616 1712 postea
1670 1633 1875 1694 fuisse.
1963 1633 2157 1695 Etiam
2207 1651 2328 1712 quo
2370 1629 2465 1707 die

252 1727 565 1809 Philippus
595 1729 970 1810 Cleopatram
1004 1730 1244 1791 domum
1279 1721 1628 1804 deduxerat,
1649 1730 1912 1803 Attalum
1937 1749 2175 1810 sponsae
2201 1747 2463 1789 avuncut-

250 1826 396 1900 lum,
441 1828 786 1888 Alexandro
817 1829 1101 1893 natalium
1131 1829 1391 1892 dedecus
1421 1829 1775 1909 exprobrare
1806 1848 2039 1902 ausum,
2067 1828 2198 1906 ipso
2226 1844 2465 1906 quoque

251 1943 393 2004 rege
421 1945 495 1985 ex
527 1944 659 1985 sese
683 1924 949 2003 genitum
977 1936 1234 2006 negante
1260 1927 1308 1987 :¹
1351 1926 1607 2006 denique
1639 1924 1716 1986 de
1752 1924 2129 2006 Olympiadis
2173 1923 2465 1984 adulterio

252 2023 701 2097 noninnostro
732 2023 925 2085 solum
970 2025 1133 2097 orbe,
1185 2024 1294 2084 sed
1343 2023 1505 2107 apud
1552 2023 1818 2084 devictas
1871 2042 2110 2103 quoque
2170 2023 2466 2093 nationes,

253 2120 617 2198 pertinacem
649 2140 938 2181 rumorem
966 2121 1312 2182 obtinuisse.
1404 2124 1499 2181 17.
1540 2120 1762 2180 Verum
1800 2119 2075 2180 velandae
2115 2118 2465 2198 ignominiae

254 2218 568 2297 repetitum
597 2237 672 2277 ex
700 2217 959 2298 antiquis
989 2196 1206 2283 fabulis
1237 2220 1312 2281 de
1341 2219 1600 2281 dracone
1630 2228 2029 2280 commentum
2053 2238 2069 2278 z
2112 2216 2268 2277 idem
2306 2216 2465 2289 enim

257 2312 397 2389 olim
427 2315 503 2375 de
534 2316 910 2387 Aristomene
936 2317 1296 2393 Messenios,
1325 2317 1401 2379 de
1430 2317 1813 2378 Aristodama
1844 2315 2157 2395 Sicyonios
2177 2314 2468 2394 jactavis..

259 2412 367 2477 se.’
452 2409 548 2475 1'8.
594 2417 753 2477 Sane
780 2414 940 2498 apud
969 2415 1223 2497 majores
1253 2428 1505 2481 nostros,
1522 2416 1597 2478 de
1629 2415 1970 2497 Scipione,¹³¹²
1993 2413 2112 2495 Jqui
2150 2412 2466 2492 Carthagi,-

257 2529 394 2571 nem
443 2512 601 2591 prior
644 2512 872 2586 afflixit,
921 2512 1132 2576 eadem
1181 2515 1372 2576 ferme
1402 2514 1562 2576 fama
1589 2514 1740 2574 suit:
1786 2512 2111 2592 similisque
2140 2509 2467 2571 divinitatis

254 2609 597 2690 opinionem
630 2610 884 2681 Romani
913 2612 1091 2674 modo
1118 2613 1401 2694 principis
1426 2622 1597 2684 ¹ortus
1626 2609 1878 2678 habuit;
1902 2630 2046 2682 fnam
2067 2608 2141 2669 de
2159 2608 2468 2674 conditore

261 2707 724 2781 UrbisRomulo
752 2707 898 2789 quid
927 2710 1141 2770 attinet
1193 2709 1415 2783 dicere,
1456 2729 1593 2770 cum
1623 2707 1789 2767 nulla
1819 2727 1968 2787 gens
1996 2716 2119 2767 tam
2147 2705 2279 2767 vilis
2308 2725 2471 2785 repe.-

260 2804 464 2881 riatur,
517 2828 655 2887 qnae
709 2806 800 2878 sui
858 2808 1093 2887 generis
1145 2817 1446 2871 auctorem
1506 2825 1626 2867 non
1684 2804 1865 2867 faciat
1921 2804 2138 2877 Deum,
2184 2814 2286 2864 aut
2338 2803 2468 2876 Deo

264 2902 563 2967 editum?¹¹
648 2906 745 2966 19.
804 2903 1081 2966 Ceterum
1133 2904 1666 2990 Nectanebisfuga
1719 2905 2079 2983 temporibus
2129 2901 2293 2962 hisce
2348 2921 2467 2962 non

264 3001 576 3081 congruit:
621 3001 898 3062 sexennis
941 3003 1094 3063 enim
1135 3002 1258 3083 jam
1310 3011 1437 3072 erat
1478 2999 1844 3074 Alexander,
1883 3019 2018 3060 cum
2065 2999 2163 3060 ille
2193 3000 2268 3059 ab
2299 2998 2469 3070 Ocho

264 3099 477 3173 victus,
507 3098 675 3159 avitis
706 3100 918 3180 opibus
948 3099 1269 3161 excideret.
1355 3101 1482 3160 Nec
1511 3098 1649 3159 ideo
1674 3098 1871 3170 minus
1899 3117 2116 3157 vanum
2146 3106 2259 3172 est,
2301 3097 2462 3180 quod

267 3195 342 3264 de
370 3196 521 3258 Jove
559 3198 762 3258 fertur.
847 3200 948 3257 20.
993 3199 1132 3279 Ipsa
1173 3197 1415 3279 quidem
1466 3196 1801 3279 Olympias,
1849 3194 2051 3259 demto
2087 3205 2234 3276 ,post
2276 3195 2466 3260 mariti

266 3312 472 3354 necem
500 3305 684 3368 metu,
712 3296 1210 3368 asseverationem
1242 3295 1345 3368 filii
1383 3295 1535 3361 Jove
1586 3313 1653 3354 se
1698 3291 1963 3371 genitum
1993 3290 2169 3352 ‹credi
2217 3292 2471 3352 volentis
2564 3350 2572 3358 ,

265 3390 515 3452 irrisisse
559 3390 796 3466 dicitur,
844 3392 1147 3472 missaque
1205 3387 1460 3474 epistola
1514 3390 1820 3473 petivisse,
1865 3396 1979 3449 ‘ne
2028 3409 2114 3464 se,
2164 3388 2308 3449 nihil
2351 3390 2472 3476 tale

267 3490 690 3564 commeritum,
720 3488 871 3550 odiis
898 3490 1154 3553 Junonis
1183 3491 1480 3571 objectare
1504 3487 1863 3571 pergeretl⁸
1946 3490 2045 3548 21.
2088 3488 2470 3563 Anteaenim

267 3587 396 3667 ipsa
422 3586 676 3649 maxime
707 3585 969 3646 fabulam
1005 3588 1391 3649 confirmasse
1431 3586 1696 3660 creditur
1716 3606 1734 3656 ς
1778 3585 2365 3667 proficiscentemque
2408 3586 2470 3656 in

271 3682 475 3756 Asiam
532 3682 958 3760 Alexandrum,
988 3685 1318 3759 monuisse,
1375 3694 1478 3744 ‘ut
1524 3702 1749 3745 memor
1793 3681 2039 3762 originis
2083 3681 2266 3760 digna
2307 3692 2475 3743 tanto

270 3782 535 3860 genitore
578 3781 960 3860 capesseret!
1045 3784 1145 3842 22.
1187 3781 1408 3843 Verum
1450 3790 1648 3843 tamen
1679 3778 1930 3840 ostentis
1961 3769 2154 3839 Deum
2183 3777 2474 3857 variisque

273 3877 577 3959 praesagiis
607 3878 760 3940 inter
786 3889 1142 3959 conceptum
1170 3877 1518 3959 editumque
1548 3885 1781 3957 partum
1825 3872 2221 3955 significatum
2270 3875 2473 3952 fuisse,

294 4169 297 4170 γ
334 4095 352 4133 ¹
381 4097 525 4148 Plut.
544 4099 577 4147 l.
595 4099 631 4147 1.
984 4093 1003 4128 ἓ
1409 4104 1494 4158 94.
1819 4125 1824 4130 ·

337 4170 362 4204 ¹
388 4174 601 4225 Diodor.
619 4173 726 4226 Sic.
750 4189 800 4239 p.
814 4179 929 4226 534.
1474 4186 1501 4215 ¹¹
1524 4177 1634 4229 Liv.
1660 4178 1880 4229 Praefat.

336 4251 350 4287 ¹
381 4251 523 4302 Just.
547 4253 636 4302 1.1.
672 4253 814 4303 Plut.
840 4253 994 4305 Alex.
1016 4268 1068 4317 p.
1089 4258 1208 4305 669.
1477 4254 1507 4285 ⁴*
1527 4256 1663 4326 Geli.
1685 4258 1846 4308 Noct.
1868 4256 2033 4311 Attin.
2056 4272 2185 4308 xtn.
2207 4260 2256 4306 4.
2280 4259 2329 4305 2.
2409 4313 2434 4332 ,Ἴ

337 4336 373 4363 “
391 4330 682 4384 Liv.xxv1.
707 4334 786 4383 19.
820 4330 1035 4392 Sueten.
1053 4332 1329 4386 Octavian.
