2978 4933
797 409 912 457 οι..
959 406 1146 456 cxli.
1189 388 1254 454 3.
1330 405 1399 452 A.
1447 403 1570 452 cn.
1617 403 1690 451 N.
1734 386 1883 452 330.
2303 391 2435 458 435

250 565 314 624 et
354 558 727 625 satietatem
736 556 999 640 ‘'gloriae
1053 573 1415 619 occurrere.
1505 551 1572 618 2.
1616 551 1715 616 Ut
1761 552 2058 618 omittam
2109 553 2433 639 Illyrios:

250 666 597 743 Triballos,
628 664 992 739 Boeotiam,
1034 660 1414 737 Thraciam,
1461 659 1792 742 Spartam,
1840 657 2191 734 AchanS,b
2234 659 2432 726 Pelo-

250 787 631 851 ponnesum,
659 785 941 852 quorum
988 765 1124 829 alia
1166 762 1367 828 ductu
1406 781 1583 838 meo,
1613 759 1753 824 alia
1781 760 2057 844 imperio
2089 763 2430 845 auspicio-

251 890 374 954 que
401 870 749 954 perdomui
773 890 790 935 ε
814 882 840 907 ⁰
879 870 942 932 3.
969 887 1129 932 ecce
1147 868 1287 930 orsi
1308 864 1554 930 bellum
1581 864 1667 928 ab
1702 863 2174 947 HellespontO,
2208 863 2436 941 IonaS,

252 972 585 1038 AEolidem
616 971 890 1037 servitio
918 970 1251 1036 barbariae
1280 969 1672 1051 impotentis
1704 968 2109 1031 exemimus:
2141 965 2433 1045 Cariam,

251 1074 546 1159 Lydiam,
607 1073 1141 1159 Cappadociam,
1192 1071 1578 1155 Phrygiam,
1627 1070 2178 1153 Paphlagoniam,
2234 1070 2436 1134 Pam-

248 1178 557 1263 phyliam,
577 1177 904 1255 PisidaS,⁰
924 1175 1258 1254 Ciliciam,
1280 1174 1567 1259 Syriam,
1596 1173 1991 1252 Phoenicen,
2017 1172 2432 1250 Armeniam,

250 1281 609 1359 Persidem,
645 1281 916 1360 Medos,
943 1279 1341 1344 Parthienen
1359 1278 1767 1342 habemusin
1789 1281 2121 1362 potestate
2148 1298 2164 1341 τ
2195 1282 2257 1340 4.
2292 1276 2440 1359 plu-

246 1403 349 1448 res
377 1384 762 1467 provincias
789 1384 1185 1468 complexus
1216 1401 1385 1460 sum,
1428 1400 1631 1466 quam
1677 1381 1794 1445 alii
1839 1380 2035 1444 urbes
2076 1391 2435 1464 ceperunt:

245 1493 311 1549 et
339 1487 593 1564 nescio,
621 1506 707 1550 an
738 1487 1153 1550 enumeranti
1175 1483 1339 1548 mihi
1362 1483 1674 1568 quaedam
1698 1483 1992 1567 ipsarum
2021 1502 2240 1546 rerum
2270 1485 2438 1548 mul-

246 1588 455 1653 titudo
506 1588 921 1654 subduxerit.
1008 1592 1073 1654 5.
1125 1588 1367 1673 Itaque
1427 1588 1488 1652 si
1552 1586 1912 1665 crederem,
1971 1587 2137 1652 satis
2189 1595 2439 1652 certam

303 1788 328 1812 ⁰
359 1776 476 1833 Alia
490 1798 575 1847 per
593 1800 669 1835 me
684 1785 803 1850 ipae,
824 1784 921 1836 alia
936 1799 1169 1849 per-<meos
1191 1783 1435 1834 Proetoree
1451 1785 1633 1849 subegi.

241 2008 439 2075 Gryplr.
461 2011 601 2062 Mer.
622 2013 743 2063 Bas.
765 2018 823 2064 et
842 2014 995 2066 Frob.
1020 2014 1268 2080 Illyricos,-
1301 2015 1531 2066 Florent.
1559 2014 1704 2066 Leid.
1728 2015 1880 2065 Voss.
1903 2020 1948 2064 1.
1975 2018 2026 2063 2.
2054 2013 2170 2062 Pal.
2199 2016 2245 2064 l.
2271 2012 2441 2075 Bong.

245 2080 290 2124 1.
310 2080 358 2124 2.
392 2076 590 2126 Fauch.
613 2078 836 2128 Pinum
859 2081 982 2129 Put.
1017 2081 1226 2145 Illyriae.
1292 2081 1525 2130 Floreat.
1549 2080 1784 2130 Roaiam.
1853 2079 1974 2130 Ald.
1999 2086 2055 2128 et
2077 2079 2216 2128 Mer.
2238 2077 2438 2128 Acheros.

236 2140 390 2250 llieid.
410 2142 565 2255 Σοῗοε.
586 2145 634 2192 1.
656 2147 705 2193 2.
744 2144 858 2193 Pal.
883 2149 932 2195 1.
981 2145 1145 2208 Bong.
1168 2150 1215 2194 1.
1238 2150 1287 2195 2.
1341 2146 1483 2195 Pith.
1521 2146 1644 2195 Put.
1681 2153 1736 2195 et
1774 2145 1966 2194 Fauen.
2003 2144 2442 2207 Peloponnen-sum,-

231 2248 237 2255 .
293 2219 377 2254 an.
465 2221 496 2255 e
537 2222 713 2270 ponens

240 2271 269 2315 3
305 2270 536 2321 Floreat.
557 2272 706 2321 Leid.
731 2275 878 2322 Voss.
902 2278 950 2324 1.
973 2279 1021 2323 2.
1059 2275 1174 2324 Pal.
1199 2279 1246 2325 1.
1286 2282 1342 2325 et
1375 2277 1514 2325 Dan.
1549 2290 1650 2325 ecce
1688 2290 1861 2324 orsum.
1928 2273 2025 2323 Ed.
2049 2280 2182 2324 vett.
2205 2271 2444 2322 Freinsh.

238 2341 293 2380 et
335 2344 565 2385 recentt.
601 2339 665 2386 ad
701 2337 1055 2401 Hellespontum
1066 2354 1086 2396 ,0
1120 2340 1287 2402 Bong.
1324 2343 1374 2388 1.
1412 2339 1524 2388 Col.
1568 2344 1711 2390 1579.
1766 2338 1930 2402 Lugd.
1955 2342 2099 2388 1684.
2125 2341 2271 2388 1588.
2300 2340 2443 2385 1591.

238 2396 404 2448 Amst.
433 2404 584 2450 1621.
627 2405 770 2453 1628.
806 2407 951 2454 1629.
990 2407 1136 2453 1686.
1159 2405 1273 2453 aliae
1296 2411 1418 2454 ante
1438 2405 1679 2456 Freinsh.
1702 2405 1761 2454 ab
1785 2405 2111 2466 Hellesponto,
2135 2403 2274 2468 quod
2301 2415 2447 2450 revo-

240 2464 377 2513 cavit
398 2464 725 2517 Schmieder.
792 2469 1021 2518 Florent.
1048 2469 1195 2519 Leid.
1219 2471 1372 2520 Voss.
1399 2475 1445 2519 1.
1484 2478 1541 2520 et
1581 2472 1746 2533 Boug.
1765 2476 1815 2521 2.
1847 2473 1910 2519 ad
1933 2469 2275 2533 Hellesponto,·
2310 2466 2444 2515 Dan.

239 2527 571 2593 Hellesponto,
594 2534 952 2596 superscripta
973 2534 1268 2584 novissimae
1292 2535 1457 2584 literae
1481 2535 1579 2584 hac
1603 2542 1728 2585 nota
1748 2540 1800 2584 ἡ.
1864 2536 2097 2584 Florent.
2119 2532 2268 2583 Leid.
2291 2530 2441 2579 Voss.

236 2596 285 2641 2.
321 2594 461 2646 Dan.
490 2602 549 2644 et
570 2596 737 2659 Bong.
760 2600 810 2647 2.
846 2598 1080 2647 barbarice
1111 2600 1419 2662 impotentes,-
1454 2599 1623 2661 Bong.
1650 2605 1696 2649 l.
1731 2600 1775 2647 b.
1812 2598 2100 2661 impotentis,
2140 2598 2232 2647 sed
2268 2609 2447 2657 super-

239 2661 440 2721 scripta
485 2660 655 2710 literae
698 2662 719 2709 i
756 2662 859 2711 alia
898 2677 942 2711 e.
1025 2662 1134 2712 Pro
1173 2664 1433 2712 exemimus
1467 2664 1580 2713 Pal.
1618 2668 1665 2713 l.
1706 2664 2004 2712 excomimus.
2073 2662 2194 2711 Ald.
2232 2661 2446 2709 Cariam.

237 2722 387 2772 Voss.
431 2727 479 2773 1.
523 2728 573 2773 2.
609 2726 846 2787 Ρήὲἰαηπ.
918 2727 1146 2777 Florent.
1186 2728 1263 2775 Pa
1360 2728 1518 2776 oniam
1531 2744 1553 2785 ,·
1585 2728 1735 2778 Voss.
1777 2733 1824 2777 l.
1863 2728 2144 2788 pagoniam.
2213 2726 2447 2777 Floreut.

238 2785 383 2837 Leid.
407 2789 561 2839 Voss.
582 2793 627 2839 1.
650 2794 699 2839 2.
732 2791 847 2840 Col.
871 2791 994 2841 Bas,
1018 2792 1153 2841 Mer.
1177 2792 1245 2843 Al
1286 2828 1299 2841 .
1340 2792 1508 2842 Colin.
1547 2792 1752 2856 Gryph.
1777 2798 1832 2841 et
1855 2793 2012 2841 Frob.
2037 2791 2246 2840 Pisides.
2312 2788 2446 2838 Edd.

238 2859 360 2901 ante
394 2853 563 2904 snak.
597 2854 909 2905 Parthienen:
922 2872 941 2915 ,-
976 2856 1126 2905 Voss·
1165 2861 1214 2906 1.
1256 2860 1304 2906 2.
1378 2858 1612 2906 Floreat.
1648 2857 1798 2906 Leia.
1835 2863 1891 2905 et
1928 2858 2095 2920 Bong.
2132 2854 2448 2904 Parthienen.

236 2917 383 2967 Voss.
406 2923 460 2968 2.
499 2918 718 2969 habentes
756 2921 809 2969 in
847 2926 1159 2983 potestaten&
1196 2923 1308 2971 Pal.
1333 2925 1382 2971 1.
1415 2921 1639 2971 habentes
1675 2924 1729 2971 in
1763 2924 2115 2984 potatam—4
2151 2920 2266 2968 Pal.
2306 2924 2353 2967 1.
2395 2926 2452 2967 et

238 2981 390 3033 Voss.
408 2988 459 3032 2.
492 2984 653 3046 plures
684 2985 902 3047 regiones
937 3002 980 3035 c.
1003 3001 1124 3037 sum.
1192 2988 1344 3036 Voss.
1366 2990 1416 3037 2.
1451 2983 1516 3035 im
1554 3001 1684 3035 neme
1703 2987 1868 3045 ranti5
1902 2986 2043 3035 Pith.
2079 3000 2142 3034 an
2173 2984 2454 3033 enumerati.

239 3044 391 3098 Frob.
423 3050 657 3111 quasdam
682 3050 895 3114 ipsarum
923 3053 1294 3102 multituda—5
1331 3052 1480 3101 Voss.
1505 3056 1555 3103 2.
1589 3066 1675 3113 ego
1697 3051 1824 3100 enim
1845 3053 1952 3100 vero
1967 3066 1989 3110 ;
2023 3064 2117 3116 pro
2139 3064 2240 3115 quo
2266 3048 2381 3098 Pal.
2406 3053 2453 3100 1.

1453 3132 1489 3166 a

1242 3198 1459 3251 NOTAE

1394 3312 1602 3362 nuntios
1622 3312 1686 3361 ab
1713 3313 1991 3375 Antipatro
2009 3310 2075 3360 de
2091 3310 2455 3373 Peloponnen-

1396 3387 1524 3437 sium
1550 3386 1847 3436 desectione
1880 3387 2061 3435 missos
2083 3385 2179 3433 sub
2212 3386 2326 3448 ipsa
2348 3398 2456 3432 mo-

1396 3472 1542 3518 tuum
1578 3465 1781 3514 illorum
1805 3464 1975 3521 initia,
2008 3463 2218 3511 Bactris
2250 3461 2456 3509 demum

298 3315 323 3341 ²
357 3307 585 3373 Illyrios]
635 3309 767 3361 Quae
807 3317 1099 3375 sequuntur
1143 3313 1312 3375 regio-

237 3397 359 3433 num
377 3385 797 3451 populorumque
812 3388 1039 3449 nomina,
1053 3387 1157 3437 suis
1172 3403 1312 3453 quae-
1353 3411 1354 3414 ¹

235 3474 337 3522 que
375 3460 508 3509 locis
543 3460 807 3523 explicata
840 3469 981 3524 sunt,
1015 3463 1193 3526 paucis
1225 3478 1313 3512 ex-

714 2224 823 2267 nm;
870 2211 994 2258 Bas.
1040 2217 1096 2259 et
1140 2211 1252 2260 Col.
1297 2210 1668 2273 Peloponemm5
1700 2211 1935 2260 Floreat.
1971 2210 2435 2271 Metoponemum.-
2526 2258 2534 2267 ,

240 3536 435 3598 ceptis..
486 3535 702 3585 Triballi
726 3538 912 3602 Mysiae
935 3537 1196 3589 inferioris
1222 3554 1312 3604 po·

236 3613 344 3673 puli
382 3612 452 3661 ad
491 3613 771 3678 Occasum,
804 3615 946 3666 iuter
979 3616 1221 3667 Haemum
1261 3623 1315 3666 et

241 3689 572 3740 Danubium.
1053 3733 1061 3740 ,

304 3764 327 3797 ¹³
361 3766 615 3827 Spartam,
644 3766 864 3831 Achaeoe]
906 3768 988 3818 Ad
1014 3769 1106 3818 hos
1129 3768 1312 3819 referri

235 3843 457 3892 videtur
516 3843 655 3907 quod
711 3844 1005 3909 subjungit,
1059 3847 1312 3910 ‘imperio

235 3918 619 3983 auspicioque’
671 3934 782 3970 meo
834 3924 849 3950 ‘
873 3922 1181 3985 perdomui,'
1221 3938 1314 3986 per

234 3992 587 4058 Antipatrum
606 3994 850 4045 videlicet
868 4011 883 4057 ς
906 3996 1043 4060 quod
1061 3997 1209 4048 initio
1224 3997 1312 4046 hu-

227 4069 319 4131 jus
356 4070 484 4118 libri
523 4070 759 4121 vidimuS.
824 4072 929 4121 Sed
964 4081 1165 4136 pugnat
1199 4075 1313 4137 ipse

235 4145 338 4194 albi
362 4146 606 4206 Cuttiae,
622 4147 708 4211 qui
726 4147 791 4197 de
810 4148 1079 4211 Antipatri
1099 4150 1314 4199 victoria

234 4223 555 4285 loquentem
590 4224 674 4273 hic
705 4223 1062 4280 Alexandrum
1096 4225 1316 4281 inducit,

238 4311 357 4346 cum
410 4298 555 4347 idem
591 4299 681 4350 lib.
715 4313 816 4350 vn.
861 4314 980 4363 cap.
1026 4305 1076 4350 4.
1120 4302 1316 4352 scribat

1396 3547 1662 3592 assecutos
1686 3538 2042 3610 Alexandrum
2067 3553 2200 3600 esse,
2236 3538 2458 3587 necdum

1396 3626 1568 3667 tamen
1608 3618 1675 3667 de
1713 3617 1931 3667 victoria
1961 3617 2239 3682 quicquam
2268 3614 2456 3664 afferre

1397 3695 1648 3758 potuisse.

1457 3777 1480 3802 ⁰
1514 3768 1734 3833 Pisidas]
1768 3770 1958 3832 Populi
1989 3768 2202 3817 fuerunt
2236 3768 2458 3832 Majoris

1395 3847 1650 3911 quondam
1674 3847 1920 3909 Phrygia».
1944 3844 2010 3893 ad
2030 3843 2220 3894 Ortum
2244 3845 2461 3906 accolae,

1394 3923 1500 3982 vel,
1536 3931 1595 3971 ut
1633 3923 1746 3971 aliis
1781 3922 1973 3985 placet,
2005 3921 2222 3971 incolae:
2261 3920 2461 3984 Lycao·

1393 4000 1532 4047 niam
1556 3998 1623 4047 ab
1646 3998 1853 4047 Occasu
1878 3998 2176 4059 attingunt3
2212 3996 2276 4044 ad
2301 3997 2463 4045 Meri·

1396 4076 1530 4124 diem
1554 4074 1884 4137 Pamphylia,
1909 4074 1975 4123 ad
2000 4075 2222 4123 Boream
2248 4073 2461 4121 Galatia

1397 4150 1757 4200 terminantur.
1826 4150 2027 4200 Horum
2064 4151 2185 4200 urbs
2219 4148 2320 4197 fuit
2354 4147 2461 4198 An-

1400 4228 1594 4277 tiochia
1618 4226 1853 4278 Pisidiae.
