2978 4933
484 414 619 482 226
951 429 1022 489 Q.
1070 425 1331 477 cunm
1384 422 1565 475 num
1620 424 1768 473 ms.
1822 424 1925 476 lv.
1972 425 2136 474 cn.
2180 410 2243 476 l.

488 574 683 662 stirpi
719 572 922 659 regiae
953 571 1330 651 annexum,¹
1365 572 1485 637 sed
1514 573 1603 638 ob
1625 572 1922 656 inopiam
1949 573 2406 638 suburbanum
2427 570 2693 636 bortum

489 680 737 764 exigua
763 678 1102 744 colentem
1138 675 1417 760 stipe.’¹··
1503 676 1610 742 20.
1657 675 1893 741 Causa
1935 675 2000 740 ei
2042 675 2483 761 paupertatis,
2517 677 2693 740 sicut

490 783 862 870 plerisque,
892 780 1201 866 probitas
1230 785 1413 844 erat:
1458 778 1884 864 intentusque
1914 779 2104 864 operi
2147 778 2405 856 diurno,
2455 782 2699 864 strepi-

489 895 633 953 tum
660 905 1013 963 armorum,
1042 883 1162 968 qui
1191 888 1402 948 totam
1432 883 1675 948 Asiam
1719 889 2172 963 concusserat,
2201 903 2335 948 non
2378 884 2703 948 exaudie-

487 992 629 1057 bat.
715 990 823 1054 21.
867 988 1110 1053 Subito
1142 986 1407 1067 deinde,
1453 987 1538 1053 de
1582 988 1834 1073 quibus
1884 994 2035 1051 ante
2084 986 2343 1052 dictum
2386 993 2515 1065 est,
2543 1008 2703 1052 cum

489 1092 692 1178 regiae
723 1092 937 1158 vestis
966 1091 1344 1175 insignibus
1370 1092 1638 1156 hortum
1683 1091 1951 1168 intrant,
1980 1110 2184 1174 quem
2227 1090 2398 1184 forte
2431 1089 2705 1156 steriles

490 1196 735 1263 herbas
764 1195 1013 1279 eligens
1031 1190 1550 1278 Abdalonymus
1579 1194 2001 1280 repurgabat.
2089 1193 2197 1258 22.
2240 1193 2434 1260 Tunc
2474 1198 2495 1228 ‘
2515 1191 2706 1279 rege'

490 1320 572 1366 eo
602 1299 917 1377 salutato,
946 1297 1109 1362 alter
1133 1316 1224 1361 ex
1250 1297 1382 1379 his,
1419 1302 1440 1339 ἕ
1461 1293 1811 1376 Habitus,'
1836 1296 2083 1381 inquit,
2134 1295 2304 1375 ‘hic,
2336 1317 2540 1381 quem
2565 1316 2706 1363 cer-

491 1403 597 1470 nis
640 1401 710 1468 in
754 1402 919 1467 meis
966 1401 1296 1479 manibuS,
1344 1421 1497 1465 cum
1541 1403 1674 1466 isto
1718 1400 2029 1485 squalore
2058 1398 2538 1485 permutandus
2583 1399 2707 1465 tibi

493 1513 651 1572 ests·
736 1504 961 1570 Ablue
1008 1524 1256 1587 corpus
1313 1504 1543 1569 illuvie
1616 1504 2037 1597 aeternisque·
2078 1503 2419 1568 sordibus·
2452 1503 2707 1587 squali·

495 1610 655 1674 dnm
675 1621 736 1674 ι·
778 1628 952 1692 cape
983 1609 1158 1690 regis
1184 1607 1507 1687 animum,
1535 1608 1696 1673 etin
1735 1594 1886 1673 eam
1909 1607 2268 1685 fortunam,
2302 1626 2438 1691 qua
2466 1606 2706 1690 dignus

497 1732 598 1790 es,
626 1712 827 1777 istam
858 1710 1337 1779 continentiam
1357 1711 1633 1798 profer?
1719 1711 1813 1776 Et
1838 1704 1992 1777 cum
2019 1711 2090 1775 in
2119 1710 2322 1796 regali
2346 1710 2523 1776 solio
2541 1711 2708 1776 resi-

498 1815 713 1893 debis,
744 1815 903 1880 vitae
927 1815 1250 1899 necisque
1273 1815 1568 1879 omnium
1589 1815 1834 1880 civium
1865 1813 2200 1893 dominuS,
2231 1833 2399 1880 cave
2427 1814 2707 1881 oblivis-

498 1921 676 1985 caris
722 1917 920 2002 hujus
965 1924 1204 1993 statuS,
1253 1917 1323 1983 in
1365 1937 1501 2001 quo
1540 1917 1795 2001 accipis
1821 1935 2138 2001 regnum3
2183 1917 2386 1982 immo
2412 1917 2708 1994 hercule,

490 2027 768 2123 propter
785 2018 1025 2104 quem!
1043 2017 1072 2055 ‘¹
1113 2021 1221 2086 23.
1246 2020 1524 2093 Somnio
1545 2020 1786 2086 similis
1805 2040 1912 2086 res
1933 2017 2409 2107 Abdalonymo
2428 2020 2710 2089 videba-
2740 2092 2743 2097 ,

499 2132 645 2190 tur:
690 2124 1051 2203 interdum,
1082 2128 1103 2157 ‘
1134 2126 1387 2190 satisne
1416 2126 1564 2189 sani
1613 2133 1864 2204 essent,
1894 2124 2011 2210 qui
2032 2132 2193 2189 *tam
2225 2131 2542 2209 proterve
2568 2125 2708 2189 sibi

498 2225 900 2305 illuderent,'
945 2227 1489 2310 percontabatur.
1576 2226 1717 2292 Sed
1749 2234 1825 2293 ut
1869 2227 2219 2293 cunctanti
2264 2229 2543 2311 squalor
2585 2229 2710 2293 ab-

498 2330 683 2395 lutus
728 2334 851 2407 est,
903 2337 976 2393 et
1021 2328 1273 2413 injecta
1317 2331 1529 2395 vestis
1584 2351 1888 2415 purpura
1931 2350 2231 2423 auroque
2274 2330 2617 2407 distincta,
2645 2337 2711 2397 et

502 2431 672 2499 fides
703 2451 747 2498 a
778 2430 1162 2517 jurantibus
1184 2431 1402 2516 facta3
1448 2434 1626 2499 serio
1666 2433 1811 2519 jam
1857 2453 2002 2515 rex,
2032 2426 2279 2500 iisdem
2321 2433 2708 2502 comitanti-

565 2593 583 2629 1
621 2596 725 2645 Per
747 2597 935 2659 longam
954 2610 1146 2646 avorum
1166 2598 1334 2647 seriem
1356 2596 1609 2647 oriundum
1622 2613 1692 2656 ex
1712 2598 1850 2661 regia
1867 2601 2036 2666 stirpe.

564 2668 605 2693 ¹¹⁸
630 2661 782 2712 Tenui
799 2663 1007 2711 mercede
1027 2664 1314 2712 excolentem
1336 2663 1389 2711 in
1410 2664 1633 2716 suburbio
1655 2664 1861 2715 hortum.

565 2733 595 2760 ¹⁸
629 2728 727 2775 Pro
747 2728 979 2791 squalidis
996 2728 1123 2776 hisce
1135 2728 1307 2791 pannis
1326 2727 1588 2779 induendus
1610 2730 1700 2779 tibi
1721 2736 1811 2781 est.
1943 2738 1964 2763 ⁰
1982 2730 2186 2780 Jamdiu
2201 2729 2464 2780 contractis
2478 2728 2712 2779 sordibus.

560 2799 591 2834 Ρ
624 2792 767 2842 Sume
786 2793 985 2855 dig-num
1003 2792 1140 2856 Rege
1155 2794 1382 2852 animuin,
1398 2800 1446 2845 et
1467 2800 1599 2845 tuam
1614 2795 2084 2859 hancfrugalitatem
2100 2796 2153 2846 in
2171 2796 2312 2859 regia
2320 2796 2528 2856 fortuna
2539 2794 2712 2854 retine.

1419 2935 1781 2959 &OOOON‘ONO

505 3036 664 3098 longa.
721 3036 840 3085 Pal.
865 3040 913 3086 1.
944 3040 1002 3086 et
1026 3035 1177 3086 voss.
1197 3041 1248 3086 2.
1280 3035 1599 3086 suburbanum
1633 3042 1944 3089 ertum—21
1981 3036 2233 3089 Heinsius
2254 3050 2353 3102 pro
2372 3036 2554 3100 eligens
2574 3037 2713 3102 conj.

503 3102 716 3163 exigens.
751 3103 919 3165 Bong.
938 3102 1167 3151 Floreat.
1194 3100 1341 3150 Leid.
1363 3107 1419 3152 et
1445 3102 1595 3151 Voss.
1618 3103 2058 3163 1.›Abdaloninm,·
2088 3103 2242 3153 Voss.
2260 3107 2314 3153 2.
2344 3103 2716 3161 adalwimus,-

502 3167 683 3215 multae
705 3166 827 3216 edd.
848 3173 980 3216 vett.
999 3166 1369 3230 Abdalonymus.
1427 3167 1536 3216 Pro
1558 3168 1845 3233 repurgabat
1864 3169 2020 3218 Voss.
2036 3172 2084 3219 1.
2124 3168 2535 3233 superscriptum
2557 3168 2711 3217 habet

503 3231 865 3282 sambuce-22
900 3231 1020 3281 Tum
1048 3246 1159 3294 rege
1199 3232 1346 3282 Leid.
1382 3239 1439 3281 et
1472 3232 1629 3282 Voss.
1655 3238 1776 3286 1.2.
1820 3234 1900 3282 hic
1935 3234 2080 3283 vestis
2111 3248 2248 3297 quem
2286 3234 2520 3285 Florem.
2565 3233 2711 3284 Leid.

504 3296 657 3347 Voss.
681 3301 730 3346 l.
752 3297 1007 3360 2.'Bong.
1047 3297 1187 3346 Dan.
1218 3304 1273 3347 et
1306 3297 1424 3347 Pal.
1462 3302 1510 3346 l.
1580 3298 1658 3347 laic
1691 3298 1886 3349 omittit
1918 3300 2058 3349 Mer.
2138 3300 2268 3352 Mox
2302 3297 2715 3356 Leid.-inluvioe5

503 3360 654 3414 vose.
691 3367 740 3412 1.
773 3362 1187 3427 superscriptum
1219 3361 1377 3413 habet
1404 3363 1670 3429 porrigine.
1747 3363 1857 3430 Pro
1890 3364 2172 3429 ceter-nisque
2204 3367 2378 3428 Bong.
2417 3369 2463 3414 1.
2494 3380 2522 3413 e
2555 3364 2712 3415 terris-

504 3440 632 3489 que3
678 3429 846 3493 Bong.
879 3432 932 3477 2.
968 3435 1024 3476 et
1057 3428 1211 3483 Voss.
1247 3432 1297 3478 2.
1347 3432 1704 3494 superscripta
1748 3429 2119 3495 interpretatio
2151 3430 2385 3481 consuetis
2403 3445 2429 3492 ,-
2478 3429 2632 3479 Voss.
2666 3434 2712 3478 1.

448 3496 452 3498 ’
504 3492 811 3558 terrenisque.
887 3494 1038 3544 Voss.
1074 3496 1118 3543 1.
1154 3507 1248 3557 pro
1282 3494 1544 3557 squalidum
1577 3495 1987 3560 stupet-scriptum
2024 3496 2264 3546 callosmn.
2342 3494 2486 3545 Pith,
2519 3493 2713 3545 omittit

502 3555 649 3607 Mam
681 3566 817 3608 unte
852 3557 1209 3608 continentiam.
1251 3560 1421 3622 Bong.
1443 3560 1591 3612 Voss.
1616 3565 1664 3609 1.
1690 3561 1866 3612 Amet.
1896 3560 2125 3612 etheid.
2162 3560 2505 3611 continentiam
2532 3560 2716 3624 perfer.

505 3621 657 3675 Leid.
677 3624 797 3674 solio
814 3624 1015 3674 sedebis.
1079 3625 1233 3674 Voss.
1272 3629 1321 3673 2.
1354 3639 1465 3675 cave
1481 3625 1886 3676 vie-obliviscaris.
1950 3626 2184 3677 Floreat.
2221 3625 2368 3676 Leid.
2404 3627 2559 3676 Voss.
2598 3631 2644 3676 1.
2661 3628 2711 3677 2.

505 3687 675 3752 Bong.
697 3696 753 3739 et
774 3690 911 3740 Mer.
936 3689 1184 3744 omittunt
1216 3694 1389 3741 status.
1454 3691 1612 3742 Voss.
1647 3694 1697 3742 2.
1715 3696 1911 3756 propter
1941 3706 2079 3755 quem
2097 3697 2270 3743 uem.
2333 3691 2517 3741 Verba
2534 3706 2551 3741 ι
2574 3690 2712 3740 imno

505 3751 693 3804 herede
709 3760 906 3819 propter
927 3770 1080 3818 quem,
1103 3754 1323 3812 aberant
1360 3770 1391 3804 a
1428 3755 1740 3807 membranis
1774 3757 2317 3823 coloniensibus.-23
2351 3757 2508 3806 Voss.
2529 3760 2583 3806 2.
2615 3756 2714 3831 M}-

503 3817 758 3869 dalonimo.
826 3820 1018 3886 Vulgg.
1042 3819 1140 3869 sibi
1156 3821 1192 3870 i.
1212 3821 1626 3883 percunctabatur.
1694 3822 1863 3872 Paulo
1903 3831 2043 3886 post,
2078 3821 2195 3872 Pal.
2219 3826 2266 3873 1.
2288 3821 2433 3872 etium
2450 3821 2586 3888 fides
2614 3836 2645 3870 a
2663 3836 2712 3881 J.

494 3879 652 3940 facta.
717 3884 870 3933 Voss.
895 3888 942 3933 1.
965 3887 1014 3935 2.
1037 3886 1209 3948 Bong.
1234 3885 1371 3936 Mer.
1408 3896 1462 3933 et
1483 3887 1633 3936 Leid.
1656 3899 1759 3937 sero
1784 3902 1879 3950 pro
1900 3888 2023 3936 serio
2039 3903 2060 3945 ,·
2094 3888 2279 3938 Heius.
2303 3888 2444 3953 conj.
2465 3886 2649 3951 etfides
2680 3900 2713 3934 a

492 3945 691 4009 ,idedu
711 3962 851 3998 vero.-
870 3950 996 4012 jorn,
1016 3953 1099 4015 ᾅτ.
1127 3951 1206 4000 vel
1230 3952 1347 4001 veri.
1417 3951 1649 4002 Floreat.
1684 3952 1829 4005 Leid.
1852 3958 1918 4003 ‘et
1943 3953 2096 4003 Voss.
2121 3958 2169 4010 1.
2188 3950 2710 4003 2aeiiede‘m‘comitibne.

1498 4066 1716 4117 NOTAE

507 4162 595 4207 tur
614 4155 832 4220 dixisse,
865 4159 1097 4211 conflato
1131 4161 1340 4213 nomine
1376 4178 1445 4213 ex
1466 4163 1570 4213 Ab·
1714 4164 1739 4199 ἅ
1772 4163 2161 4229 Propter-qum]
2209 4164 2561 4231 cujusnam!
2596 4175 2714 4226 ΝΕ·

505 4234 655 4297 dalla,
694 4235 834 4298 quod
869 4237 1110 4288 ‘servum
1146 4240 1287 4304 Dei,'
1328 4248 1385 4291 et
1422 4242 1570 4307 mnia,
1648 4256 1772 4294 num
1796 4240 2173 4295 tibidefertur.

507 4312 648 4378 qnod
667 4311 684 4339 ‘
699 4310 909 4364 fidelem
923 4314 1053 4367 ’sen
1073 4318 1091 4346 ‘
1105 4317 1312 4370 verum-⁹
1333 4327 1507 4370 sonat.
