2978 4933
505 395 635 461 532
957 410 1027 470 Q.
1077 408 1337 457 cun'ru
1391 408 1571 458 num
1628 409 1766 456 mu.
1816 410 1952 457 vn..
2004 410 2165 461 cAr.
2209 397 2272 459 5.

502 558 615 622 dio
638 556 903 620 barbari
932 562 1190 639 gutture
1221 556 1323 619 ita
1342 554 1517 632 fixit,
1546 559 1618 619 ut
1644 574 1768 638 per
1799 556 2132 622 cervicem
2155 556 2522 622 emineret.⁸
2607 557 2712 624 37.

502 660 987 743 Praecipitatus
1029 680 1116 724 ex
1161 678 1336 742 equo
1367 659 1694 723 barbarus
1746 660 1966 725 adhuc
2022 668 2244 725 tamen
2273 660 2715 745 repugnabat.

504 762 640 826 Sed
668 763 782 827 ille
816 770 1187 827 extractam
1217 782 1304 826 ex
1335 763 1602 826 vulnere
1647 762 1912 842 hastam
1957 784 2187 828 rursus
2236 765 2301 827 in
2346 782 2428 826 os
2459 762 2711 848 dirigit.

505 866 969 930 Satibarzanes
1015 866 1281 931 hastam
1329 886 1533 929 manu
1587 865 2004 960 complexuS,
2054 886 2193 950 quo
2241 865 2565 930 maturius
2610 865 2712 928 in-

503 969 760 1047 teriret,
790 968 1000 1032 ictum
1029 969 1241 1032 hostis
1269 969 1560 1052 adjuvit:
1634 968 1741 1032 38.
1790 976 1860 1033 et
1906 970 2194 1048 barbari,
2225 969 2396 1033 duce
2437 968 2714 1044 amisso,

505 1090 705 1155 quem
752 1073 965 1155 magis
1014 1073 1444 1150 necessitate,
1499 1090 1702 1155 quam
1752 1078 1992 1155 sponte
2038 1073 2255 1137 secuti
2301 1076 2508 1147 erant,
2554 1075 2715 1134 tunc

501 1173 684 1238 haud
724 1174 1139 1240 immemores
1169 1176 1548 1240 meritorum
1594 1174 1979 1253 Alexandri,
2025 1194 2213 1239 arma
2259 1173 2535 1257 Erigyio
2583 1178 2714 1237 tra-

507 1277 689 1342 dunt.
775 1278 882 1344 39.
930 1277 1086 1343 Rex
1115 1279 1221 1343 his
1257 1278 1535 1361 quidem
1565 1279 1786 1356 laetus,
1829 1278 1912 1341 de
1941 1278 2290 1362 Spartanis
2317 1276 2499 1341 haud
2546 1294 2714 1364 qua-

504 1399 704 1462 quam
750 1399 1051 1459 securuS,
1082 1400 1328 1463 magno
1371 1389 1599 1446 tamen
1628 1382 1852 1445 animo
1879 1380 2320 1445 defectionem
2349 1398 2582 1442 eorum
2610 1383 2714 1468 tug-

472 1481 616 1562 ‚lit3
666 1483 923 1560 dicenS,
964 1488 1135 1547 ‘non
1168 1490 1322 1547 ante
1368 1502 1576 1547 ausos
1618 1483 1908 1548 consilia
1933 1482 2207 1559 nudare,
2252 1500 2452 1564 quam
2483 1481 2712 1570 ipsum

506 1585 593 1648 ad
621 1585 783 1649 fines
812 1583 1024 1650 Indiae
1075 1587 1451 1669 pervenisse
1496 1585 2002 1670 cognovissent!
2084 1587 2192 1649 40.
2225 1584 2388 1668 Ipse
2417 1584 2712 1654 Bessum

502 1707 905 1772 persequens
936 1689 1175 1773 copias
1218 1688 1466 1753 movit:
1507 1689 1615 1753 cui
1649 1688 1954 1772 Erigyius
1999 1687 2229 1771 spolia
2254 1685 2551 1762 barbari,
2584 1703 2710 1752 ceu

504 1791 805 1873 opimum
828 1787 855 1826 ¹³
881 1790 1044 1855 belli
1074 1787 1307 1870 decuS,
1338 1791 1707 1874 praeferens
1739 1793 2047 1857 occurrit.
2685 1849 2701 1860 .

592 1909 659 1957 v,
704 1892 768 1958 1.
799 1891 1011 1975 Igitur
1051 1894 1558 1960 Bactrianorum
1588 1894 1857 1978 regione
1888 1893 2227 1960 Artabazo
2257 1890 2531 1970 tradita,
2563 1911 2706 1956 sar-

503 1993 687 2058 cinas
715 2001 782 2058 et
804 1995 1294 2079 impedimenta
1321 1998 1419 2061 ibi
1453 2018 1604 2062 cum
1634 1996 1956 2081 praesidio
1985 1995 2273 2080 reliquit:
2364 1993 2527 2077 Ipse
2553 2014 2705 2058 cum

504 2096 826 2179 expedito
878 2099 1136 2182 agmine
1180 2099 1336 2165 loca
1380 2099 1644 2166 deserta
1696 2098 2220 2182 Sogdianorum³
2266 2097 2500 2174 intrat,
2544 2116 2706 2161 noc·

567 2266 589 2294 θ
628 2262 698 2311 Ut
718 2266 854 2313 trans
875 2265 1046 2314 collum
1067 2269 1256 2315 extaret
1280 2265 1432 2316 hasta.

1419 2391 1794 2414 “Mem

501 2507 616 2568 ipse.
684 2506 797 2557 Pal.
823 2511 872 2556 1.
891 2506 1121 2559 concitato
1144 2509 1195 2558 in
1216 2525 1279 2560 m.
1304 2509 1350 2561 b.
1373 2525 1426 2571 g.
1449 2511 1487 2558 i.
1602 2510 1845 2559 erin—3⁷
1880 2509 2030 2559 Voss.
2053 2511 2103 2557 2.
2130 2506 2326 2557 omittit
2344 2520 2410 2556 ex
2434 2512 2557 2555 ante
2579 2523 2706 2572 equo.

503 2572 650 2621 Leid.
684 2570 783 2622 Sed
804 2573 839 2623 i.
862 2578 1084 2623 tractam.
1149 2575 1383 2624 Floreat.
1404 2574 1496 2624 Lei
1536 2610 1549 2623 .
1574 2575 1721 2624 Voss.
1746 2579 1792 2625 1.
1814 2578 1864 2624 2.
1884 2580 1939 2623 et
1973 2575 2140 2635 Bong.
2171 2587 2198 2621 e
2229 2572 2361 2620 vultu
2393 2573 2600 2634 hastam,
2624 2576 2703 2635 ξε.

501 2637 695 2687 Fauch.
714 2638 791 2699 τῷ·
810 2636 1139 2689 Satibarzanes
1160 2654 1420 2703 superscr.
1440 2640 1596 2689 habet
1622 2639 1868 2688 Artibazee
1882 2654 1903 2696 ,-
1924 2639 2081 2688 Voss.
2101 2642 2148 2686 1.
2167 2637 2264 2687 hoc
2283 2651 2469 2685 nomen
2494 2639 2706 2687 omittit.

501 2702 734 2751 Florent.
772 2703 916 2753 Leid.
942 2704 1090 2753 Voss.
1112 2708 1159 2753 1.
1182 2708 1231 2753 2.
1268 2706 1382 2755 Pal.
1418 2711 1463 2754 1.
1488 2713 1544 2755 et
1567 2705 1734 2769 Bong.
1761 2710 1807 2752 1.
1828 2708 1877 2753 2.
1910 2704 2159 2753 omittunt
2184 2703 2368 2751 hastam
2391 2709 2516 2750 ante
2539 2717 2709 2760 manu,-

501 2767 693 2817 Fauch.
727 2768 905 2829 habet,
938 2783 1080 2827 manu
1100 2768 1298 2818 hastam.
1364 2771 1516 2820 Voss.
1541 2774 1586 2818 1.
1607 2785 1697 2833 quo
1719 2785 1782 2818 m.
1805 2769 2189 2818 interissem—38
2225 2768 2448 2819 Elorent.
2479 2781 2588 2829 quoe
2610 2783 2709 2821 ma·

497 2831 597 2891 gis.
652 2832 764 2880 Pal.
787 2837 835 2882 1.
858 2834 1044 2896 sequuti
1066 2839 1175 2883 tunc
1196 2840 1368 2893 πωπω
1405 2835 1636 2884 Florem.
1657 2842 1712 2884 et
1733 2836 1884 2885 Voss.
1908 2838 1953 2882 1.
1974 2848 2015 2882 e.
2037 2837 2176 2882 erant
2197 2836 2306 2880 tanc
2327 2837 2413 2880 aut
2427 2847 2449 2889 ,·
2483 2832 2640 2881 Voss.
2662 2837 2707 2882 2.

499 2896 665 2958 Lugd.
685 2905 739 2947 et
765 2895 931 2947 Amat.
956 2901 1205 2949 omittunt
1226 2904 1355 2949 tunc.
1391 2900 1626 2949 Florent.
1647 2898 1794 2949 Leid.
1813 2900 1966 2947 Voss,
1993 2903 2042 2946 1.
2065 2902 2116 2947 2.
2141 2897 2255 2945 Pal.
2276 2901 2321 2946 1.
2342 2896 2480 2945 Dan.
2495 2902 2554 2946 et
2570 2898 2707 2946 Mer.

500 2961 705 3021 En‘guo,
728 2968 783 3011 et
804 2963 876 3012 sic
900 2962 1146 3026 deinceps
1166 2979 1181 3024 ;
1206 2965 1294 3013 alii
1313 2964 1497 3028 Erigyo
1511 2980 1531 3023 ,·
1555 2965 1667 3014 Col.
1691 2964 2022 3025 Bagam-39
2048 2962 2188 3011 Pith.
2210 2962 2322 3010 Rex
2337 2975 2401 3009 ex
2423 2961 2521 3011 his.
2554 2963 2707 3012 Voss.

503 3027 550 3072 l·
571 3031 653 3075 aut
675 3040 953 3089 quamquam
972 3033 1234 3092 sequium.
1273 3028 1499 3081 Floreat.
1523 3029 1669 3079 Leid.
1693 3028 1848 3078 Voss.
1872 3033 1917 3078 1.
1937 3032 1987 3078 2.
2023 3027 2201 3091 Sigei).
2221 3033 2276 3076 et
2298 3025 2420 3074 Ald.
2440 3026 2710 3085 defectum,-

499 3089 641 3137 Dan.
689 3090 799 3137 Pal.
844 3096 890 3138 1.
923 3093 1034 3142 Col.
1075 3094 1212 3142 Mer.
1243 3102 1298 3143 et
1336 3095 1456 3143 Bas.
1491 3109 1669 3158 quoque
1708 3095 1955 3154 defectum.
2022 3094 2174 3142 Voss.
2200 3097 2246 3142 1.
2272 3105 2364 3138 mm
2385 3095 2532 3140 antea
2554 3107 2708 3142 ausos.

501 3152 657 3203 Voss.
677 3158 726 3202 2.
748 3155 944 3204 consilia
962 3170 1120 3205 eorum
1138 3160 1333 3207 nudare.
1386 3160 1619 3209 Floreat.
1648 3158 1792 3208 Leid.
1815 3165 1869 3208 et
1889 3158 2038 3207 Voss,
2064 3162 2110 3206 1.
2133 3161 2408 3217 cognoscent
2424 3172 2445 3213 ;
2478 3157 2640 3205 Voss.
2663 3162 2706 3207 2.

499 3224 971 3279 cognouerent.—-40
1003 3223 1157 3271 Voss.
1180 3227 1228 3272 2.
1257 3224 1419 3285 Ipsum
1443 3224 1664 3273 Bessum.
1728 3224 1881 3272 Voss.
1905 3227 1955 3271 2.
1979 3224 2120 3272 Dan.
2155 3232 2212 3271 et
2251 3222 2417 3284 Βοῦς.
2454 3221 2707 3271 omittunt

497 3283 662 3345 opalia.
721 3284 949 3337 Florem.
971 3294 1028 3337 et
1049 3287 1196 3338 Leid.
1237 3287 1497 3337 Barbarici
1516 3289 1755 3351 opimum3
1789 3287 1922 3339 Dan.
1947 3287 2116 3350 Βοῦς.
2141 3293 2197 3335 et
2218 3286 2371 3336 Voss„
2400 3291 2446 3334 1.
2469 3285 2708 3336 barbarici

496 3347 758 3410 optimum3
791 3351 939 3400 Voss,
975 3355 1025 3401 2.
1057 3351 1297 3403 barbarice
1329 3368 1413 3401 eea
1442 3353 1703 3415 optimum3
1733 3353 1869 3401 Mer.
1908 3351 2073 3415 Lngd.
2110 3359 2166 3401 et
2189 3349 2358 3400 Amst.
2395 3349 2594 3400 barbari
2625 3367 2706 3403 ceu

498 3414 723 3475 optimum
739 3430 760 3472 ,·
793 3415 968 3479 vulgg.
999 3423 1121 3467 ante
1155 3417 1389 3467 Freinsh.
1424 3416 1672 3467 barbarica
1706 3432 1790 3466 ceu
1835 3418 2096 3478 optimum3
2128 3415 2300 3466 Amst.
2343 3415 2545 3466 omittit
2580 3417 2701 3467 belli.

379 3510 391 3516 -
495 3476 512 3504 ‘
531 3479 874 3541 Languidiora
887 3481 1031 3531 haec:
1067 3483 1219 3544 spolia
1243 3482 1445 3538 barbari,
1464 3497 1546 3532 ceu
1558 3484 1761 3546 opimum
1778 3481 1886 3530 beni
1906 3484 2063 3531 decus.
2109 3479 2350 3530 Praefero
2368 3495 2489 3529 cum
2510 3482 2705 3546 aliquot

500 3541 736 3593 codd.cui
752 3545 981 3608 Ergyius,
994 3545 1251 3596 barbarici
1264 3548 1486 3609 opimum
1506 3547 1628 3596 belli
1643 3549 1800 3596 decus
1820 3544 2121 3609 praeferenS,
2134 3544 2394 3595 occurrit?
2414 3545 2704 3596 Schmieder.

570 3611 595 3655 1
634 3608 759 3657 Bas.
780 3624 892 3671 rege
911 3610 1167 3660 Artabazo.
1189 3611 1196 3620 “
1235 3613 1385 3661 Voss.
1411 3617 1455 3660 1.
1482 3611 1648 3662 Amet.
1675 3618 1730 3661 et
1754 3611 1921 3675 Lugd.
1942 3612 2170 3674 prasidio
2191 3610 2438 3673 relinquit.
2510 3612 2698 3660 Faucll.

499 3670 664 3734 Bong.
689 3678 734 3724 1.
757 3677 807 3724 2.
844 3675 971 3724 Put.
1005 3675 1151 3726 Leid.
1184 3677 1329 3725 Mod.
1366 3682 1421 3725 et
1456 3677 1577 3725 edd.
1615 3677 1876 3741 pleraeqne
1912 3684 2034 3725 ante
2073 3676 2304 3725 Freinsh.
2349 3673 2697 3739 Sueitmwrum,

496 3735 666 3799 ‘quod
691 3753 876 3789 nomen
912 3754 1063 3791 nemo
1090 3739 1269 3789 novit.'
1301 3740 1591 3793 Schmieder.
1657 3742 1778 3791 Ald.
1817 3740 2176 3792 Suscitanorm
2191 3756 2212 3798 ,·
2246 3741 2386 3790 Pith.
2418 3740 2699 3793 Susiehano·

1488 3889 1702 3940 NOTAE

497 4001 602 4057 tur,
624 3996 771 4064 cujus
799 4013 977 4050 mucro
1013 4001 1065 4051 in
1098 4001 1447 4052 adversarium
1482 4004 1558 4052 in·
1640 4005 1657 4033 ‘
1676 4005 1848 4069 opima
1871 4004 2075 4069 spolia,’
2097 4003 2187 4054 lib.
2213 4017 2298 4054 ω.
2319 4017 2438 4066 cap.
2455 4007 2540 4052 11.

495 4072 745 4124 tenditur.
781 4075 1035 4127 ‘Sarissa’
1055 4078 1156 4129 fuit
1179 4079 1403 4138 brevior,
1429 4081 1557 4129 utin
1701 4090 1726 4116 ⁸
1756 4080 2124 4145 Sogdianorum]
2157 4079 2400 4129 Nondum
2421 4079 2694 4130 transierat

497 4151 673 4216 equite
689 4168 704 4213 ;
729 4166 843 4202 nam
866 4154 1097 4216 peditum
1116 4158 1371 4222 longiores
1389 4167 1558 4224 erant,
1637 4157 1935 4208 Alexander
1951 4157 2124 4207 Oxum
2137 4154 2368 4211 fluvium,
2381 4169 2537 4219 quem
2554 4156 2691 4204 Stra-

496 4234 553 4277 ut
577 4229 797 4278 diximus
820 4229 911 4280 lib.
935 4244 1012 4280 lv.
1036 4247 1151 4296 cap.
1175 4239 1253 4284 15.
1635 4236 1701 4286 bo
1721 4236 1812 4286 lib.
1838 4249 1918 4285 x1.
1942 4240 1998 4284 et
2016 4232 2335 4283 Ptolemaeus
2363 4231 2455 4281 lib.
2478 4245 2554 4281 νι.
2579 4246 2688 4294 cap.

562 4305 586 4343 ὓ
632 4307 874 4373 Opimum]
934 4309 949 4338 ‘
975 4309 1222 4375 Opimum
1267 4312 1427 4364 decus
1445 4314 1460 4337 ’
1498 4320 1554 4364 et
1635 4317 1717 4366 11.
1765 4313 2060 4364 Bactrianae
2082 4317 2136 4360 et
2171 4309 2449 4374 Sogdianae
2471 4308 2684 4359 medium
