2978 4933
438 354 526 421 86
1231 366 1290 420 ³.
1339 370 1845 421 rumusnnmu

440 525 577 578 tuos
606 515 820 576 servire
850 513 1120 583 voluisti:
1165 523 1231 574 tu
1281 525 1499 588 autem,
1548 515 1818 589 Daoche,
1847 525 1909 576 et
1937 508 2024 591 tu,
2053 516 2420 592 Thrasidaee,
2449 519 2627 582 Thes-

442 616 602 676 salos
647 615 770 694 regi
818 613 1190 675 vendidistis.
1301 616 1394 675 13.
1437 611 1807 675 Thessaliam
1852 615 2008 676 enim
2054 617 2334 679 servitute
2384 617 2636 701 Philippi

440 713 627 793 premi
656 712 889 785 videtis,
914 711 1202 785 Thebani,
1229 721 1309 784 et,
1331 711 1445 771 nisi
1473 711 1667 785 fallor,
1686 712 1860 792 juxta
1888 714 2190 775 nobiscum
2220 714 2634 795 ingemiscitis:

442 811 813 890 Byzantium,
842 819 1128 890 quantum
1157 811 1218 869 in
1243 810 1517 891 Pythone
1547 810 1680 884 fuit,
1708 811 1864 872 idem
1890 812 2170 873 manebat
2190 813 2456 886 exitium,
2477 815 2638 894 quod

442 909 744 989 Olynthus
793 928 1077 991 perpessa
1122 921 1253 969 est:
1297 929 1409 969 nos
1456 908 1852 970 liberavimus.
1940 911 2036 972 14.
2078 910 2314 991 Quippe
2363 911 2638 972 Groecam

439 1007 755 1080 civitatem,
799 1027 935 1068 cum
977 1008 1230 1068 maxime
1278 1007 1500 1068 sociam
1539 1017 1715 1087 atque
1765 1008 2136 1084 foederatam,
2184 1008 2283 1069 ille
2325 1008 2639 1090 religiosus

441 1115 617 1186 atque
662 1105 1012 1167 venerabilis
1058 1115 1316 1168 assertor
1362 1105 1618 1171 Groecioe
1659 1125 1770 1168 nec
1811 1106 2151 1188 opinantem
2179 1106 2508 1188 opprimere
2534 1127 2643 1188 ag·

440 1223 682 1282 gressus
705 1205 915 1266 fuerat.
976 1205 1127 1268 Haec
1155 1214 1250 1266 est
1273 1205 1543 1267 nimirum
1573 1206 1859 1285 proeclara
1884 1207 2071 1288 ipsius
2099 1205 2448 1288 prudentia:
2477 1205 2643 1266 calli·

440 1301 682 1391 ditatem
726 1325 831 1383 pro
874 1305 1112 1385 ingenio
1155 1304 1365 1364 habet:
1409 1304 1725 1384 perjurium
1758 1314 1944 1366 artem
1973 1314 2188 1386 putat:
2230 1303 2481 1384 perfidia
2507 1312 2642 1364 tan-

438 1422 615 1480 quam
646 1404 858 1463 virtute
884 1403 1084 1464 utitur.
1170 1404 1265 1463 15.
1308 1403 1432 1462 Aut
1474 1401 1638 1462 dicat
1676 1401 1956 1483 denique,
2003 1395 2126 1482 quo
2171 1401 2291 1462 alio
2316 1413 2499 1481 pacto
2523 1400 2644 1461 foro

437 1499 775 1560 midabilem
803 1501 964 1571 illam
991 1501 1317 1581 potentiam
1346 1510 1558 1561 nactus
1588 1512 1717 1561 est:
1761 1502 1811 1562 si
1839 1500 2088 1562 Graecos
2117 1499 2452 1574 fraudibus,
2498 1499 2644 1560 insi·-

441 1596 578 1669 diis,
608 1598 940 1676 proditione
967 1619 1087 1660 non
1115 1599 1305 1679 cepit:
1339 1599 1389 1659 si
1416 1601 1697 1660 barbaros
1722 1600 1899 1661 etiam
1927 1619 2046 1660 non
2070 1600 2213 1660 auro
2232 1596 2426 1678 magis
2456 1616 2639 1678 quam
2674 1601 2682 1607 '

437 1694 593 1755 ferro
618 1694 794 1764 vicit:
829 1696 878 1756 si
904 1696 1162 1776 denique
1189 1696 1466 1776 cuiquam
1495 1697 1828 1758 mortalium
1856 1708 1960 1758 aut
1980 1696 2158 1759 fidem
2185 1695 2329 1757 dare
2359 1705 2641 1774 gravatus

438 1803 553 1864 est,
590 1803 693 1853 aut
723 1793 921 1855 datam
952 1795 1157 1856 fallere
1186 1814 1306 1855 non
1339 1794 1637 1856 sustinuit.
1725 1797 1820 1855 16.
1863 1795 2002 1855 Istis
2031 1804 2228 1854 tamen
2255 1793 2356 1853 ille
2387 1792 2641 1853 Graeciae

437 1889 674 1962 vindex,
720 1910 828 1952 nos
858 1894 1293 1972 perturbatores
1322 1890 1528 1953 sumus
1555 1899 1569 1952 1
1633 1891 1925 1973 Sedquid
1953 1893 2101 1952 istos
2127 1890 2374 1971 pudeat,
2402 1889 2503 1969 qui
2533 1908 2644 1949 sua

437 1988 683 2049 crimina
708 1990 879 2050 nobis
908 1990 1203 2069 objectare
1246 1990 1498 2063 malunt,
1540 2011 1719 2070 quam
1764 2010 1883 2050 non
1931 1990 2252 2050 admonere
2277 2007 2384 2048 vos
2415 2006 2640 2060 eorum,

438 2105 688 2166 quorum
736 2088 849 2168 ipsi
894 2089 1188 2149 manifesti
1243 2089 1429 2150 sunt?
1513 2089 1576 2149 Si
1628 2089 1762 2168 quis
1818 2099 2122 2169 captorum
2172 2104 2486 2146 munerum
2540 2093 2643 2145 aut

437 2184 785 2261 proditionis
840 2205 975 2246 reus
1031 2196 1212 2260 esset,
1269 2185 1437 2246 illum
1485 2184 1737 2257 tuendo,
1795 2182 2251 2265 propugnando,
2297 2180 2531 2261 legibus
2582 2190 2646 2242 et

437 2279 626 2359 poenis
646 2281 973 2359 eripiendo,
995 2292 1249 2342 vestrum
1274 2282 1579 2359 negotium
1604 2282 1895 2361 ageretis:
1927 2300 2084 2342 nunc
2108 2279 2255 2340 alios
2277 2275 2640 2351 accusando,

442 2376 500 2433 in
535 2394 638 2435 vos
669 2377 1025 2436 sententiam
1069 2377 1288 2437 dicitis.
1377 2380 1469 2437 17.
1517 2376 1696 2446 Quod
1746 2378 1796 2438 si
1841 2377 2056 2456 ignari,
2103 2395 2387 2457 quorsum
2431 2394 2509 2436 ea-
2546 2393 2653 2460 res¹

439 2472 774 2550 pertineret,
801 2472 863 2532 id
894 2473 1216 2534 admisistis
1242 2496 1259 2543 ;
1301 2472 1679 2554 prudentiam
1707 2474 1770 2534 in
1797 2474 1964 2554 vobis
1991 2475 2260 2555 requiro:
2305 2474 2355 2534 si
2385 2473 2642 2535 scientes

438 2569 914 2649 prudentesque:
960 2570 1398 2634 verecundiam.
1489 2574 1585 2634 18.
1630 2571 1748 2631 Pro
1775 2590 1929 2644 mea,
1956 2571 2173 2652 quique
2200 2571 2264 2631 in
2288 2569 2495 2632 eadem
2519 2590 2643 2631 me·

439 2685 573 2728 cum
598 2686 787 2729 ⁴causa
818 2681 979 2742 sunt,
1026 2669 1366 2731 innocentia
1406 2668 1727 2742 suffecerit,
1770 2665 1932 2749 quod
1977 2687 2086 2729 nos
2117 2687 2154 2727 a
2182 2666 2457 2747 Philippo
2493 2666 2641 2729 nihil

438 2766 741 2844 accepisse
769 2766 881 2845 ipsi
903 2767 1201 2827 fatemini:
1233 2786 1345 2828 nec
1365 2766 1521 2829 enim
1545 2764 1760 2846 siquid
1782 2765 2216 2845 petivissemuS,
2236 2782 2457 2824 vacuos
2480 2763 2643 2824 abire

436 2880 653 2938 passus
700 2872 861 2922 esset
906 2863 1350 2924 liberalissimus
1398 2884 1524 2937 rex,
1566 2875 1635 2924 ut
1684 2883 1721 2922 a
1763 2862 1929 2923 vobis
1977 2861 2218 2941 quidem
2262 2860 2644 2940 praedicatur.

440 2958 533 3025 An
564 2957 665 3035 qui
693 2978 799 3018 vos
825 2960 1159 3039 corrupisse
1186 2979 1384 3040 operae
1416 2959 1669 3039 pretium
1719 2958 1966 3039 putavit,
2020 2957 2191 3018 nobis
2229 2955 2412 3017 etiam·
2435 2965 2641 3035 peten-

441 3053 620 3126 tibus,
669 3074 791 3128 non
844 3054 1211 3135 largiretur?
1324 3059 1420 3117 19.
1477 3058 1562 3118 At
1604 3057 1916 3118 Thebanos
1961 3054 2138 3116 modo
2183 3053 2517 3127 monuistis,
2563 3073 2644 3114 ne

441 3150 752 3211 consilium
777 3171 979 3212 eorum
1007 3161 1418 3232 sequerentur,
1445 3154 1550 3232 qui
1575 3153 1783 3234 patriae
1811 3151 1964 3213 male
1991 3151 2439 3213 consuluerunt.
2509 3151 2643 3229 Ego

441 3267 581 3308 vero
614 3248 821 3310 desino
849 3248 1149 3311 adversari
1175 3250 1315 3323 illis,
1363 3250 1653 3324 Thebani,
1707 3251 1756 3310 si
1796 3250 1880 3309 ita
1930 3248 2234 3310 sentiunt:
2276 3248 2337 3306 in
2381 3248 2642 3329 ipsorum

443 3346 781 3426 opinionem
808 3357 1087 3419 transeo:
1132 3368 1356 3430 vosque
1405 3359 1632 3429 quanto
1680 3348 1940 3407 maximo
1985 3355 2186 3426 potest
2213 3364 2390 3425 opere
2418 3344 2640 3419 hortor,

440 3460 566 3515 or0,
595 3444 864 3518 obsecro,
905 3454 1126 3526 perque
1169 3456 1426 3507 vestram
1470 3456 1534 3507 et
1570 3463 1941 3505 communem
1972 3443 2224 3502 Graeciee
2252 3441 2505 3502 salutem
2534 3444 2641 3501 ob-

442 3550 651 3614 testor,
679 3551 746 3601 ut
771 3542 886 3603 hoc
912 3542 1173 3624 ipsorum
1203 3545 1503 3605 decretum
1530 3540 1988 3622 amplectamini.
2046 3542 2148 3599 20.
2181 3538 2252 3598 Id
2280 3538 2332 3598 si
2359 3538 2642 3610 feceritis,

441 3658 636 3719 neque
681 3658 960 3719 pecorum
1010 3655 1191 3721 atque
1238 3651 1636 3702 armentorum
1681 3638 1870 3718 gratia
1896 3657 2004 3698 vos
2039 3636 2202 3715 ipsos
2228 3636 2424 3696 venire
2451 3636 2642 3715 patie-

439 3736 622 3806 mini:
667 3758 858 3819 neque
885 3749 952 3799 ut
980 3740 1297 3819 ergastulis
1345 3758 1488 3820 ager
1537 3747 1732 3824 vester
1775 3737 2198 3816 frequentetur,
2245 3733 2398 3794 inter
2444 3742 2645 3795 cetera

441 3831 698 3911 Philippi
741 3837 1037 3915 mancipia
1079 3837 1399 3897 Paeonibus
1439 3845 1501 3896 et
1527 3832 1799 3894 Triballis
1829 3830 2117 3892 servietis.
2200 3831 2300 3888 21.
2343 3829 2498 3890 Nam
2542 3830 2646 3891 isti

442 3949 652 4008 greges
682 3941 743 3989 et
769 3934 1061 4011 mancipia
1089 3934 1300 3995 intueri
1331 3951 1438 3996 vos
1478 3932 1715 4012 jubent,
1762 3931 1999 4010 egregia
2029 3926 2330 3988 servitutis
2356 3927 2641 4006 praemiag

439 4046 676 4099 uxores,
713 4026 952 4101 liberos,
981 4040 1276 4112 parenteS‚
1306 4032 1658 4101 libertatem,
1691 4029 1930 4101 famam,
1961 4026 2139 4088 fidem
2168 4025 2422 4104 denique
2458 4037 2520 4086 et
2547 4026 2641 4086 fas

444 4124 790 4184 Graecorum
820 4124 954 4184 vilia
982 4126 1219 4186 habere.
1309 4129 1459 4188 Haec
1489 4129 1641 4189 enim
1673 4128 1938 4207 profecto
1965 4123 2327 4205 perdidistis,
2351 4122 2641 4196 Thebani,

441 4220 555 4281 nisi
575 4219 767 4281 fraudi
793 4222 1209 4301 violentiusque
1232 4223 1485 4305 Philippi
1510 4244 1629 4284 una
1651 4225 1958 4284 nobiscum
1984 4219 2276 4282 resistitis.
2334 4223 2432 4279 22.
2463 4218 2645 4288 Quod
