2978 4933
736 385 995 435 surm..
1035 360 1125 431 'm
1175 384 1245 444 Q.
1292 380 1644 432 oun'rmu
1696 383 1841 433 mn.
1887 384 1969 431 11.
2310 371 2444 438 -145

238 529 457 604 frater,i
481 530 582 612 qui
612 548 750 591 cum
780 526 1236 588 Macedonicum
1271 524 1541 586 habitum
1583 524 1846 608 Phrygio
1874 533 2185 598 mutasset,
2210 542 2443 589 assum-

237 631 314 690 tis
345 628 745 708 Pergensibus
786 625 1014 705 aliquot
1041 623 1266 684 itineris
1316 623 1540 703 gnaris,
1566 622 1645 683 ad
1695 623 2143 685 Parmenionem
2170 624 2442 688 occultus

237 736 531 806 penetrat.
619 726 714 784 17.
758 724 852 784 Ita
869 721 1211 782 Alexander
1238 720 1797 800 comprehenditur:
1839 731 2057 782 etcum
2085 723 2161 783 ob
2182 737 2441 785 veterem

237 843 412 884 suam
457 822 812 902 familiaeque
854 820 1210 901 dignitatem.
1248 829 1310 882 et
1351 818 1602 899 gratiam
1643 819 1747 879 diu
1793 817 2012 879 dilatus
2049 830 2229 893 esset,
2269 823 2442 884 tertio

235 932 378 1002 post
411 939 596 994 anno,
624 921 765 981 dum
791 938 832 979 a
858 918 1112 979 Philotae
1160 917 1414 978 consciis
1461 916 1817 998 supplicium
1862 919 2132 991 sumitur,
2158 921 2441 982 societate

233 1019 521 1091 criminis,
548 1027 610 1085 et
627 1017 805 1099 poena
831 1017 1088 1078 sontium
1117 1016 1177 1075 in
1205 1014 1448 1087 exitium
1467 1016 1750 1094 abreptus
1777 1013 1996 1094 periit.¹‘
2060 1018 2158 1078 18.
2184 1017 2338 1097 Regi
2369 1038 2443 1078 ex
2539 1078 2552 1088 „

233 1116 564 1179 Phaselide
591 1115 873 1189 moventi,
893 1134 1073 1196 supra
1101 1113 1365 1175 detectas
1394 1112 1664 1187 insidias,
1683 1112 1970 1194 propitius
1999 1113 2256 1175 numinis
2278 1115 2443 1176 favor

233 1215 357 1275 alio
395 1215 604 1275 statim
641 1213 927 1276 beneficio
966 1204 1195 1294 patuit.¹
1275 1212 1453 1272 Parte
1498 1211 1791 1285 exercitus
1823 1210 1901 1272 ad
1929 1211 2317 1292 Pergensium
2344 1234 2443 1273 ur·

233 1313 371 1373 bem
418 1333 524 1392 per
569 1323 804 1374 montes
852 1314 1180 1392 praemissa,
1207 1321 1437 1372 ceteros
1486 1311 1615 1390 ipse
1657 1329 1763 1391 per
1817 1310 1981 1371 littus
2020 1310 2293 1384 ducebat,
2321 1332 2443 1396 qua

228 1410 478 1471 Climax
529 1430 721 1484 mons,
758 1410 1117 1491 *Pamphylio
1172 1409 1319 1469 mari
1372 1409 1746 1481 imminen8‚¹²¹
1801 1419 2119 1488 angustam
2163 1409 2440 1471 euntibus

227 1507 514 1569 semitam
555 1508 855 1588 relinquit,
875 1508 1118 1588 quoties
1165 1527 1328 1568 mare
1372 1507 1757 1589 tranquillum
1805 1517 1938 1575 est:
1972 1517 2046 1567 at
2083 1525 2220 1567 cum
2257 1518 2441 1569 aestus

229 1603 529 1677 incubuit,
555 1604 833 1666 fluctibus
862 1604 1145 1685 operitur,
1174 1603 1353 1693 idque
1380 1605 1595 1685 hyeme
1630 1605 1908 1684 frequens
1936 1614 1998 1664 et
2022 1623 2205 1685 prope
2232 1623 2442 1685 perpe·-

229 1711 407 1761 tuum
464 1711 578 1762 est.
664 1704 753 1762 19.
799 1702 883 1762 At
923 1701 1281 1776 Alexander,
1326 1703 1472 1763 nihil
1518 1723 1689 1783 aeque
1744 1722 1816 1763 ac
1869 1721 2092 1765 moram
2149 1713 2443 1789 metuens,

229 1799 562 1860 exercitum
619 1816 723 1880 per
776 1820 972 1880 aequa,
1026 1821 1130 1882 per
1183 1801 1405 1881 iniqua,
1462 1801 1675 1862 eodem
1722 1800 1935 1863 ardore
1991 1810 2172 1880 atque
2219 1799 2483 1880 impetu-

233 1895 529 1975 rapiebat.
610 1897 894 1958 Continui
933 1917 1043 1978 per
1096 1917 1198 1959 eos
1256 1897 1386 1958 dies
1439 1897 1626 1958 austri
1671 1898 1980 1970 flaverant,
2028 1897 2130 1976 qui
2176 1916 2336 1959 mare
2380 1896 2443 1959 in

228 1993 403 2068 littus
434 1994 833 2073 propellentes
862 1995 1061 2055 omnia
1086 1995 1309 2055 itineris
1331 1993 1590 2074 :vestigia
1621 1993 1757 2053 altis
1796 1992 2111 2075 paludibus
2152 1991 2442 2073 opplent:

235 2091 504 2151 assiduae
532 2093 708 2152 etiam
733 2112 1086 2173 magnaeque
1132 2092 1368 2174 pluviae,
1398 2106 1467 2153 ut
1493 2093 1685 2152 ventis
1715 2091 1842 2153 istis
1876 2090 2238 2172 spirantibus
2269 2084 2445 2163 solet,

234 2191 524 2251 ruebant:
596 2193 709 2252 20..
739 2190 846 2251 sed
902 2190 1266 2251 adventante
1295 2189 1651 2250 *Alexandro
1700 2189 1896 2251 subito
1950 2197 2186 2251 exortus
2236 2188 2456 2268 aquilov

233 2287 457 2347 coelum
486 2288 762 2369 purgavit
800 2288 1104 2361 imbribuS,
1128 2286 1322 2347 undas
1366 2287 1571 2368 rejecit
1605 2288 1668 2349 in
1711 2306 1892 2359 mare,
1920 2296 1983 2347 et
2009 2283 2444 2351 Macedonibus

236 2384 554 2445 transitum
581 2386 859 2466 aperuit?
931 2383 1040 2446 ‘Sic
1060 2405 1295 2466 quoque
1328 2386 1504 2445 unius
1528 2384 1651 2445 diei
1678 2385 1882 2446 itinere
1910 2403 2014 2464 per
2039 2383 2266 2446 incerta
2289 2383 2447 2450 vada

229 2484 663 2572 emergentium
691 2484 821 2555 fuit,
843 2503 1001 2563 aqua
1013 2483 1091 2543 ad
1116 2484 1458 2545 umbilicum
1475 2481 1657 2545 ferme
1678 2484 2099 2564 pertingente.⁰
2150 2484 2258 2542 21.
2285 2482 2444 2551 Tan-

227 2593 362 2643 =tam
390 2581 457 2642 in
484 2581 759 2661 periculis
779 2579 1108 2642 Alexandri
1146 2580 1443 2652 fiduciam,
1471 2593 1541 2641 ut
1583 2582 1660 2642 ab
1706 2581 1894 2661 ipsius
1935 2579 2176 2657 ingenio
2215 2580 2444 2659 profec-

237 2687 363 2738 tam
413 2697 534 2737 non
577 2676 806 2749 dubito,
848 2678 933 2737 ita
980 2677 1383 2756 frequentibus
1433 2676 1720 2757 prodigiis
1758 2687 1828 2737 et
1871 2674 2164 2738 ominibus
2209 2685 2446 2742 auctam

233 2776 766 2855 confirmatamque
789 2774 974 2835 fuisse
1002 2772 1349 2833 crediderim
1373 2793 1389 2842 ς
1421 2782 1738 2853 postquam
1767 2772 2008 2856 decreto
2035 2772 2292 2836 numinis
2319 2772 2444 2833 cla—

229 2872 488 2932 rissimis
536 2873 919 2953 maximisque
967 2874 1143 2933 rebus
1189 2891 1257 2932 se
1307 2871 1591 2934 destinari
1629 2871 1903 2951 conjecit.
1985 2873 2084 2930 22.
2114 2870 2343 2934 Adhuc
2384 2870 2446 2932 in

241 2967 612 3038 Macedonia
637 2969 876 3048 degenti
924 2961 1150 3049 species
1176 2967 1437 3029 humana
1472 2968 1782 3050 augustior
1809 2968 2154 3049 apparuisse
2182 2967 2448 3041 dicitur,p

231 3065 587 3140 monentis}
609 3074 674 3126 ut
703 3064 781 3125 ad
815 3065 1204 3126 evertendum
1244 3066 1551 3146 imperium
1595 3066 1898 3142 Persicum
1925 3066 2358 3152 quamprimum
2383 3065 2446 3123 in

241 3163 451 3224 Asiam
489 3164 889 3244 sequeretur?
934 3173 1113 3243 atque
1149 3163 1211 3222 in
1256 3163 1593 3225 memoriam
1617 3163 1891 3225 insomnii
1921 3159 2262 3226 revocatum
2310 3182 2445 3224 esse

238 3265 467 3341 regem,
495 3247 718 3321 cumin
749 3261 1034 3322 Phoenice
1079 3282 1174 3323 res
1220 3271 1481 3341 gereret3
1518 3263 1702 3324 obvio
1739 3261 2084 3324 Judaeorum
2114 3261 2444 3342 sacerdote,

226 3359 301 3416 in
325 3378 451 3439 quo
489 3360 833 3439 recognovit
876 3371 1171 3433 ornatum,
1200 3379 1376 3439 quem
1423 3359 1651 3440 pridem
1690 3359 1750 3418 in
1792 3359 2033 3439 objecta
2058 3358 2314 3438 imagine
2341 3377 2448 3436 per

233 3457 503 3536 quietem
534 3456 781 3517 viderat.
865 3460 966 3519 23.
1012 3456 1167 3517 Nam
1194 3458 1346 3518 inter
1386 3457 1760 3518 obsidionem
1787 3458 1927 3537 Tyri
1956 3455 2163 3520 vicinis
2207 3455 2445 3535 regibus

233 3552 597 3635 -populisqne
642 3552 1003 3615 deditionem
1048 3564 1111 3615 et
1158 3553 1431 3615 delectus
1480 3556 1905 3635 imperaverat:
1952 3552 2058 3615 sed
2092 3552 2314 3622 Judaei,
2343 3551 2446 3631 qni

247 3651 665 3732 Hierosolyma
690 3652 979 3726 famosam
1006 3654 1212 3714 urbem
1259 3654 1564 3726 tenebant,
1590 3652 1782 3712 foedus
1823 3672 1956 3714 cum
1985 3651 2169 3713 Dario
2197 3650 2447 3722 causati,

248 3749 652 3809 Macedonum
685 3750 995 3810 amicitiam
1033 3750 1465 3812 detrectabant.
1548 3752 1650 3811 24.
1695 3752 1843 3809 Eam
1895 3750 2090 3828 gentis
2137 3758 2444 3809 contuma-

248 3845 402 3908 ciam
438 3847 774 3928 puniturus,
803 3847 865 3907 in
891 3848 1168 3910 Judaeam
1195 3848 1414 3910 infesto
1462 3847 1698 3929 agmine
1745 3845 2047 3925 perrexit.‘¹
2132 3845 2212 3905 At
2241 3844 2447 3906 Hiero-

313 4065 329 4099 ἱ
363 4063 574 4117 Arrian.
567 4082 622 4117 1.
644 4072 729 4118 26.
1451 4076 1475 4101 ¹¹
1511 4068 1718 4117 Arrian.
1740 4068 1775 4118 1.
1799 4068 1831 4116 Ι.

314 4139 340 4173 ¹‘
374 4143 530 4193 Diod.
555 4146 589 4195 l.
615 4145 650 4194 l.
676 4162 727 4208 p.
744 4150 862 4195 604.
890 4146 1037 4197 Curt.
1062 4160 1166 4195 vu.
1190 4150 1235 4195 1.
1255 4149 1306 4195 8.
1451 4154 1474 4178 ⁰
1507 4146 1678 4195 Strab.
1698 4158 1817 4195 xtv.
1842 4161 1892 4208 p.
1910 4149 2026 4194 667.

312 4216 327 4250 ¹
364 4217 736 4271 Arrian.1.2'1.
1451 4230 1478 4264 1‘
1509 4224 1724 4289 Joseph.
1745 4222 1924 4289 Antiq.
1950 4235 2031 4273 xl.
2055 4226 2101 4270 8.

317 4302 355 4325 ¹¹¹
387 4294 552 4345 Strab.
578 4310 693 4347 xlv.
716 4312 772 4361 p.
787 4303 903 4349 666.
1453 4309 1478 4341 ‘1
1515 4300 1651 4352 1d.1.
1681 4302 1712 4351 Ι.

388 4377 555 4441 ΒεῑρΙι.
571 4384 619 4427 et
650 4381 765 4430 Ver.
788 4380 916 4430 ClaS.
1257 4381 1317 4435 Q.
1345 4383 1485 4430 Cart.
1686 4401 1695 4406 ·
2265 4377 2317 4425 Κ
