2978 4933
847 408 966 456 ot..
1011 406 1169 456 cxr.
1210 387 1276 454 3.
1308 486 1313 490 ι
1350 403 1423 451 Α.
1468 404 1593 452 on.
1637 402 1713 451 N.
1755 384 1908 453 333.
2337 383 2466 453 151

223 735 226 739 .
367 668 415 716 ι.
490 650 556 718 1.
602 650 785 716 Inter
832 651 979 717 haeo
1022 650 1425 731 Alexander,
1472 650 1557 716 ad
1607 647 2114 715 conducendum
2145 668 2236 715 ex
2267 647 2469 713 Pelo-

280 764 624 837 ponnesoa
662 755 946 820 militem
1002 754 1334 821 Cleandro
1384 776 1537 821 cum
1604 755 1893 838 pecunia
1944 754 2180 830 misso,
2234 750 2467 835 Lyciae

280 855 890 944 Pamphyliaequeb
953 858 1151 922 rebus
1205 859 1627 942 compositiS,
1679 856 1767 922 ad
1818 857 2046 921 urbem
2107 854 2467 920 Celaenas⁰

249 961 640 1037 *exercitum
673 959 994 1026 admovit.
1080 961 1148 1025 2.
1195 960 1496 1025 Mediam
1536 960 1657 1025 illa
1703 963 2104 1044 tempestate
2132 954 2469 1022 interflue-

252 1046 394 1125 'bat
445 1059 801 1147 Marsyasd
845 1063 1086 1141 amuis,
1130 1063 1460 1128 fabulosis
1506 1063 1897 1157 Graecorum
1926 1060 2336 1127 carminibus
2366 1059 2470 1122 in-

275 1165 516 1248 clytus·
602 1167 668 1231 3.
716 1166 904 1231 Fons
951 1166 1121 1252 ejus,
1163 1188 1250 1233 ex
1286 1188 1549 1232 summo
1574 1167 1823 1233 montis
1855 1166 2204 1232 cacumine
2231 1179 2469 1227 excur-

277 1285 448 1348 rens,
478 1269 557 1349 in
583 1269 955 1354 subjectam
985 1276 1242 1354 petram
1267 1289 1512 1355 magno
1536 1279 1560 1308 ⁸
1587 1270 1883 1354 strepitu.
1896 1287 2222 1353 aquarum
2249 1264 2467 1331 cadit:

1186 1403 1391 1441 oetaeo)
1396 1419 1546 1441 eeeee

337 1501 419 1552 De
458 1516 674 1551 numero
710 1501 1009 1566 incipientis
1045 1502 1163 1553 libri
1203 1518 1303 1553 non
1328 1502 1661 1554 consentiunt
1696 1501 1852 1552 codd.
1923 1502 2062 1550 Dan.
2097 1505 2154 1550 et
2184 1499 2309 1549 Put.
2333 1513 2469 1562 prae·

277 1563 539 1616 ferebant:
570 1569 633 1624 Q.
658 1569 716 1618 C.
735 1569 798 1617 R.
817 1571 875 1617 de
895 1568 1046 1630 gestis
1066 1568 1133 1618 A.
1156 1570 1228 1618 M.
1250 1571 1314 1619 R.
1336 1571 1471 1620 Mac.
1495 1570 1612 1618 liber
1632 1571 1859 1618 secundas
1878 1567 2048 1630 incipit
2062 1579 2096 1625 ·,·.
2115 1566 2256 1614 Pith.
2294 1565 2470 1621 Quinti

214 1651 226 1658 ·
278 1630 432 1680 Curtii
450 1632 545 1696 rufi
572 1634 889 1697 hystoriarum
908 1635 1174 1683 Alexandri
1195 1635 1374 1697 Magni
1401 1636 1679 1685 Macedonis
1700 1634 1819 1683 liber
1840 1634 2011 1682 tertius
2031 1631 2198 1694 incipit
2223 1630 2469 1690 feliciter,-

277 1695 461 1746 Fauch.
500 1698 566 1753 Q.
595 1700 655 1747 G.
679 1699 748 1747 R.
774 1700 838 1748 de
866 1699 1016 1761 gestis
1036 1700 1178 1748 Alex.
1202 1702 1280 1749 M.
1304 1701 1460 1762 Regis
1479 1702 1791 1749 Macedonum
1813 1699 1931 1746 liber
1954 1697 2125 1747 tertius
2144 1696 2336 1759 incipit,
2366 1695 2472 1759 pri-

277 1775 373 1810 mns
391 1767 436 1812 et
460 1765 691 1813 secundus
712 1764 871 1821 ἀρθείς
904 1764 1071 1824 Bong.
1096 1769 1144 1814 2.
1183 1764 1346 1814 Curtii
1366 1767 1449 1815 Ru
1519 1765 1633 1814 laist.
1654 1764 1825 1828 incipit
1846 1764 1929 1812 lib.
1946 1763 2115 1812 tertius
2127 1779 2146 1820 ;
2181 1761 2299 1811 Pal.
2318 1765 2364 1809 1.
2402 1760 2467 1815 Q.

280 1826 435 1876 Curtii
458 1829 575 1893 Rufi
599 1828 933 1877 Historiarum
952 1830 1096 1878 Alex.
1116 1830 1395 1880 Macedonis
1434 1835 1733 1893 ragmentum
1751 1829 1896 1890 ,trimi
1916 1829 2028 1877 libri
2047 1826 2216 1889 incipit
2229 1843 2248 1884 ,-
2281 1825 2397 1875 Pal.
2420 1829 2473 1874 2.

277 1890 417 1940 Leid.
454 1903 510 1943 et
544 1894 699 1942 Voss.
736 1896 783 1942 1.
818 1893 967 1942 Liber
1002 1893 1177 1950 Quinti
1212 1896 1374 1944 Curtii
1409 1897 1467 1945 de
1502 1895 1660 1945 Rebas
1688 1893 1960 1943 Alexandri
1991 1891 2266 1941 Macedonis
2301 1890 2471 1953 incipit

266 1955 518 2016 foeliciter5
552 1958 678 2008 Ald.
724 1958 1067 2019 Fragmentum
1102 1960 1167 2015 Q.
1205 1960 1367 2009 Curtii
1397 1962 1456 2009 de
1486 1961 1627 2010 rebus
1655 1958 1927 2008 Alexandri
1965 1957 2118 2019 Regis
2154 1957 2471 2005 Macedonum

275 2019 386 2070 liber
406 2024 576 2072 tertias
589 2040 611 2082 ,·
646 2023 793 2073 Voss.
814 2028 864 2075 2.
900 2024 1010 2072 siue
1044 2025 1149 2073 ullo
1185 2024 1550 2074 librorum—vel
1587 2025 1813 2074 auctoris
1851 2024 2021 2073 indice
2043 2025 2242 2071 est.—-l
2280 2020 2397 2070 Pal.
2424 2024 2471 2071 1.

276 2085 412 2145 Leid.
437 2094 491 2136 et
510 2089 668 2138 Voss.
692 2091 740 2139 1.
763 2092 813 2138 2.
868 2089 1219 2152 Peloponnenso
1234 2105 1251 2147 ς
1285 2091 1398 2140 Pal.
1421 2094 1468 2138 3.
1491 2097 1545 2139 et
1569 2091 1669 2140 Ed.
1696 2105 1775 2153 pr.
1794 2090 2085 2153 peloponeso.
2149 2087 2317 2149 Bong.
2343 2089 2390 2135 1.
2413 2090 2466 2136 2.

263 2146 453 2201 -Fauch.
493 2154 638 2202 Dan.
678 2153 986 2206 Put.-Pith.
1028 2156 1264 2204 Oleanclro
1300 2169 1396 2218 pro
1435 2157 1684 2205 Cleandro.
1753 2155 1894 2203 Dan.
1917 2155 2071 2203 Voss.
2099 2155 2144 2200 1.
2183 2157 2240 2201 et
2280 2149 2395 2199 Pal.
2418 2154 2470 2199 3.

275 2213 449 2276 Ποίας
480 2218 635 2268 Voss.
674 2222 723 2267 2.
772 2218 940 2277 Lieie,·
971 2218 1112 2269 Pith.
1154 2219 1331 2284 Lytioe.
1398 2219 1555 2269 Voss.
1595 2225 1641 2270 1.
1689 2220 2025 2283 Pamplmlioe3
2072 2216 2210 2266 Pall.
2249 2218 2296 2264 1.
2330 2219 2379 2265 2.
2415 2219 2467 2266 3.

277 2278 433 2345 Bong.
456 2283 574 2334 Elz.
600 2283 814 2333 Venett.
838 2285 973 2333 Mer.
990 2284 1141 2335 Junt.
1168 2286 1318 2336 Frob.
1344 2286 1467 2335 Bas.
1492 2295 1546 2334 et
1572 2285 1737 2348 Lugd.
1787 2285 2177 2349 Pamphilioeque.
2242 2281 2392 2331 Voss.
2422 2284 2468 2328 1.

282 2345 515 2407 Coelenas3
552 2348 691 2397 Pall.
716 2353 835 2398 1.2.
858 2353 909 2398 3.
942 2350 1080 2398 Dau.
1111 2351 1278 2413 Bong.
1317 2350 1425 2398 Elz.
1463 2352 1601 2400 Mer.
1639 2360 1692 2400 et
1727 2351 1876 2400 Voss.
1913 2351 2124 2400 celenas.
2192 2345 2254 2395 Iu
2277 2345 2393 2394 Pal.
2417 2349 2467 2396 3.

276 2412 471 2461 adnumit
509 2421 597 2463 est
634 2413 685 2462 iu
726 2414 999 2464 litura.—2
1032 2415 1201 2464 Media
1221 2416 1259 2465 i.
1280 2421 1320 2465 t.
1343 2416 1514 2465 moenia
1534 2417 1837 2482 interfluebat
1872 2416 2017 2466 Laid.
2042 2415 2193 2464 Voss.
2219 2416 2265 2462 1.
2284 2416 2334 2462 2.
2368 2410 2467 2461 Ed.

278 2490 349 2537 pr.
377 2478 559 2530 venet.
604 2481 750 2529 Rom.
781 2480 904 2530 Vet.
947 2495 1030 2530 an.
1057 2486 1201 2531 14⁷4.
1237 2482 1457 2531 Mediol.
1494 2483 1689 2533 Veron.
1727 2483 1875 2534 Junt.
1915 2482 2037 2530 Bas.
2076 2479 2300 2543 Argent.
2342 2476 2466 2527 Ald.

277 2540 429 2591 Colin.
454 2545 660 2609 Gryph.
681 2545 843 2595 Mart.
866 2551 923 2593 et
937 2546 1065 2595 Tell.
1086 2547 1260 2595 moenia
1279 2547 1528 2596 omittunt
1551 2562 1727 2597 omnes
1746 2546 2002 2608 Palatini3
2024 2544 2163 2594 unde
2186 2544 2467 2593 lectionem

278 2615 490 2657 nostram
533 2609 824 2673 exsculpsit
855 2611 1010 2660 Joau.
1044 2610 1227 2660 Adam.
1251 2612 1546 2674 Schragius,
1577 2612 1835 2676 probante
1858 2609 2126 2661 Gronovio
2146 2609 2196 2657 in
2220 2608 2377 2657 Obss.
2403 2620 2469 2654 ιι.

278 2675 348 2719 12.
367 2688 586 2739 eumque
609 2674 775 2724 secuti
797 2682 916 2724 sunt
937 2676 1174 2727 Freinsh.
1192 2675 1364 2725 Schet'.
1382 2677 1574 2726 Cellar.
1593 2677 1776 2727 Pitisc.
1800 2676 1958 2726 Snak.
1982 2674 2144 2724 Barb.
2166 2672 2288 2736 Bip.
2306 2673 2470 2722 Cnnz.

278 2744 327 2783 et
347 2737 528 2789 Bothe.
584 2738 647 2788 Iu
674 2740 787 2789 Pal.
808 2744 860 2789 2.
879 2739 939 2789 τὸ
961 2740 1133 2790 moenia
1154 2741 1429 2804 suppletur
1453 2756 1482 2790 a
1507 2757 1574 2790 m.
1599 2756 1705 2791 sec.
1753 2742 1951 2790 Marsus
1974 2740 2110 2790 Pall.
2130 2742 2304 2788 1.2.3.
2328 2737 2466 2785 Dan.

279 2799 432 2866 Bong.
459 2809 504 2854 1.
529 2810 581 2854 2.
618 2806 740 2862 Put.
768 2805 908 2855 Pith.
934 2804 1080 2855 Leid.
1105 2813 1162 2856 et
1183 2807 1331 2858 Voss.
1358 2811 1401 2855 1.
1422 2811 1472 2856 2.
1543 2807 1735 2857 Mareia
1773 2808 1909 2857 Mer.
1946 2812 2003 2854 et
2039 2803 2200 2857 Frob.
2248 2802 2466 2851 Mar-sias

279 2863 432 2919 Atust.
457 2874 607 2920 1629.
664 2869 866 2936 Marsya
891 2870 1012 2921 Ald.
1036 2871 1207 2922 Colin.
1230 2871 1435 2937 Gryph.
1458 2879 1515 2922 et
1537 2873 1755 2923 Bam—3
1792 2873 1898 2923 Pro
1928 2883 2182 2922 excurrens
2212 2866 2464 2928 Heinsius

1250 2993 1467 3057 Norat

335 3107 358 3133 ⁸
377 3100 719 3167 Peloponneso]
744 3099 1155 3168 Peloponnesus,
1172 3104 1323 3155 Grae·

278 3173 363 3223 ciae
397 3177 667 3240 peninsula
707 3178 931 3228 maxime
970 3180 1247 3245 Australis,
1292 3198 1323 3232 a

280 3250 463 3317 Pelope
508 3255 676 3319 Rege,
717 3256 925 3305 Tantali
962 3256 1088 3321 tilio,
1132 3274 1319 3308 nomen

278 3326 436 3393 babet,
471 3332 615 3395 quasi
650 3329 866 3381 Πέλοπος
896 3334 1056 3398 νῆσος,
1102 3334 1320 3399 Pelopis

278 3404 447 3457 insula.
510 3408 683 3460 Hodie
721 3409 891 3459 Morea
927 3411 1083 3476 vulgo
1126 3425 1321 3463 nuncu-

280 3488 438 3543 patur.

336 3558 359 3592 ¹²
389 3559 550 3624 Lyciae
587 3562 818 3626 Pamph]
870 3562 1030 3627 Lycia
1068 3570 1125 3615 et
1163 3566 1318 3616 Pam-

279 3633 439 3697 phylia
467 3635 701 3689 finitimae
732 3639 783 3688 in
809 3641 932 3689 Asia
969 3641 1225 3706 regiones,
1250 3642 1318 3692 ad

280 3708 407 3759 iilum
445 3714 818 3765 Mediterranei
872 3717 1027 3766 maris
1075 3725 1318 3783 tractum,

282 3787 357 3849 qui
375 3788 603 3840 Rhodum
638 3791 777 3841 iuter
810 3799 865 3843 et
888 3794 1115 3858 Cyprum
1136 3800 1318 3846 exten-

282 3860 423 3914 ditur.
488 3868 722 3918 Maxima
756 3869 930 3933 Lyciae
970 3886 1091 3935 pars
1131 3873 1320 3923 Mente-

282 3940 362 3988 seli
379 3941 552 3993 Turcis
572 3952 820 3995 vocatur:
861 3946 1165 4012 Pamphylia
1199 3965 1317 3999 cum

285 4014 465 4068 Ciliciae
516 4019 735 4070 occidua
780 4031 933 4085 parte
982 4024 1317 4075 Caramaniam

285 4090 564 4147 hodiernam
583 4096 829 4148 efficiunt.

341 4178 363 4204 Β
408 4173 640 4237 Celoenas]
713 4175 880 4224 Erant
918 4180 1027 4225 tum
1064 4178 1313 4243 temporis

286 4243 490 4297 Celaenae
531 4251 651 4299 urbs
689 4252 861 4314 ampla
897 4259 953 4301 et
973 4251 1216 4319 frequens
1247 4256 1315 4307 ad

287 4320 524 4387 Maeandri,
555 4334 609 4378 et
631 4328 859 4394 Marsyae
885 4328 1086 4396 fontes3
1128 4341 1315 4399 postea

1373 3093 1785 3169 ,locus‘oppidi
1838 3116 2128 3167 nomenque
2185 3104 2462 3160 mutatum,

1402 3197 1520 3233 cum
1550 3182 1840 3233 Antiochus
1872 3182 2028 3231 Soter
2057 3193 2242 3230 novam
2282 3176 2462 3227 urbem

1401 3260 1625 3323 molitus,
1646 3274 1798 3324 quam
1822 3258 1890 3307 de
1913 3273 2017 3307 suae
2039 3257 2220 3306 matris
2242 3254 2461 3319 Apamae

1403 3335 1612 3385 nomine
1656 3338 1671 3364 ‘
1698 3334 2010 3400 Apameam’
2052 3330 2356 3393 nominavit,
2401 3344 2464 3378 eo

1402 3414 1728 3464 Celaenarum
1744 3413 1939 3462 incolas
1958 3410 2244 3473 transtulit,
2259 3407 2463 3458 decimo

1401 3490 1617 3539 circiter
1650 3490 1716 3539 ab
1751 3490 1974 3539 Celaeuis
1997 3487 2221 3550 milliari,
2243 3485 2306 3534 ad
2337 3499 2464 3535 eun·

1400 3566 1521 3616 dem
1544 3568 1830 3631 Marsyam,
1853 3580 1954 3615 nou
1979 3559 2328 3630 procul-ostiis
2351 3560 2462 3626 qui-

1402 3645 1495 3695 bus
1520 3646 1572 3693 in
1595 3644 1922 3695 Maeandrum
1944 3659 2001 3693 se
2024 3649 2292 3692 exonerat.

1462 3723 1487 3757 ‘¹
1523 3722 1770 3788 Marsyas]
1796 3723 1971 3785 Prope
1991 3720 2226 3769 Celaenas
2248 3719 2300 3765 in
2320 3731 2462 3766 mon-

1402 3805 1455 3848 te
1477 3798 1592 3849 fons
1619 3807 1719 3861 est,
1739 3799 1824 3847 ubi
1842 3799 2082 3860 Marsyas
2104 3795 2322 3857 Satyrus
2340 3808 2459 3843 cum

1400 3874 1644 3938 Apolline
1670 3874 1904 3923 tibiarum
1939 3879 2098 3922 cantu
2129 3878 2335 3921 certare
2369 3886 2460 3920 au·

1396 3965 1500 4013 sus,
1523 3951 1588 4000 ab
1610 3965 1775 4015 eoque
1799 3949 1989 4012 victus,
2013 3955 2067 3997 et
2091 3949 2227 4013 pelle
2251 3956 2462 4010 exutus,

1399 4028 1568 4078 vicino
1590 4026 1749 4077 fluvio
1773 4041 1957 4076 nomen
1982 4026 2146 4077 dedit.

1459 4114 1481 4139 0
1515 4107 1724 4171 Magno]
1760 4107 1836 4158 Ea
1865 4106 2046 4170 utique
2081 4119 2239 4155 causa
2259 4110 2339 4155 est
2363 4119 2457 4155 cur

1394 4183 1532 4250 apud
1559 4184 1883 4236 Herodotum
1906 4186 1923 4215 ‘
1944 4183 2312 4237 Catarrhaetes
2329 4181 2346 4204 ’
2369 4197 2459 4248 ap·

1397 4264 1638 4328 pelletur.
