2978 4933
513 404 644 473 410
965 425 1034 484 Q.
1082 414 1345 474 cunm
1393 423 1575 472 num
1631 422 1772 470 nm.
1820 423 1887 470 ν.
1935 423 2099 473 cst.
2146 406 2252 472 12.

516 569 766 637 mutuis
794 567 1132 653 lacrymis,
1179 566 1658 635 ‘inhaerentem
1699 567 1835 633 sibi
1881 566 2119 645 avelli‚'
2162 567 2397 652 jubet:
2444 571 2465 600 ‘
2493 569 2708 653 capite

518 673 760 739 deinde
788 669 1058 751 velato}
1075 668 1103 706 ‘¹
1145 691 1229 736 ne
1258 671 1432 736 inter
1458 670 1744 753 gemitus
1777 671 2238 755 digredientem
2272 670 2457 736 velut
2483 691 2528 734 a
2558 689 2711 752 rogo

514 779 902 856 intueretur,
957 776 1026 840 in
1081 775 1355 840 humum
1413 793 1695 860 pronum
1748 788 1996 859 'corpus
2060 774 2326 859 abjecit.
2413 774 2477 838 9.
2543 775 2714 839 Tum

516 900 673 945 vero
706 880 1035 944 custodiae
1066 880 1220 963 ejus
1253 877 1534 970 assueti,
1565 897 1738 961 quos
1755 878 1931 960 regis
1961 876 2242 942 salutem
2272 875 2395 941 vel.
2410 878 2711 973 pericplo

515 983 680 1048 vitae
706 982 872 1048 tueri
902 982 1280 1066 oportebat,
1311 980 1558 1064 dilapsi
1589 986 1766 1059 sunt,
1802 979 2014 1064 [cum]
2047 979 2349 1058 armatiS,
2381 999 2553 1063 quos
2572 980 2712 1063 jam

517 1082 873 1149 adventare
904 1083 1277 1161 credebant,
1326 1083 1509 1149 haud
1560 1085 1681 1149 rati
1734 1102 1808 1146 se
1851 1084 2112 1147 futuros
2156 1101 2375 1166 pareS.
2466 1081 2712 1165 Ingens

517 1206 679 1271 ergo
716 1187 789 1250 in
820 1187 1246 1253 tabernaculo
1273 1188 1567 1252 solitudo
1597 1196 1763 1265 erat,
1797 1188 2029 1271 paucis
2065 1185 2503 1270 spadonibuS,
2532 1184 2711 1269 quia,

516 1309 651 1374 quo
681 1290 1119 1371 discederent,
1143 1311 1279 1357 non
1306 1292 1666 1369 habebant,
1699 1291 2287 1356 circumstantibus
2317 1309 2565 1373 regem.
2612 1287 2715 1352 10.

525 1392 625 1458 At
665 1393 1084 1471 ille,remotis
1128 1395 1433 1472 arbitriS,
1464 1393 1581 1459 diu
1641 1394 1821 1459 aliud
1877 1400 2078 1477 atque
2130 1383 2320 1457 aliud
2366 1391 2715 1456 consilium

518 1497 743 1561 animo
790 1496 1148 1562 volutabat.
1234 1497 1532 1581 Jamque
1582 1496 2041 1573 solitudinem,
2084 1514 2289 1579 quam
2321 1495 2529 1578 paulo
2559 1498 2713 1558 ante

515 1618 642 1684 pro
694 1600 936 1665 solatio
982 1602 1326 1684 petiverat,
1373 1618 1685 1683 perosuS,
1733 1605 1752 1633 ‘
1776 1588 2121 1665 Bubacem'
2172 1597 2401 1663 vocari
2424 1597 2442 1625 '
2479 1597 2714 1682 jubet:

514 1702 622 1775 11,
666 1722 860 1787 quem
889 1705 1183 1782 intuenS,
1234 1709 1255 1738 ‘
1282 1702 1433 1782 Ite,'
1472 1704 1713 1787 inquit,
1765 1704 2134 1769 ‘consulite
2177 1700 2400 1780 vobiS,
2430 1700 2518 1764 ad
2565 1699 2713 1765 ulti-

515 1825 693 1871 mum
724 1807 861 1890 regi
888 1816 1131 1885 vestm,
1163 1812 1234 1872 ut
1276 1806 1586 1884 decebat,
1613 1806 1748 1871 fide
1778 1806 2089 1872 exhibita
2111 1827 2131 1887 :⁴
2174 1825 2303 1888 ego
2345 1805 2455 1868 hic
2499 1803 2712 1886 legem

513 1908 635 1978 fati
664 1909 796 1973 mei
824 1919 1148 1993 expecto:
1191 1908 1477 1979 forsitan
1507 1909 1784 1981 mireris,
1814 1910 1994 1994 quod
2030 1910 2234 1975 vitam
2268 1927 2401 1972 non
2429 1896 2705 1971 finiam?

515 2011 733 2084 alieno
760 2011 1034 2089 scelere,
1066 2030 1274 2095 quam
1310 2031 1466 2077 meo
1513 2013 1685 2077 mori
1713 2012 1947 2078 malo!
2027 2012 2131 2076 12.
2177 2010 2351 2075 Post
2378 2010 2559 2081 hanc
2592 2028 2711 2073 vo-

517 2133 664 2186 cem
695 2113 912 2197 spado
942 2115 1193 2197 gemitu
1220 2133 1352 2182 non
1382 2115 1584 2182 modo
1614 2116 2145 2194 tabernaculum,
2178 2113 2301 2179 sed
2330 2114 2537 2179 etiam
2569 2130 2710 2176 cas-

1430 2278 1551 2305 OQOO
1555 2279 1581 2299 O
1586 2279 1761 2301 “UO“
1765 2280 1793 2302 O

515 2376 636 2440 Bip.
663 2379 822 2428 Cnnz,
847 2385 902 2428 et
932 2378 1093 2429 Both.
1115 2379 1424 2444 perfususque
1454 2396 1518 2431 m.
1551 2382 1792 2446 lacrymis.
1861 2381 1975 2439 Col.
2014 2384 2160 2439 1579.
2197 2379 2363 2444 Lugd.
2404 2383 2548 2430 1584.
2575 2380 2713 2429 1588.

518 2447 663 2497 1591.
726 2442 895 2495 Amet.
925 2448 1070 2495 1621.
1106 2448 1249 2495 1628.
1288 2449 1431 2497 1629.
1453 2450 1612 2512 1686.
1672 2447 1910 2498 Freinsh.
1943 2448 2100 2497 Snak.
2136 2446 2299 2497 Barb.
2325 2445 2447 2509 Bip.
2476 2452 2532 2496 et
2555 2445 2709 2495 Cunz.

514 2509 646 2559 velut
676 2525 705 2558 a
742 2524 854 2572 rege
865 2526 892 2570 ᾗ
940 2508 1206 2560 Acidalius
1236 2512 1312 2560 vel
1342 2527 1371 2560 a
1405 2517 1562 2577 tergo,
1581 2513 1719 2578 quod
1751 2514 1956 2577 recepit
1983 2514 2274 2573 Cellarius;
2308 2511 2447 2569 unde
2485 2511 2713 2560 Raderus

513 2576 642 2623 vehat
661 2590 696 2624 e
713 2581 883 2636 tergm·
919 2575 1148 2624 Florent.
1173 2575 1320 2626 Leid.
1340 2577 1492 2626 Voss·
1519 2583 1566 2628 1·.
1590 2582 1641 2627 2.
1665 2577 1762 2628 Ed.
1786 2593 1864 2642 pr.
1885 2580 2074 2627 Veron.
2095 2578 2308 2627 Mediol.
2322 2577 2446 2625 Vet.
2465 2592 2548 2626 an.
2572 2579 2711 2625 1474.

515 2640 730 2690 Venett.
750 2640 900 2692 Jnnt.
923 2640 1096 2698 enlin,
1116 2641 1316 2705 Gryph.
1343 2642 1466 2691 Bas.
1491 2642 1646 2693 Frob.
1672 2644 1840 2706 Lugd.
1864 2642 2035 2695 Amst.
2057 2644 2173 2695 Col.
2193 2642 2522 2693 Pitisc.Tell.
2543 2642 2712 2690 Maitt.

514 2713 570 2754 et
593 2705 746 2754 Both.
769 2707 894 2755 velut
913 2722 942 2755 a
960 2721 1093 2768 rogo.
1159 2710 1174 2734 ‘
1194 2706 1281 2755 Sic
1303 2707 1485 2771 scripsi
1510 2722 1627 2758 cum
1651 2708 1799 2757 libris
1837 2709 2068 2773 plurimis
2105 2723 2199 2772 pro
2223 2709 2431 2770 vulgato
2452 2721 2515 2755 ac
2537 2704 2711 2756 fatuo:

511 2770 639 2819 velut
657 2785 688 2819 a
706 2785 836 2833 rege,
859 2769 1174 2834 suffragante
1197 2772 1355 2821 etiam
1378 2772 1430 2824 J·
1456 2774 1517 2828 F.
1541 2772 1843 2823 Gronovin.’
1878 2773 2171 2824 Schmieder.
2237 2775 2251 2801 ‘
2271 2772 2374 2822 Sed
2400 2780 2454 2821 et
2475 2773 2589 2821 haec
2613 2778 2709 2819 tam

514 2834 645 2884 dura
666 2843 805 2899 sunt,
829 2842 887 2885 ut
909 2837 999 2885 vix
1023 2835 1273 2900 dubitem,
1291 2837 1357 2887 τὰ
1376 2839 1509 2887 velut
1527 2855 1556 2886 a
1576 2852 1695 2900 rogo
1717 2838 1934 2888 insititia
1954 2838 2103 2889 esse!
2138 2840 2289 2888 Cunz.
2330 2836 2452 2886 Ald.
2475 2838 2713 2886 intueren-

514 2905 612 2948 tur.
674 2900 789 2950 Pal.
819 2905 865 2951 1.
888 2916 1054 2964 corpus
1073 2900 1366 2961 adicem—9
1399 2903 1632 2953 Florent.
1659 2904 1804 2954 Leid.
1830 2904 1980 2954 Voss.
2002 2909 2047 2954 1.
2071 2905 2210 2954 Dan.
2235 2907 2289 2952 et
2314 2904 2484 2966 Bong.
2506 2902 2713 2951 custodia

512 2964 632 3025 eins.
701 2965 930 3014 Florem.
953 2966 1102 3016 Leid.
1125 2967 1275 3017 Voss.
1298 2973 1346 3018 1.
1369 2971 1419 3017 2.
1437 2967 1581 3018 md.
1608 2970 1779 3024 Colim
1800 2969 2004 3033 Gryph.
2026 2970 2152 3019 Bas.
2182 2969 2318 3018 Mer.
2353 2969 2465 3017 Elz.
2491 2967 2609 3017 alii:
2641 2967 2713 3015 vel

507 3044 732 3158 {reticulis
766 3046 914 3102 vitm
945 3046 1062 3095 Pal.
1086 3051 1132 3097 1.
1163 3050 1237 3106 vel
1261 3049 1466 3111 periculo
1487 3050 1630 3110 videff
1664 3065 1759 3115 pro
1798 3052 1905 3102 eide
1936 3052 2088 3101 Voss.
2114 3056 2158 3101 1‘.
2180 3036 2243 3110 ὦ.
2292 3048 2525 3097 Floreat.
2572 3044 2714 3096 Leid-

565 3124 665 3159 oss.
690 3114 735 3159 1.
757 3113 806 3160 2.
827 3111 945 3159 Pal.
966 3115 1014 3160 1.
1035 3111 1170 3161 Dan.
1196 3120 1250 3162 et
1273 3114 1442 3177 Bong.
1459 3116 1641 3181 delapsi
1661 3115 1788 3167 sunl.
1856 3117 2084 3169 Florent-
2105 3109 2428 3180 Leid„VQ⁸8·
2454 3117 2500 3161 l·
2525 3116 2572 3161 2·
2598 3111 2709 3161 Pal·

514 3179 562 3225 1.
583 3179 638 3224 et
658 3173 823 3238 Bong.
849 3180 948 3223 tum
969 3177 1186 3226 amatis.
1251 3178 1266 3205 ‘
1291 3178 1551 3231 Neutrum
1575 3181 1773 3244 placuit
1795 3181 2167 3240 Freinshemio,
2191 3187 2249 3230 et
2265 3179 2364 3228 boe
2386 3178 2595 3227 merito.
2658 3176 2711 3225 Si

511 3254 639 3289 vero
661 3245 730 3289 tot
748 3240 950 3289 armatis
974 3241 1359 3293 rescribendum
1385 3245 1593 3308 putavit
1607 3247 1846 3311 equidem
1865 3261 1965 3296 non
1987 3246 2148 3311 probo
2169 3246 2322 3295 talem
2342 3243 2711 3307 conjecturam,

511 3312 695 3369 utpote
719 3306 871 3355 nimis
894 3306 1317 3368 incongruentem
1342 3317 1396 3358 et
1423 3312 1495 3372 τῷ
1512 3327 1636 3374 cum,
1661 3319 1717 3362 et
1742 3314 1821 3374 τᾷ,
1835 3318 1955 3376 tum,
1977 3327 2076 3362 nec
2100 3310 2280 3360 dubito
2317 3309 2438 3373 quin
2463 3321 2593 3360 vera
2613 3308 2713 3356 lec-

504 3371 589 3437 ‚tio
614 3371 680 3420 sit
701 3385 713 3420 ε
749 3386 860 3420 nam
881 3372 1119 3422 armatis!
1155 3373 1320 3422 Cunz.
1385 3374 1685 3428 Schefferus
1707 3378 1847 3441 conj.
1874 3379 1953 3426 vel
1987 3377 2045 3427 X
2054 3376 2173 3428 VM.
2196 3375 2414 3435 armatis,
2436 3373 2521 3420 vel
2545 3371 2709 3435 potins

509 3435 680 3487 111M.
701 3438 901 3486 amatis
915 3452 935 3495 ,·
968 3437 1068 3487 tria
1091 3438 1225 3487 enim
1258 3440 1414 3488 millia
1437 3447 1491 3490 et
1515 3443 1738 3492 trecenti
1765 3443 1967 3506 equites
1989 3449 2142 3492 erant
2164 3441 2384 3490 maxime
2408 3438 2712 3494 Bactriano-

510 3516 643 3552 rum.
709 3501 901 3565 Vulgg.
924 3516 1024 3551 non
1050 3502 1241 3553 habent
1262 3503 1321 3552 τὸ
1340 3520 1461 3555 cum.
1530 3507 1662 3563 Mox
1681 3508 1946 3565 solicitudo.
1969 3512 2075 3568 erat
2099 3508 2368 3557 Men-10
2402 3503 2558 3552 Voss.
2580 3507 2628 3551 2.
2661 3506 2712 3549 et

503 3566 655 3628 Pin».
681 3567 960 3618 omittuntz
990 3581 1077 3631 pro
1098 3569 1412 3619 solatio.-ll
1448 3571 1566 3621 Pal.
1603 3576 1650 3622 1.
1688 3577 1741 3621 at
1769 3573 1892 3637 reg-i,
1917 3574 2107 3622 omisso
2132 3571 2366 3620 ultimum.
2440 3565 2709 3618 Nonnullae

513 3630 634 3686 edd.
660 3638 791 3682 vett.
812 3632 966 3682 alieno
984 3647 1048 3681 sc.
1072 3635 1211 3695 malo,
1230 3649 1367 3697 quam
1388 3650 1486 3684 meo
1502 3652 1524 3693 ‚·
1564 3634 1767 3696 Acidat.
1790 3637 1968 3687 malit:
2002 3653 2142 3702 quam
2168 3641 2297 3687 melu
2315 3637 2565 3683 mem-12
2600 3632 2710 3680 Flo·

505 3704 646 3763 ⁴rent.
669 3697 818 3761 Leid.
842 3699 991 3747 Voss.
1017 3702 1064 3747 2.
1088 3705 1140 3748 et
1159 3699 1327 3766 Bong.
1350 3715 1442 3749 mm
1464 3700 1821 3762 tabernaculum
1843 3705 2013 3763 metim·
2045 3704 2199 3753 Voss.
2226 3706 2270 3752 1.
2291 3714 2386 3752 non
2404 3700 2540 3758 modo
2565 3697 2709 3747 taber·

1503 3832 1720 3885 No'rAE

573 3939 599 3974 ὃ
635 3940 806 4006 Capite
820 3939 991 3992 dei-nde
1009 3943 1185 4007 veluto]
1217 3943 1354 3994 Vide
1374 3944 1467 3995 lib.
1494 3958 1573 3996 ιν.
1651 3947 1903 4013 ineptum.
1936 3947 2077 4001 Quid
2094 3952 2174 3997 est
2192 3950 2365 3996 antem
2379 3930 2708 4005 velatas-ogo?

511 4032 626 4081 etp·
651 4021 730 4067 1⁰·
807 4017 943 4067 Velut
965 4033 994 4066 α
1026 4019 1164 4082 rogo]
1199 4020 1351 4072 Quod
1374 4022 1573 4084 vulgati
1655 4026 1911 4077 Nimirum
1934 4026 2011 4076 sic
2045 4033 2290 4089 tanquam
2314 4036 2346 4071 a
2368 4021 2508 4084 regis
2533 4019 2706 4069 funere

509 4091 746 4143 nonnulli
766 4092 978 4157 habent,
1010 4097 1140 4145 velut
1175 4112 1206 4146 a
1233 4112 1362 4161 rege,
1385 4099 1472 4150 vix
1494 4101 1572 4152 ul·
1653 4101 1910 4167 bustoque
1945 4101 2218 4151 discedens
2261 4099 2518 4162 lacrymas
2559 4095 2709 4159 gemi-

509 4171 617 4222 ΜΦ
639 4184 843 4221 89118οω
878 4168 1070 4232 effiss’ttz
1117 4173 1254 4237 quod
1293 4190 1416 4226 veto
1455 4184 1571 4230 tan-
1650 4187 1833 4246 tusque
1849 4181 2107 4232 fundebat
2121 4176 2629 4240 Artabazuuquem,
2644 4187 2702 4223 ne
2752 4229 2761 4232 ,

510 4257 664 4310 ‘luam
709 4246 989 4312 genuinum
1029 4248 1143 4306 aliis·
1174 4251 1398 4316 placuit,
1421 4256 1500 4310 nel
1538 4269 1571 4305 ο
1648 4259 1845 4311 Dar-ius
1885 4260 2200 4321 intueretur,
2237 4263 2400 4321 caput
2440 4255 2701 4317 oculosque

509 4328 647 4386 tergo
679 4325 962 4385 intueretur,
1005 4327 1204 4391 puerile
1245 4327 1479 4393 profecto
1511 4340 1569 4385 et
1647 4334 1857 4392 velavit.
