2978 4933
509 370 644 437 256

511 537 708 607 raret,
737 530 1228 614 quamprimum
1261 528 1486 595 Marte
1536 530 1928 596 decerneret.
2016 532 2080 598 8.
2125 534 2214 598 Se
2252 551 2524 617 quoque
2557 552 2696 598 cum

512 632 874 699 transisset
911 651 1113 710 mare,
1138 651 1269 696 nou
1316 631 1653 710 Ciliciam,
1685 642 1806 698 aut
1857 634 2141 718 Lydiam
2186 633 2479 740 (quippe
2533 637 2701 700 tanti

511 736 1011 821 belliexiguam
1033 734 1204 800 hanc
1249 754 1400 800 esse
1430 733 1861 819 mercedem),
1893 737 2014 801 sed
2046 738 2465 820 Persepolim
2497 744 2701 820 caput

510 840 694 922 regni
721 836 891 922 ejuS,
935 839 1184 904 Bactra
1226 838 1484 916 deinde,
1513 844 1582 903 et
1611 838 1986 918 Ecbatana,
2017 840 2368 924 ultimique
2403 838 2699 904 Orientis

508 962 693 1008 oram
719 941 1000 1039 irnperio
1030 959 1157 1005 suo
1186 940 1582 1005 destinasse.
1674 939 2125 1043 Quacumque
2169 943 2281 1006 ille
2322 941 2553 1024 fugere
2582 962 2701 1026 po·

505 1045 781 1123 rtuisset,
827 1044 1049 1129 ipsum
1097 1044 1294 1127 sequi
1346 1062 1594 1127 posse:
1641 1043 1965 1109 desineret
2009 1051 2253 1110 terrere
2284 1044 2700 1121 fluminibuS,

506 1168 706 1234 quem
738 1146 939 1213 sciret
962 1147 1176 1211 maria
1204 1144 1570 1210 transisse.'
1648 1144 1876 1227 Reges
1921 1147 2191 1230 quidem
2229 1147 2516 1211 invicem
2558 1147 2704 1211 haec

507 1252 937 1334 scripserant.
1024 1252 1089 1315 9.
1134 1249 1269 1313 Sed
1300 1247 1556 1313 Rhodii
1574 1257 1600 1295 ³
1628 1249 1855 1311 urbem
1893 1268 2085 1313 suam
2108 1258 2477 1333 portusque
2504 1247 2704 1312 dede-

506 1354 671 1417 bant
689 1352 1101 1418 Alexandro.
1191 1353 1321 1417 Ille
1354 1350 1661 1416 Ciliciam
1690 1351 1955 1416 Socrati
1988 1352 2384 1418 tradiderat:
2431 1350 2705 1415 Philota

508 1460 529 1490 ‘
551 1454 801 1537 regioni
846 1455 1028 1521 circa
1086 1453 1362 1540 Tyrum'
1413 1455 1610 1538 jusso
1672 1453 2110 1538 ‘praesideress
2197 1455 2482 1539 Syriam,
2554 1474 2705 1538 quae

507 1561 527 1592 ‘
550 1555 760 1623 Coele'
777 1557 1175 1642 appellatur,
1196 1555 1664 1621 Andromacho
1687 1555 2080 1621 Parmenioh
2099 1556 2489 1634 tradiderat,
2503 1555 2708 1632 bello,

509 1658 690 1743 quod
714 1658 1550 1743 supererat,interfuturuS.
1616 1658 1721 1722 10.
1756 1657 1914 1724 Rex
1934 1658 2426 1742 Hephaestione
2457 1663 2478 1693 ‘
2499 1658 2708 1731 Phoe-

508 1762 698 1826 nices
724 1782 907 1828 oram
940 1763 1158 1827 classe
1183 1761 1575 1846 praetervehi
1595 1760 1613 1786 ’
1632 1760 1854 1844 jusso,
1873 1760 1957 1826 ad
1978 1762 2221 1826 urbem
2247 1758 2516 1827 Gazani
2551 1781 2707 1826 cum

508 1865 821 1931 omnibus
853 1865 1073 1951 copiis
1103 1866 1308 1931 venit.
1396 1866 1504 1929 11.
1536 1863 1791 1929 Iisdem
1823 1864 1959 1930 fere
1983 1865 2227 1931 diebus
2257 1865 2533 1931 solenne
2560 1872 2708 1929 erat

967 388 1035 447 Q.
1081 383 1342 435 cunru
1392 378 1573 434 num
1628 384 1775 435 ms.
1829 344 2134 436 niden.
2178 372 2246 436 5.

1423 2042 1791 2067 OOOONOOUN‘

505 2145 869 2208 ignorarem—8
903 2147 1136 2197 Floreut.
1175 2147 1321 2197 Leid.
1358 2148 1525 2212 Bong.
1565 2148 1734 2198 Amat.
1767 2156 1824 2199 et
1859 2147 2027 2212 Lugd.
2058 2147 2285 2197 transiret
2305 2160 2452 2196 mare.
2519 2145 2640 2195 Pal.
2667 2151 2711 2197 1.

506 2210 633 2260 Bas.
678 2211 831 2261 Frob.
872 2211 991 2262 ΑΜ.
1034 2212 1201 2263 Colin.
1238 2213 1443 2276 Gryph.
1471 2222 1528 2264 et
1550 2216 1663 2264 Col.
1697 2214 1900 2279 Lydiam
1920 2216 2160 2276 ignorare.
2228 2213 2379 2261 Voss.
2399 2215 2452 2260 2.
2484 2211 2712 2272 exignum

507 2289 626 2334 esse,
646 2277 833 2325 omisso
854 2276 987 2326 hanc.
1053 2277 1173 2326 Pal.
1208 2282 1255 2326 1.
1292 2278 1458 2341 Lugd.
1499 2285 1553 2327 et
1596 2279 1759 2329 Amst.
1798 2279 2048 2329 omittunt
2080 2292 2196 2327 esse.
2261 2277 2510 2339 Heinsius
2542 2276 2707 2338 legit:

506 2339 617 2388 belli
654 2341 879 2402 exiguam
910 2342 996 2391 has
1033 2356 1133 2391 esse
1165 2345 1440 2392 mercedem.
1503 2344 1651 2393 Voss.
1682 2348 1732 2392 2.
1768 2344 1943 2399 Batra,
1979 2351 2035 2392 ut
2069 2355 2319 2404 semper.-
2359 2340 2553 2390 Multae
2588 2341 2706 2390 edd.

506 2404 755 2454 omittunt
774 2410 821 2453 et
844 2414 965 2454 ante
990 2406 1235 2455 Ecbatana
1249 2422 1268 2465 ,·
1303 2408 1416 2458 Col.
1438 2407 1564 2457 Bas.
1587 2415 1643 2457 et
1665 2409 1799 2458 Mer.
1824 2414 1870 2457 et
1893 2409 2143 2465 Battava3
2173 2407 2325 2455 VosS.
2343 2410 2394 2455 2.
2418 2412 2469 2454 et
2490 2405 2709 2456 Bataua.

503 2470 521 2498 ⁴
549 2470 731 2519 Lectio
754 2470 869 2519 cod.
891 2472 1111 2521 Theocr.
1148 2472 1401 2537 ultimaque
1427 2473 1643 2523 Orientis
1676 2475 1892 2537 imperio,
1921 2476 2003 2536 ξε.
2038 2487 2138 2521 non
2163 2470 2554 2522 contemnenda
2591 2471 2708 2523 est.'

504 2534 795 2587 Schmieder.
862 2537 1017 2587 Voss.
1062 2542 1105 2587 1.
1139 2541 1189 2586 2.
1221 2537 1447 2587 Florem.
1485 2537 1634 2588 Leid.
1680 2549 1734 2587 et
1781 2540 1949 2601 Bong.
1989 2538 2235 2587 omittunt
2278 2552 2363 2586 suo
2390 2543 2515 2585 ante
2561 2538 2711 2602 desti-

502 2605 757 2650 nasse—9
791 2600 939 2651 Leid.
982 2607 1036 2652 et
1073 2603 1227 2651 Voss.
1272 2607 1318 2653 1.
1359 2607 1408 2653 2.
1440 2602 1540 2652 hoec
1575 2605 1790 2653 int-iem.
1856 2604 2024 2666 Bong.
2049 2607 2094 2652 1.
2118 2607 2168 2652 2.
2207 2610 2263 2652 et
2299 2602 2453 2650 Voss.
2495 2606 2543 2650 1.
2617 2601 2713 2651 Sea

503 2664 702 2717 Hrodii.
769 2668 925 2716 Voss.
951 2672 997 2717 1.
1017 2671 1068 2717 2.
1103 2667 1225 2717 Ald.
1250 2668 1413 2719 Colin.
1437 2667 1638 2733 Gryph.
1684 2668 1841 2719 Frob.
1886 2669 2020 2718 Mer.
2057 2677 2110 2717 et
2144 2667 2255 2717 Col.
2283 2664 2549 2729 portusque
2573 2666 2710 2722 debe-

510 2730 641 2780 bant.
707 2732 876 2795 Bong.
899 2736 948 2781 2.
980 2733 1207 2782 Florem.
1232 2739 1287 2782 et
1310 2734 1458 2782 Voss.
1485 2738 1536 2783 1.
1557 2734 1784 2792 Filiam»,-
1818 2732 2030 2782 Voss.2.
2054 2739 2110 2782 et
2133 2732 2266 2781 Dan.
2290 2731 2472 2781 Filiate
2484 2746 2504 2790 ,·
2540 2732 2710 2795 Bong.

506 2799 555 2843 1.
593 2794 815 2845 Philone.
881 2797 1033 2846 VosS.
1057 2802 1107 2846 2.
1140 2798 1396 2861 praesidere
1416 2797 1572 2858 jusso.
1641 2799 1787 2848 Voss.
1808 2802 1856 2846 2.
1889 2813 1993 2861 quoe
2014 2799 2131 2846 celes
2149 2796 2428 2860 appellatur.
2479 2796 2711 2846 Floreat.

503 2858 651 2907 Leid.
675 2860 829 2909 Voss.
854 2864 900 2910 1.
933 2861 1057 2910 Ald.
1081 2862 1214 2910 Dan.
1241 2863 1351 2911 Col.
1378 2862 1535 2911 Frob.
1560 2863 1678 2913 Bas.
1711 2871 1767 2913 et
1798 2864 1935 2913 Mer.
1969 2863 2029 2911 ab
2056 2864 2140 2911 illo
2179 2862 2302 2925 qaod
2335 2868 2582 2924 sumt-erat
2618 2861 2711 2909 iter

490 2924 747 2983 factumn
779 2924 896 2974 Pal.
920 2931 966 2976 1.
1000 2926 1059 2974 ab
1077 2926 1161 2975 illo
1181 2942 1228 2989 q.
1251 2941 1291 2974 s.
1321 2927 1416 2975 iter
1437 2925 1644 2986 suturis.
1699 2926 1835 2977 Vide
1860 2928 1986 2978 Not.
2009 2927 2264 2976 Van—10
2296 2925 2539 2975 Phoenicis
2579 2941 2710 2974 oram

504 2987 739 3036 Freinsh.
772 2989 962 3041 Cellar.
991 2990 1181 3039 Pitisc.
1214 2991 1345 3040 Tell.
1379 2991 1540 3041 Suak.
1577 2991 1736 3041 Barb.
1780 2993 1900 3055 Bip.
1947 2992 2108 3041 Cunz.
2147 2997 2201 3040 et
2233 2990 2392 3040 Both.
2455 2990 2710 3040 Phoenices

504 3067 635 3100 oram
666 3053 767 3102 Ed.
814 3068 893 3117 pr.
938 3055 1124 3103 Venet.
1157 3056 1307 3103 Rom.
1343 3056 1539 3105 Veron.
1574 3056 1712 3105 Mer.
1742 3055 1892 3107 Junt.
1932 3057 2053 3105 Bas.
2086 3055 2307 3120 Argent.
2345 3056 2550 3105 Erasm.
2589 3053 2710 3104 Ald.

493 3116 674 3165 Coun.
711 3118 915 3182 Gryph.
948 3118 1117 3169 Amst.
1141 3119 1308 3183 Lugd.
1346 3120 1458 3170 Col.
1485 3124 1630 3170 1579.
1664 3122 1996 3182 Lugd.]584.
2024 3124 2167 3171 1588.
2193 3124 2337 3170 1591.
2365 3120 2536 3169 Amst.
2562 3125 2710 3170 1508.

501 3182 681 3232 Maitt.
715 3191 770 3233 et
810 3183 941 3233 Tell.
993 3185 1045 3233 in
1087 3185 1290 3246 errem,
1322 3184 1455 3248 quod
1514 3186 1782 3235 revocavit
1839 3185 2287 3236 Schmieder.—ll
2326 3184 2552 3233 Hiisdem
2590 3186 2708 3234 Flo-

503 3252 641 3297 rent.
697 3255 750 3297 et
800 3248 943 3299 Leid.
978 3250 1205 3298 ludicrum
1245 3249 1394 3299 deest
1435 3250 1485 3297 in
1523 3250 1663 3299 Pith.
1731 3250 2062 3300 Islliimiorum
2096 3251 2210 3301 Pal.
2257 3254 2304 3299 1.
2371 3250 2707 3313 Iistymiorum

500 3311 649 3362 Leid.
683 3312 994 3378 Istymiorum
1036 3314 1188 3365 Voss.
1226 3318 1273 3364 1.
1324 3315 1630 3365 Isthmiorum
1652 3316 1789 3367 Dan.
1826 3316 1917 3366 sed
1960 3331 2075 3367 cum
2116 3330 2327 3375 rasura3
2379 3315 2519 3364 aliud
2561 3316 2707 3380 prius

1484 3464 1702 3515 NoTAE
1772 3525 1780 3532 ,

564 3582 590 3618 8
625 3575 831 3639 Rhodii]
863 3576 1069 3627 Rhodus
1110 3579 1275 3629 insula
1309 3577 1373 3626 ad
1408 3579 1557 3627 meri·
1637 3579 1854 3643 Equites
1887 3578 2036 3640 dicti,
2060 3578 2146 3643 qui
2181 3575 2302 3626 iude
2337 3589 2368 3625 a
2399 3573 2704 3626 Solimanno

501 3651 705 3703 dionale
736 3653 877 3705 Asiae
904 3655 1183 3720 peninsulae
1219 3656 1366 3706 littus
1402 3655 1556 3705 Occi-

497 3732 705 3784 dentem
732 3750 906 3802 versus
929 3737 1111 3799 jacen
1144 3735 1268 3785 urbs
1292 3736 1556 3799 primaria,

491 3808 598 3872 ipsi
619 3810 801 3861 iusuloe
827 3812 1162 3875 cognominis,
1185 3812 1202 3839 ‘
1217 3812 1317 3861 sita
1336 3812 1456 3874 est,'
1479 3811 1557 3861 ἰυ-

499 3886 613 3950 quit
634 3888 843 3951 Strabo,
880 3890 895 3915 ‘
915 3890 964 3938 in
998 3890 1352 3953 promontorio
1375 3904 1554 3938 versus

496 3961 684 4013 Ortum
711 3974 966 4028 porrecto.
1004 3966 1289 4027 Portubus,
1311 3966 1426 4027 viiS,
1444 3980 1555 4015 mu-

496 4038 590 4101 ris,
612 4040 813 4106 alioque
837 4051 1089 4106 apparatu
1113 4049 1311 4092 tantum
1334 4043 1445 4093 aliis
1468 4058 1553 4093 ur-

496 4115 650 4165 bibus
670 4125 902 4180 praestat‚
918 4125 974 4167 ut
996 4133 1097 4168 non
1118 4118 1267 4169 modo
1288 4116 1551 4169 meliorem

497 4192 709 4250 nullam,
733 4193 822 4241 sed
849 4207 913 4241 ne
951 4209 1123 4256 parem
1157 4193 1362 4259 quidem
1402 4195 1555 4245 ullam

498 4270 548 4319 ei
585 4269 755 4320 dicere
791 4271 1084 4335 possimus.'
1150 4271 1233 4322 Ab
1268 4287 1329 4323 ea
1363 4271 1557 4325 Rhodii

1635 3655 1769 3721 pulsi
1792 3655 2030 3706 Melitam
2053 3654 2309 3704 obtinent.
2538 3703 2543 3708 ,

1700 3736 1723 3769 ¹¹
1743 3735 2025 3799 Parmenio]
2047 3736 2182 3785 Vide
2205 3749 2321 3799 qua».
2344 3747 2461 3797 cap.
2481 3737 2530 3784 1.
2553 3733 2702 3783 dicta

1634 3818 1756 3861 sunt
1770 3812 1836 3860 de
1854 3811 2148 3875 Coelesyriae
2169 3808 2502 3874 praefectura.
2538 3810 2699 3860 Certe

1634 3897 1688 3939 et
1725 3890 1977 3940 Eusebius
2016 3890 2454 3940 Andromachum·
2474 3888 2542 3937 ab
2582 3890 2697 3953 ipso

1635 3966 1778 4030 Rege
1803 3967 1900 4016 illis
1924 3967 2047 4017 locis
2070 3967 2403 4031 praepositum
2420 3965 2620 4027 scribit,
2643 3973 2698 4015 et

1632 4042 1744 4105 ipse
1771 4043 1977 4093 Curtius
1998 4042 2134 4111 infra
2157 4043 2406 4105 ostendit,
2425 4056 2542 4106 cap.
2564 4046 2616 4091 8.

1711 4119 1927 4185 ¹Gazan]
1949 4122 2027 4172 De
2045 4122 2140 4173 hac
2155 4122 2282 4172 urbe
2297 4120 2491 4171 dicturi
2503 4134 2696 4184 sumus,

1641 4211 1755 4261 cap.
1777 4202 1825 4248 6.
