2978 4933
543 365 676 433 126
945 346 950 353 ⁸
1340 380 1401 429 s.
1447 375 1952 427 rnnlnsnnmr

545 523 957 588 Ariobarzanis
985 542 1089 583 ora
1116 522 1480 593 referentem,
1510 522 1613 601 qui
1639 521 1917 602 Phrygiae
1941 519 2239 602 quondam
2268 530 2507 602 satrapa
2533 522 2738 583 fuerat.

550 629 608 686 3.
654 624 841 704 quue
882 643 1056 684 omen
1112 623 1531 702 interpretatus
1583 622 1931 681 Aristander
1994 619 2326 679 ‘illustrem
2366 640 2440 680 ex
2490 622 2739 700 equestri

547 742 751 802 pugna
779 722 1081 782 victoriam
1102 720 1119 746 ’
1162 719 1509 799 promiserat
1538 717 1900 792 Alexandro,
1931 727 1948 753 ⁸
1971 717 2242 791 maxime,
2272 718 2321 777 si
2350 718 2510 777 haud
2539 718 2742 799 procul

549 820 808 902 Phrygia
837 819 1213 880 dimicaretur
1237 837 1252 877 :
1297 817 1486 896 ipsius
1516 817 1693 876 etiam
1722 815 1932 876 dextra
1960 816 2214 875 nobilem
2243 816 2503 876 hostium
2530 816 2737 877 ducem

547 917 862 980 casurum.'
945 918 1158 995 Neque
1186 914 1397 975 fefellit
1445 934 1614 995 spem
1659 914 1812 975 vatis
1856 924 2104 975 eventus
2153 912 2360 993 praelii,
2410 923 2749 994 stratusque
2784 924 2797 935 ‘

547 1016 705 1095 regis
738 1035 881 1075 ense
923 1012 1313 1093 Spithridates
1348 1010 1751 1092 praedictionis
1784 998 1963 1071 fidem
2007 1011 2289 1091 implevit.
2370 1014 2429 1072 4.
2477 1012 2664 1091 Igitur
2692 1032 2724 1073 e

548 1112 836 1193 templum
868 1111 1128 1171 donariis
1157 1110 1449 1188 exquisite
1478 1108 1706 1177 coluit:
1736 1122 1797 1171 et
1815 1109 1947 1181 Ilio,
1973 1107 2136 1188 quod
2165 1120 2291 1168 tum
2312 1108 2473 1169 haud
2499 1109 2743 1169 multum

551 1231 733 1290 supra
759 1209 978 1270 modici
1008 1209 1149 1289 pagi
1178 1208 1434 1288 speciem
1463 1208 1781 1279 eminebat,
1812 1226 2028 1267 nomen
2047 1207 2207 1265 urbis
2230 1205 2460 1266 addidit
2482 1228 2498 1266 ε
2520 1214 2545 1240 ‘²
2574 1218 2747 1287 utque

553 1308 617 1367 id
649 1328 784 1367 curn
814 1306 1102 1386 dignitate
1133 1316 1412 1378 tueretur,
1443 1303 1679 1384 reliquit
1707 1305 1809 1384 qui
1847 1304 2251 1365 instaurandae
2284 1302 2428 1383 ejus
2468 1304 2746 1386 amplian-

553 1405 766 1484 daeque
795 1423 994 1464 curam
1027 1414 1312 1482 agerent:
1357 1401 1715 1482 liberamque
1757 1413 1818 1463 et
1873 1402 2189 1463 immunem
2236 1421 2368 1462 esse
2406 1402 2614 1482 jussit.
2691 1406 2748 1463 5.

552 1502 822 1581 Cumque
851 1500 1160 1561 delubrum
1207 1500 1353 1559 Deae
1382 1519 1491 1579 pro
1521 1500 1802 1580 religione
1824 1500 1940 1561 loci
1963 1500 2136 1560 nimis
2165 1510 2485 1579 angustum
2515 1502 2748 1580 neglec-

549 1609 793 1679 tumque
811 1599 1071 1667 videret:
1116 1597 1391 1658 eximium
1418 1597 1504 1657 illi
1543 1599 1828 1678 templum
1871 1608 2171 1659 exstruere
2217 1608 2431 1678 postea
2473 1601 2755 1660 statuitz‘¹

551 1696 658 1756 sed
683 1695 797 1756 hoc
826 1695 1056 1775 aliaque
1104 1695 1420 1775 magnifica
1463 1693 1872 1767 meditantem,
1926 1696 2112 1755 fatum
2157 1697 2506 1776 occupavit:
2563 1717 2753 1777 neque

551 1813 926 1855 successores
974 1793 1206 1854 executi
1255 1805 1415 1854 sunt.
1500 1793 1561 1854 6.
1604 1792 1877 1854 Ceterum
1905 1792 2008 1852 illa
2043 1792 2284 1852 victoria
2324 1804 2510 1854 totam
2548 1796 2752 1855 Asiam

551 1892 638 1953 cis
686 1893 942 1952 Taurum
988 1904 1050 1952 et
1087 1890 1427 1970 Euphraten
1468 1892 1697 1971 aperuit
1723 1891 1870 1970 regi.
1952 1890 2204 1950 Attoniti
2231 1891 2531 1972 insperata
2559 1893 2750 1966 clade,

552 2009 673 2050 non
712 1990 900 2069 copiis
944 1988 1142 2060 modo,
1180 1987 1285 2048 sed
1317 1998 1379 2047 et
1406 1988 1657 2048 ducibus
1687 1988 1942 2059 amissis,
1991 1986 2216 2046 nullam
2257 1999 2656 2068 praeterquam
2693 1990 2749 2048 in

555 2088 870 2148 clementia
893 2087 1128 2147 victoris
1159 2107 1323 2166 spem
1346 2086 1682 2154 habebant:
1712 2105 1960 2165 eamque
1991 2085 2272 2144 festinata
2301 2084 2607 2146 deditione
2633 2108 2751 2148 cer-

553 2186 720 2245 tatim
748 2185 1066 2264 promereri
1098 2185 1474 2262 satagebant.
1534 2186 1594 2244 7.
1637 2182 1960 2263 Phrygiam
1987 2182 2214 2241 Arsites
2243 2181 2578 2243 voluntario
2604 2184 2754 2247 exitu

551 2302 798 2342 vacuam
831 2283 1085 2351 fecerat:
1131 2282 1184 2341 ei
1237 2281 1416 2341 Calas
1454 2281 1875 2341 Thessalorum
1927 2279 2138 2339 ductor
2179 2281 2591 2361 praeponitur:³
2672 2283 2754 2343 Ex

553 2378 852 2438 montanis
883 2397 1118 2456 quoque
1142 2377 1292 2437 ‘locis
1341 2378 1609 2458 plerique
1649 2377 2105 2449 descenderunt,
2155 2397 2337 2457 seque
2385 2388 2447 2438 et
2494 2399 2613 2439 sua
2657 2380 2755 2440 de-

555 2475 764 2536 dentes
796 2475 1135 2535 Alexandro
1161 2495 1176 2535 τ
1201 2494 1302 2535 eos
1320 2475 1380 2535 in
1400 2476 1575 2536 fidem
1596 2487 1873 2556 acceptos
1896 2477 2136 2537 domum
2160 2478 2414 2538 remisit:
2437 2479 2755 2560 Zelitisque

552 2573 799 2654 ignovit,
841 2592 992 2652 quos
1035 2592 1071 2631 a
1112 2572 1311 2634 Persis
1343 2585 1585 2635 coactos
1614 2575 1898 2636 adversus
1928 2575 2119 2655 ipsum
2150 2577 2433 2636 militasse
2462 2596 2758 2656 cognove-

554 2681 663 2731 rat.
752 2674 809 2732 8.
852 2672 1159 2732 Tributum
1197 2672 1468 2732 omnibus
1511 2672 1854 2753 impositum
1901 2684 2014 2746 est,
2063 2671 2226 2752 quod
2277 2673 2459 2734 Dario
2503 2674 2760 2754 pendete

555 2771 1048 2829 consuevissent:
1110 2769 1288 2847 idque
1344 2780 1558 2849 postea
1609 2779 1951 2831 constanter
2015 2770 2288 2842 servavit,
2343 2790 2479 2831 cum
2529 2784 2761 2834 ceteras

557 2866 719 2924 Asiae
769 2866 1039 2943 regiones
1096 2868 1414 2946 subigeret.
1503 2867 1696 2928 Omne
1743 2868 2470 2948 peregrinum.imperium
2520 2868 2763 2929 invidiae

558 2962 889 3041 subjectum
917 2981 1050 3021 esse
1095 2976 1361 3034 noverat,
1403 2965 1584 3024 etiam
1629 2985 1763 3024 cum
1813 2963 2143 3025 domestico
2187 2964 2383 3023 mitius
2432 2976 2564 3034 est:
2613 2977 2675 3026 at
2710 2966 2769 3025 si·

553 3071 757 3119 vetera
802 3057 1167 3117 subditorum
1211 3078 1392 3119 onera
1436 3062 1605 3120 novis
1649 3062 2043 3135 cumulentur,
2072 3061 2507 3122 intolerandum
2537 3063 2758 3124 haberi.

557 3157 619 3216 9.
665 3157 852 3235 Igitur
897 3155 1160 3215 monenti
1189 3156 1447 3230 cuidam,
1475 3164 1492 3191 ‘
1513 3156 1690 3236 longe
1718 3158 1853 3237 plus
1883 3158 2233 3218 tributorum
2262 3159 2767 3240 vectigaliumque·

556 3271 631 3310 ex
668 3261 837 3310 tanto
891 3250 1134 3330 imperio
1187 3252 1374 3332 redigi
1420 3273 1598 3332 posse
1622 3254 1662 3322 ς’
1718 3254 2044 3333 respondit,
2103 3255 2321 3314 ‘etiam
2379 3257 2648 3318 olitorem
2698 3277 2759 3317 se

555 3348 775 3421 odisse,
816 3348 916 3427 qui
965 3348 1246 3408 radicitus
1296 3350 1669 3411 exscinderet
1712 3351 1894 3422 olera,
1936 3371 2076 3429 Aquae
2125 3371 2362 3431 carpere
2414 3352 2758 3415 debuisset.'

563 3447 657 3505 10.
715 3444 1077 3526 Dascyleum
1113 3447 1389 3525 praesidio
1429 3447 1747 3508 Persarum
1791 3450 1979 3508 teneri
2023 3448 2359 3518 audiverat:
2404 3470 2475 3509 eo
2523 3451 2757 3512 Parme·

556 3542 792 3602 nionem
845 3539 1048 3616 misit,f
1097 3565 1271 3624 quem
1330 3546 1612 3626 oppidani
1672 3533 1873 3607 statim
1927 3559 2320 3627 receperunt:
2370 3567 2504 3607 cum
2555 3549 2757 3610 audito

558 3640 960 3703 Macedonum
1004 3640 1282 3713 adventu,
1314 3640 1516 3710 Persae
1545 3645 1975 3704 excessissent:
2018 3645 2147 3721 ipse
2176 3644 2394 3703 Sardes
2423 3647 2762 3722 processit,⁸

559 3731 738 3818 caput
757 3736 1038 3811 omnium,
1068 3759 1203 3818 quae
1232 3740 1528 3817 praefectis
1558 3759 1675 3799 orae
1699 3740 2005 3804 maritimae
2024 3739 2334 3800 Persarum
2360 3761 2529 3820 reges
2558 3764 2761 3823 parere

551 3834 874 3912 jusserant.
966 3837 1059 3893 ll.
1103 3837 1357 3916 Jamque
1386 3835 1550 3896 haud
1578 3837 1827 3917 amplius
1858 3837 2239 3916 septuaginta
2265 3838 2473 3898 stadiis
2502 3841 2580 3899 ab
2620 3843 2756 3900 urbe

563 3931 800 3999 aberat:
844 3949 981 3990 cum
1023 3930 1107 3991 ‘ad
1149 3953 1283 3993 eum
1311 3933 1642 3994 Mithrenes
1670 3933 1849 4005 venit,
1873 3933 1968 3993 cui
1994 3934 2241 3994 tutelam
2270 3936 2419 3996 arcis
2449 3938 2757 4000 Sardianae

624 4112 647 4139 e
678 4106 854 4156 strab.
880 4106 977 4158 1.1.
1347 4078 1351 4082 ’
1556 4127 1561 4131 ’
1769 4111 1792 4144 f
1819 4114 1846 4164 1
1922 4114 1957 4164 ι.

1766 4199 1792 4234 c
1827 4190 1906 4242 Id.
1932 4192 1968 4241 1.

624 4181 649 4216 d
684 4183 840 4232 Diod.
862 4184 966 4235 Sic.
987 4198 1155 4238 xvru.
1174 4204 1224 4255 p.
1246 4193 1361 4242 629.

625 4266 647 4293 θ
679 4257 885 4312 Arrian.
905 4275 942 4312 1.
966 4266 1045 4314 18.

1984 4115 2028 4242 ι1..
2054 4192 2195 4242 Plut.
2215 4191 2368 4244 Alex.
2394 4208 2444 4259 p.
2466 4197 2585 4246 673..
