2978 4933
406 328 495 393 60
794 314 798 318 ’
1201 338 1468 399 Qun-m
1520 336 1784 386 cumn

402 484 467 535 A.
490 482 554 534 C.
622 484 686 534 U.
709 482 772 534 C.
823 494 901 544 se,
923 486 980 529 et
1004 479 1207 530 veniam
1228 480 1494 546 impetrat.
1562 480 1873 546 Polydamas
1897 481 2058 546 Regis
2077 495 2219 532 man·
2282 480 2372 532 01.
2449 479 2585 530 Anni

818 563 943 615 data
977 563 1031 613 in
1066 562 1297 614 Mediam
1331 562 1505 615 defert
1526 563 1592 615 ad
1616 563 1961 615 Cleandrum:
2019 563 2206 628 quihus
2435 561 2589 611 Alex.

815 644 904 695 ille
925 644 1154 707 acceptis
1178 644 1575 695 Parmenionem
1599 645 1866 698 trucidat:
1902 645 2049 710 hujus
2090 645 2206 696 Elo-

822 727 981 790 gium.
1047 725 1349 776 Alexander
1388 726 1455 775 ad
1495 728 1785 790 Evergetas
1827 727 1999 775 venit:
2034 727 2209 791 copias

817 806 872 857 in
893 806 1282 857 Satibarzanen
1301 806 1496 857 mittit:
1530 806 1839 857 Arachosios
1860 806 2084 871 subigit:
2106 806 2206 857 Pa·

817 887 1171 953 rapamisadas
1194 887 1483 952 ingreditur
1509 902 1692 950 magno
1715 887 1893 938 labore
1917 902 1977 938 ac
2001 891 2207 952 pericu-

817 969 888 1019 lo.
954 968 1176 1019 Caucasi
1211 968 1402 1018 montis
1424 967 1736 1033 descriptio:
1787 967 2107 1020 Alexandria
2138 969 2206 1019 ad

818 1050 1125 1100 Caucasum.
1189 1049 1338 1099 Pessi
1361 1047 1589 1100 ferocia:
1624 1049 1829 1100 salubre
1852 1050 2069 1100 Cobaris
2084 1065 2206 1101 con-

817 1131 984 1182 silinm
1007 1133 1240 1196 speruit3
1272 1132 1326 1181 in
1349 1131 1661 1196 Sogdianam
1683 1131 1835 1196 fugit.

431 1219 545 1267 328.
643 1217 763 1265 426.
895 1213 1195 1265 Alexander
1218 1215 1552 1264 Bactrianam
1581 1214 1732 1278 petit.
1795 1214 2090 1265 Bactriana:
2114 1215 2207 1265 de·

817 1295 1051 1358 scriptio.
1119 1294 1362 1359 Erigyius
1403 1294 1790 1345 Satibarzanem
1829 1295 2039 1346 occidit.
2092 1296 2208 1345 Iter

814 1374 1104 1425 Alexandri
1129 1376 1179 1423 in
1204 1375 1543 1439 Sogdianam,
1574 1390 1760 1439 magua
1783 1390 2027 1441 aquarum
2049 1391 2210 1441 penu-

816 1455 909 1506 ria.
977 1457 1169 1506 Bessus
1195 1472 1227 1506 a
1248 1457 1550 1521 Spitamene
1572 1458 1809 1522 proditus
1831 1475 1845 1511 :
1890 1458 2209 1510 Branchida-

816 1552 928 1586 rum
953 1536 1233 1589 excidium.
1302 1537 1599 1588 Alexander
1622 1539 1946 1589 vulneratur:
1997 1539 2063 1589 ad
2096 1539 2207 1591 Ma-

814 1618 1042 1668 racanda
1062 1618 1376 1682 legationem
1400 1618 1704 1683 Scytharum
1730 1619 1949 1683 primum
1990 1619 2206 1684 excipit.

814 1699 1143 1764 Spitamenes
1166 1706 1222 1749 et
1246 1699 1468 1750 Catenes
1491 1698 1772 1749 deficiunt:
1797 1699 2100 1751 Alexander
2116 1715 2205 1751 no-

814 1795 880 1829 vo
904 1795 970 1831 ex
992 1780 1203 1830 vnlnere
1224 1780 1556 1845 periclitatur
1578 1796 1591 1828 :
1627 1779 1995 1831 Alexandriam
2019 1781 2084 1830 ad
2107 1782 2206 1831 Ta·

815 1862 952 1912 naim
966 1862 1157 1912 condit.
1191 1862 1377 1912 Tanais
1394 1869 1449 1913 et
1468 1862 1691 1928 Scythiae
1711 1862 2028 1926 descriptio:
2052 1863 2212 1931 Alex·-

816 1943 964 1993 andri
985 1942 1288 2008 superstitio
1313 1950 1368 1993 et
1391 1943 1657 1994 anxietas:
1697 1943 1886 1993 Clades
1910 1944 1962 1992 iu
1991 1943 2205 2008 Sogdia·

817 2025 895 2074 nis
914 2031 1149 2090 accepta.
1193 2025 1329 2077 Novi
1350 2025 1662 2090 Scytharum
1678 2024 1867 2089 legati:
1893 2039 2072 2074 eornm
2094 2039 2206 2074 ora·

818 2107 921 2156 tio:
959 2105 1244 2156 Alexandri
1263 2122 1582 2171 responsum.

878 2188 1199 2239 Transmisso
1231 2189 1393 2238 Tanai
1431 2188 1654 2253 Scythas
1694 2185 1969 2252 profligat:
2021 2192 2201 2237 secuta
2424 2189 2585 2238 AEtat.

815 2268 1105 2319 victoriam.
1150 2270 1495 2335 Polytintetus
1522 2269 1797 2332 Sogdianae
1821 2267 2023 2319 fluvius.
2070 2269 2200 2332 Sog·
2457 2273 2541 2319 29.

817 2348 1085 2398 dianorum
1109 2351 1434 2412 captivorum
1459 2351 1883 2415 magnanimitas:
1919 2349 2068 2399 Bessi
2084 2366 2200 2415 sup·
2427 2351 2556 2412 Reg.

817 2428 1057 2492 plicium:
1097 2444 1232 2482 nova
1254 2432 1648 2498 supplementa:
1698 2431 1813 2484 fons
1838 2445 2001 2497 prope
2032 2431 2204 2482 Oxum
2459 2436 2510 2481 9.

815 2507 1006 2559 flumen
1043 2522 1282 2576 repertus
1309 2530 1321 2561 :
1373 2514 1527 2564 urbes
1558 2513 1613 2563 iu
1646 2514 1930 2566 Bactriana
1963 2513 2204 2568 conditae.
2433 2514 2570 2577 Imp.

818 2588 1077 2644 Arimazis
1101 2602 1257 2658 petra
1279 2582 1552 2646 obsidetur
1571 2609 1635 2645 ac
1657 2593 1924 2646 deditione
1946 2594 2172 2658 capitur.
2462 2596 2511 2642 8.

1084 2729 1381 2849 mum:
1425 2780 1905 2849 OCTAVUS.

878 2935 1039 2985 Varia
1074 2935 1129 2985 in
1158 2934 1452 2987 defectores
1487 2936 1773 2987 certamina
1800 2936 2108 3001 Scytharum
2132 2936 2205 2986 le-

815 3016 1051 3082 gationes
1074 3023 1131 3068 et
1152 3019 1445 3082 postulata:
1487 3019 1782 3083 periculosa
1810 3017 2098 3068 Alexandri
2117 3032 2203 3067 ve·

813 3099 974 3149 natio.
1008 3099 1135 3150 Cliti
1159 3100 1333 3150 caedes
1354 3101 1406 3171 in
1429 3099 1698 3152 convivio:
1731 3098 2017 3150 Alexandri
2040 3100 2204 3164 poeni·

816 3181 999 3233 tentia.
1062 3182 1176 3233 Iter
1213 3183 1281 3232 ad
1317 3183 1600 3248 Xenippa:
1631 3182 1950 3249 Sysimithris
1984 3187 2131 3246 petra
2153 3181 2208 3231 ln

816 3263 1031 3327 Nauris,
1069 3264 1284 3332 ejusque
1320 3264 1539 3318 deditio.
1607 3264 1839 3329 Philippi
1861 3262 2207 3313 adolescentis

813 3344 1067 3408 praeclara
1098 3358 1255 3398 mors.
1327 3345 1655 3411 Spitamenes
1676 3345 1741 3395 ab
1765 3358 1926 3394 uxore
1948 3350 2203 3395 necatur:

814 3426 986 3476 Dahae
1028 3441 1144 3477 sese
1184 3425 1441 3488 dedunt:
1465 3429 1704 3492 Satrapae
1739 3425 1898 3476 variis
1930 3425 2206 3490 provinciis

815 3506 1021 3558 mutati.
1881 3522 1889 3527 ·

426 3589 540 3636 327.
601 3590 716 3637 427.
879 3586 1068 3637 Gravis
1111 3593 1396 3652 tempestas
1433 3587 1575 3652 apud
1611 3585 1840 3638 Gabaza.
1914 3582 2203 3635 Alexandri

814 3667 1013 3731 nuptiae
1038 3682 1153 3718 cum
1176 3668 1409 3721 Roxana.
1475 3667 1782 3733 Apparatus
1805 3665 1870 3715 ad
1900 3666 2093 3716 bellum
2116 3665 2205 3715 In-

813 3748 1003 3798 dicum.
1054 3747 1355 3798 Alexander
1377 3748 1581 3799 divinos
1605 3746 1701 3797 sibi
1719 3748 1939 3796 honores
1969 3745 2204 3810 expetit:

813 3828 1137 3879 Macedones
1153 3817 1465 3894 repugnant.
1502 3826 1834 3877 Callisthenis
1848 3827 2031 3876 oratio.
2062 3826 2200 3878 Her-

816 3910 973 3958 molai
995 3911 1288 3976 coujuratio
1324 3918 1384 3961 ut
1420 3911 1630 3961 detecta
1664 3909 1767 3959 sit:
1802 3908 1908 3971 ejus
1938 3908 2105 3958 oratio
2146 3908 2200 3958 in

816 3991 1212 4043 Alexandrum:
1262 3993 1423 4058 Regis
1464 3991 1764 4062 responsio:
1824 3990 2203 4053 conjuratorum

817 4073 1149 4136 supplicium.
1226 4073 1392 4124 Indiae
1433 4073 1749 4137 descriptio:
1804 4070 1917 4134 ejus
1959 4068 2199 4119 flumina:

815 4152 1052 4221 Rubrum
1086 4155 1273 4205 Mare:
1310 4168 1478 4204 mores
1511 4153 1791 4203 Indorum:
1831 4152 2030 4215 Regum
2054 4150 2201 4200 luxu-

817 4233 928 4284 ria:
964 4234 1137 4298 Indici
1180 4233 1514 4300 Philosophi:
1552 4232 1800 4284 mensium
1835 4236 1889 4282 et
1918 4230 2040 4281 anni
2062 4230 2201 4295 apud
