2978 4933
478 361 609 429 116
1267 375 1325 423 s.
1376 373 1878 426 saurusnmuu

475 524 583 585 illo
627 518 995 600 subjiciente,
1033 522 1051 552 ‘
1075 536 1214 599 spes
1238 517 1274 577 ε’
1313 522 1331 552 ‘
1365 517 1707 580 Earundem
1750 521 1936 600 ergo,'
1962 521 2178 608 inquit,
2207 528 2224 557 ‘
2261 532 2324 584 et
2362 541 2475 583 nos
2501 522 2673 603 parti-

478 621 642 703 cipes
669 618 906 691 erimus,
936 615 1037 697 qui
1064 614 1181 676 tuis
1212 614 1494 696 auspiciis
1542 615 1903 679 militamus!
1987 619 2044 678 6.
2090 619 2275 682 Pauci
2304 619 2466 681 hunc
2495 621 2677 682 secuti

480 722 653 785 sunt't
696 737 799 797 per
839 724 1068 776 ceteros
1119 733 1239 774 non
1288 713 1489 783 stetin
1555 714 1700 795 quin
1757 715 2176 796 interrogatus,
2228 721 2246 751 ‘
2269 716 2371 777 ubi
2419 717 2676 779 thesauri

477 819 665 899 ipsius
709 813 989 886 essentss‘
1027 831 1164 877 vere
1211 812 1622 895 responderet,
1680 819 1698 849 ‘
1728 813 1890 894 apud
1935 815 2200 876 amicos.'
2282 818 2342 877 7.
2401 816 2561 877 Sane
2609 814 2678 876 de

477 934 710 977 summa
723 902 921 974 'rerum
950 912 1081 972 alea
1091 908 1279 990 jacta,
1308 930 1427 971 non
1457 911 1714 972 absurde
1742 911 2074 974 collocasse
2097 913 2329 974 videtur
2355 932 2502 995 opes
2529 933 2674 993 quas

474 1014 775 1077 habebat:
817 1010 1036 1091 quippe
1062 1018 1166 1069 aut
1191 1007 1381 1070 victor
1422 1009 1611 1071 multo
1639 1009 1889 1090 majores
1931 1010 2253 1092 adepturus
2294 1021 2459 1081 erat;
2503 1021 2610 1073 aut
2633 1013 2678 1073 si

475 1112 668 1173 victus
710 1119 892 1182 esset,
932 1108 1050 1169 ista
1086 1127 1323 1191 quoque
1375 1107 1738 1170 amissurus:
1792 1119 1971 1191 atque
2020 1111 2252 1172 interim
2300 1108 2675 1170 alacrioribus

473 1208 755 1271 ministris
805 1208 1116 1269 utebatur:
1192 1209 1251 1269 8.
1309 1226 1507 1289 neque
1563 1208 1816 1269 multum
1870 1206 2236 1270 abscedebat
2283 1206 2676 1288 praesentibus

472 1305 946 1377 necessitatibus,
994 1324 1129 1366 cum
1176 1324 1350 1385 agros
1407 1315 1468 1366 et
1522 1304 1770 1385 praedia,
1826 1315 1890 1366 et
1940 1304 2189 1379 reditus,
2246 1323 2497 1384 quorum
2554 1304 2676 1366 dies

471 1406 661 1467 multo
710 1412 846 1484 post
872 1403 1105 1464 venturi
1155 1413 1346 1477 erant,
1375 1401 1665 1465 donaret:
1708 1404 1967 1485 pecunia
1993 1403 2053 1462 in
2093 1402 2236 1464 belli
2282 1421 2461 1462 nsum
2507 1421 2677 1481 sepo·

471 1502 606 1576 sita,
664 1502 834 1582 cujus
890 1510 1112 1580 quanto
1170 1501 1362 1562 minor
1413 1501 1587 1583 copia
1636 1512 1787 1576 erat,
1834 1501 2182 1584 diligentius
2228 1499 2678 1562 administraba-

469 1609 588 1661 tur.
655 1602 716 1661 9.
746 1600 981 1681 Quippe
1011 1600 1289 1683 Philippo
1317 1601 1656 1676 interfecto,
1672 1601 1873 1663 minus
1893 1601 2210 1683 sexaginta
2228 1599 2468 1661 talentis
2497 1620 2678 1681 pecu·

466 1697 585 1758 nise
629 1697 901 1779 signatae,
943 1717 1256 1779 paucaque
1301 1717 1377 1760 ex
1420 1717 1566 1760 auro
1615 1709 1676 1760 et
1718 1710 1965 1781 argento
2011 1698 2231 1782 pocula
2273 1697 2335 1756 in
2382 1697 2677 1760 thesauris

466 1795 597 1875 ejus
627 1806 860 1878 reperta
887 1806 1026 1857 sunt
1049 1816 1066 1857 ε
1088 1812 1114 1850 ³
1156 1817 1291 1859 cum
1333 1798 1466 1859 seris
1509 1797 1686 1859 alieni
1715 1799 2042 1879 quingenta
2087 1797 2271 1858 ferme
2319 1797 2545 1856 talenta
2588 1816 2676 1856 re-

460 1891 775 1974 linqueret.
861 1896 957 1956 10.
1002 1896 1360 1977 Quanquam
1388 1896 1546 1958 enim
1575 1897 1687 1957 iste
1712 1916 1835 1957 rem
1860 1895 2317 1956 Macedonicam
2344 1892 2674 1973 insignibus

461 1990 843 2053 incrementis
880 1992 1167 2068 auxisset,
1208 1995 1334 2055 auri
1373 2014 1613 2076 quoque
1652 1993 1906 2055 metallis
1953 1992 2115 2075 apud
2157 1990 2449 2052 Crenidas
2470 1995 2498 2031 Ι·
2524 1993 2675 2075 (ipse

463 2088 772 2169 Philippos
804 2089 1150 2172 appellavit)
1177 2091 1262 2152 ita
1288 2091 1563 2164 excultis,
1591 2101 1661 2152 ut
1699 2090 1841 2153 inde
1869 2091 2028 2151 mille
2056 2091 2287 2151 talenta
2324 2088 2509 2158 annui
2538 2109 2674 2169 pro-

459 2197 674 2249 ventus
732 2199 1126 2268 cogerenturz
1170 2191 1469 2251 continuis
1522 2189 1716 2265 bellis,
1760 2209 1956 2270 neque
2002 2188 2198 2249 minus
2242 2187 2676 2266 largitionibus,

460 2286 732 2371 serarium
759 2288 1134 2350 exhauserat.
1227 2292 1320 2352 ll.
1366 2288 1747 2349 Macedoniae
1789 2289 1972 2348 etiam
2017 2284 2423 2347 instaurandae
2456 2304 2675 2346 ornan·

463 2383 681 2464 doeque
737 2404 988 2466 magnos
1048 2393 1280 2453 sumtus
1331 2385 1572 2458 fecerat,
1627 2404 1766 2446 cum
1821 2385 2249 2465 pauperrimam
2318 2382 2673 2461 accepisset.

458 2482 665 2561 Ipsum
706 2482 857 2545 inter
899 2484 1070 2545 initia
1113 2484 1282 2564 regni
1325 2501 1564 2544 tenuem
1612 2483 1820 2557 fuisse,
1849 2493 1910 2543 et
1935 2502 2071 2543 cum
2118 2502 2194 2543 ex
2238 2480 2675 2561 quinquaginta

457 2579 753 2668 drachmis
784 2580 907 2641 auri
958 2580 1238 2660 poculum
1281 2579 1563 2655 haberet,i
1590 2580 1651 2640 id
1682 2580 1947 2641 cubitum
1996 2589 2236 2642 euntem
2264 2578 2444 2660 capiti
2476 2579 2674 2659 subje-

453 2677 608 2740 cisse
637 2677 903 2758 plerique
927 2678 1342 2740 meminerant.
1431 2680 1528 2739 12.
1572 2677 1768 2759 Hujus
1807 2697 1952 2757 ergo
1996 2677 2153 2737 filius
2182 2676 2340 2737 bello
2369 2675 2675 2737 lacessivit

453 2795 653 2855 regem
701 2775 1040 2846 Persarum,
1067 2776 1162 2834 cui
1211 2795 1481 2835 somnum
1537 2775 1795 2855 capienti
1834 2775 2097 2855 quinque
2145 2772 2500 2834 talentorum
2544 2774 2672 2834 auri

452 2869 639 2931 millia
667 2889 771 2948 pro
799 2863 1121 2942 cervicali,¹‘
1149 2872 1264 2931 tria
1298 2871 1528 2951 argenti
1561 2890 1670 2954 pro
1700 2872 1985 2947 scabello,
2015 2873 2128 2932 sub
2155 2872 2347 2949 capite
2387 2869 2670 2951 pedibus·-

454 2986 571 3045 que
600 2966 824 3037 lectuli,
854 2967 1249 3048 peculiaribus
1279 2970 1568 3031 cubiculis
1611 2972 1997 3031 servabantur
2022 2989 2038 3029 ε
2080 2987 2422 3049 quanquam
2454 2967 2537 3028 ad
2563 2987 2672 3048 pa-

454 3072 688 3128 ternum
731 3084 815 3123 aes
854 3063 1114 3124 alienum
1162 3066 1509 3146 octingenta
1547 3068 1790 3149 insuper
1838 3065 2103 3141 talenta,¹
2128 3086 2264 3146 qnae
2304 3065 2433 3145 ipse
2462 3076 2669 3126 mutuo

391 3155 396 3158 ’
454 3169 766 3237 sumserat,
796 3160 1149 3241 adjecisset:
1193 3183 1266 3225 ex
1296 3164 1509 3246 quibus
1539 3166 1638 3225 vix
1669 3165 1900 3227 decima
1926 3164 2119 3247 portio
2151 3170 2473 3243 supererat.
2568 3165 2667 3225 13.

454 3258 717 3320 Solvisse
744 3270 943 3323 autem
971 3262 1185 3324 dicitur
1211 3264 1523 3326 Timotheo
1548 3264 1708 3325 tibiis
1733 3264 2149 3335 concinente,¹¹·
2179 3279 2525 3338 summaque
2554 3260 2667 3318 mi-

448 3357 624 3417 litum
672 3358 998 3434 alacritate,
1028 3381 1172 3443 opes
1213 3363 1597 3422 barbarorum
1640 3381 1790 3441 quos
1839 3368 2250 3441 oppugnatum
2301 3358 2472 3430 irent,
2501 3366 2668 3417 certa

454 3453 675 3516 fiducia
724 3459 834 3518 sibi
874 3458 1349 3520 destinantium.¹¹
1438 3461 1533 3518 14.
1582 3460 1715 3518 Hoc
1753 3457 1933 3518 modo
1980 3477 2084 3538 per
2128 3456 2374 3527 lacum,⁰
2415 3472 2592 3532 quem
2629 3474 2697 3530 a!

449 3550 628 3613 vicini
671 3558 886 3617 montis
932 3555 1168 3616 nomine
1215 3561 1232 3590 ‘
1264 3555 1637 3617 Cerciniten’
1663 3565 1900 3631 vocant,
1930 3554 2031 3614 ubi
2079 3555 2336 3615 classem
2381 3551 2672 3625 habebat,

448 3650 512 3709 in
541 3650 911 3733 Strymonem
941 3654 1237 3726 invectus,
1264 3652 1672 3735 Amphipolin,
1703 3662 1765 3714 et
1794 3651 2008 3715 deinde
2037 3650 2116 3712 ad
2146 3651 2301 3712 ostia
2330 3649 2662 3729 Strymonis

447 3751 772 3827 processit:
816 3771 934 3831 quo
962 3750 1231 3830 traject0,
1253 3761 1465 3831 praeter
1494 3760 1755 3812 montem
1788 3751 2136 3832 Pangaeum,
2159 3749 2313 3809 viam
2344 3748 2659 3828 ingressus
2755 3803 2763 3811 .

518 3936 540 3970 f
565 3937 820 3989 Ammian.
846 3941 1017 3991 Marc.
1039 3955 1173 3995 xxv.
1192 3945 1271 3994 14.
1658 3944 1673 3976 ¹
1705 3942 1913 3994 Arriau.
1932 3944 1968 3994 1.
1995 3943 2029 3994 l.
2049 3944 2197 3994 Plut.
2216 3942 2371 3994 Alex.
2390 3957 2441 4007 p.
2457 3945 2567 3993 672.

516 4023 539 4059 s
577 4015 782 4065 Arrian.
811 4030 911 4068 vu.
942 4021 991 4067 9.
1656 4029 1694 4054 ¹¹¹
1727 4020 1992 4071 Himerius
2016 4020 2157 4085 apud
2181 4021 2445 4072 Photium.

517 4088 541 4122 ¹¹
577 4091 735 4141 Diod.
755 4104 873 4141 xvr.
892 4106 946 4155 p.
964 4097 1079 4143 514.
1656 4103 1680 4129 ¹¹
1711 4097 1913 4149 Justin.
1938 4110 2017 4147 xx.
2036 4102 2089 4147 5.
2113 4100 2162 4149 8.

513 4167 529 4200 ³
561 4166 847 4217 Athenaeus
873 4182 954 4218 tv.
985 4172 1064 4220 14.
1093 4175 1148 4220 et
1171 4180 1248 4220 vr.
1265 4174 1315 4222 4.
1654 4182 1677 4207 ⁶
1710 4172 1920 4227 Arrian.
1942 4188 1982 4226 1.
2008 4178 2087 4225 11.

515 4242 540 4277 ¹⁸
572 4245 652 4295 Id.
679 4259 780 4297 ιιι.
798 4248 849 4295 2.
