<?xml version="1.0" encoding="UTF-8"?>
<!DOCTYPE html PUBLIC "-//W3C//DTD XHTML 1.0 Transitional//EN"
    "http://www.w3.org/TR/xhtml1/DTD/xhtml1-transitional.dtd">
<html xmlns="http://www.w3.org/1999/xhtml" xml:lang="en" lang="en">
 <head>
  <title>
</title>
<meta http-equiv="Content-Type" content="text/html;charset=utf-8" />
  <meta name='ocr-system' content='tesseract 3.04.00' />
  <meta name='ocr-capabilities' content='ocr_page ocr_carea ocr_par ocr_line ocrx_word'/>
</head>
<body>
  <div class='ocr_page' id='page_1' title='image "./quinticurtiiruf03rufugoog_0279.png"; bbox 0 0 2978 4933; ppageno 0'>
   <div class='ocr_carea' id='block_1_1' title="bbox 806 368 2445 437">
    <p class='ocr_par' dir='ltr' id='par_1_1' title="bbox 806 368 2445 437">
     <span class='ocr_line' id='line_1_1' title="bbox 806 368 2445 437; baseline 0.002 -3"><span class='ocrx_word' id='word_1_1' title='bbox 806 386 922 434; x_wconf 71' lang='grc' dir='ltr'><strong>οι..</strong></span> <span class='ocrx_word' id='word_1_2' title='bbox 971 382 1130 433; x_wconf 75' lang='lat' dir='ltr'><strong>cxi.</strong></span> <span class='ocrx_word' id='word_1_3' title='bbox 1173 368 1238 434; x_wconf 82' lang='grc'><strong>4.</strong></span> <span class='ocrx_word' id='word_1_4' title='bbox 1314 385 1384 433; x_wconf 77' lang='lat' dir='ltr'><strong>A.</strong></span> <span class='ocrx_word' id='word_1_5' title='bbox 1435 384 1556 434; x_wconf 76' lang='lat' dir='ltr'><strong>en.</strong></span> <span class='ocrx_word' id='word_1_6' title='bbox 1601 385 1682 436; x_wconf 76' lang='lat' dir='ltr'><strong>N.</strong></span> <span class='ocrx_word' id='word_1_7' title='bbox 1725 368 1880 435; x_wconf 76' lang='lat'><strong>3353.</strong></span> <span class='ocrx_word' id='word_1_8' title='bbox 2313 371 2445 437; x_wconf 77' lang='lat'><strong>239</strong></span> 
     </span>
    </p>
   </div>
   <div class='ocr_carea' id='block_1_2' title="bbox 238 530 2451 925">
    <p class='ocr_par' dir='ltr' id='par_1_2' title="bbox 238 530 2451 925">
     <span class='ocr_line' id='line_1_2' title="bbox 238 530 2446 618; baseline 0.001 -21"><span class='ocrx_word' id='word_1_9' title='bbox 238 532 497 610; x_wconf 65' lang='lat' dir='ltr'><strong>erexit:</strong></span> <span class='ocrx_word' id='word_1_10' title='bbox 521 551 560 596; x_wconf 89' lang='lat' dir='ltr'><strong>e</strong></span> <span class='ocrx_word' id='word_1_11' title='bbox 598 531 852 616; x_wconf 88' lang='lat' dir='ltr'><strong>quibus</strong></span> <span class='ocrx_word' id='word_1_12' title='bbox 882 531 951 597; x_wconf 88' lang='lat' dir='ltr'><strong>in</strong></span> <span class='ocrx_word' id='word_1_13' title='bbox 1003 531 1368 597; x_wconf 80' lang='lat' dir='ltr'><strong>subeuntes</strong></span> <span class='ocrx_word' id='word_1_14' title='bbox 1402 530 1697 614; x_wconf 71' lang='lat' dir='ltr'><strong>saaphas</strong></span> <span class='ocrx_word' id='word_1_15' title='bbox 1726 532 1865 596; x_wconf 87' lang='lat' dir='ltr'><strong>tela</strong></span> <span class='ocrx_word' id='word_1_16' title='bbox 1895 531 2106 613; x_wconf 88' lang='lat' dir='ltr'><strong>iugeri</strong></span> <span class='ocrx_word' id='word_1_17' title='bbox 2138 541 2446 618; x_wconf 84' lang='lat' dir='ltr'><strong>possent.</strong></span> 
     </span>
     <span class='ocr_line' id='line_1_3' title="bbox 239 632 2447 720; baseline 0.001 -20"><span class='ocrx_word' id='word_1_18' title='bbox 239 636 341 700; x_wconf 79' lang='lat'><strong>24.</strong></span> <span class='ocrx_word' id='word_1_19' title='bbox 387 633 639 701; x_wconf 84' lang='lat' dir='ltr'><strong>Contra</strong></span> <span class='ocrx_word' id='word_1_20' title='bbox 667 634 859 720; x_wconf 87' lang='lat' dir='ltr'><strong>Tyrii</strong></span> <span class='ocrx_word' id='word_1_21' title='bbox 888 633 1160 716; x_wconf 83' lang='lat' dir='ltr'><strong>navigia</strong></span> <span class='ocrx_word' id='word_1_22' title='bbox 1177 634 1418 717; x_wconf 84' lang='lat' dir='ltr'><strong>procul</strong></span> <span class='ocrx_word' id='word_1_23' title='bbox 1436 652 1480 698; x_wconf 90' lang='lat' dir='ltr'><strong>a</strong></span> <span class='ocrx_word' id='word_1_24' title='bbox 1509 644 1885 716; x_wconf 85' lang='lat' dir='ltr'><strong>conspectu</strong></span> <span class='ocrx_word' id='word_1_25' title='bbox 1912 632 2208 700; x_wconf 86' lang='lat' dir='ltr'><strong>hostium</strong></span> <span class='ocrx_word' id='word_1_26' title='bbox 2233 637 2447 702; x_wconf 86' lang='lat' dir='ltr'><strong>littori</strong></span> 
     </span>
     <span class='ocr_line' id='line_1_4' title="bbox 239 735 2447 823; baseline 0.001 -20"><span class='ocrx_word' id='word_1_27' title='bbox 239 738 614 823; x_wconf 85' lang='lat' dir='ltr'><strong>appellunt,</strong></span> <span class='ocrx_word' id='word_1_28' title='bbox 633 738 1118 823; x_wconf 79' lang='lat' dir='ltr'><strong>expositisque</strong></span> <span class='ocrx_word' id='word_1_29' title='bbox 1150 735 1501 815; x_wconf 86' lang='lat' dir='ltr'><strong>militibus,</strong></span> <span class='ocrx_word' id='word_1_30' title='bbox 1530 756 1680 814; x_wconf 76' lang='lat' dir='ltr'><strong>eOS,</strong></span> <span class='ocrx_word' id='word_1_31' title='bbox 1703 737 1821 822; x_wconf 88' lang='lat' dir='ltr'><strong>qui</strong></span> <span class='ocrx_word' id='word_1_32' title='bbox 1851 756 2027 803; x_wconf 83' lang='lat' dir='ltr'><strong>saxa</strong></span> <span class='ocrx_word' id='word_1_33' title='bbox 2067 742 2447 821; x_wconf 77' lang='lat' dir='ltr'><strong>gestabant,</strong></span> 
     </span>
     <span class='ocr_line' id='line_1_5' title="bbox 241 838 2451 925; baseline 0.001 -18"><span class='ocrx_word' id='word_1_34' title='bbox 241 844 663 908; x_wconf 86' lang='lat' dir='ltr'><strong>obtruncant.</strong></span> <span class='ocrx_word' id='word_1_35' title='bbox 751 842 834 906; x_wconf 90' lang='lat' dir='ltr'><strong>In</strong></span> <span class='ocrx_word' id='word_1_36' title='bbox 864 838 1128 907; x_wconf 81' lang='lat' dir='ltr'><strong>Libano</strong></span> <span class='ocrx_word' id='word_1_37' title='bbox 1159 860 1430 925; x_wconf 89' lang='lat' dir='ltr'><strong>quoque</strong></span> <span class='ocrx_word' id='word_1_38' title='bbox 1463 839 1807 906; x_wconf 65' lang='lat' dir='ltr'><strong>Arabum*</strong></span> <span class='ocrx_word' id='word_1_39' title='bbox 1836 853 2167 925; x_wconf 62' lang='lat' dir='ltr'><strong>agrestes„</strong></span> <span class='ocrx_word' id='word_1_40' title='bbox 2190 843 2451 908; x_wconf 87' lang='lat' dir='ltr'><strong>iucom-</strong></span> 
     </span>
    </p>
   </div>
   <div class='ocr_carea' id='block_1_3' title="bbox 238 942 2450 1131">
    <p class='ocr_par' dir='ltr' id='par_1_3' title="bbox 238 942 2450 1131">
     <span class='ocr_line' id='line_1_6' title="bbox 238 942 2450 1031; baseline 0.002 -22"><span class='ocrx_word' id='word_1_41' title='bbox 238 944 507 1030; x_wconf 87' lang='lat' dir='ltr'><strong>positos</strong></span> <span class='ocrx_word' id='word_1_42' title='bbox 541 942 1320 1028; x_wconf 9' lang='lat' dir='ltr'><strong>Macedonaspaggressi,</strong></span> <span class='ocrx_word' id='word_1_43' title='bbox 1350 944 1626 1027; x_wconf 88' lang='lat' dir='ltr'><strong>triginta</strong></span> <span class='ocrx_word' id='word_1_44' title='bbox 1662 942 1802 1009; x_wconf 85' lang='lat' dir='ltr'><strong>fere</strong></span> <span class='ocrx_word' id='word_1_45' title='bbox 1828 943 2257 1024; x_wconf 85' lang='lat' dir='ltr'><strong>interficiunt,</strong></span> <span class='ocrx_word' id='word_1_46' title='bbox 2285 967 2450 1031; x_wconf 89' lang='lat' dir='ltr'><strong>pau-</strong></span> 
     </span>
     <span class='ocr_line' id='line_1_7' title="bbox 245 1047 829 1131; baseline -0.002 -19"><span class='ocrx_word' id='word_1_47' title='bbox 245 1047 544 1113; x_wconf 86' lang='lat' dir='ltr'><strong>cioribus</strong></span> <span class='ocrx_word' id='word_1_48' title='bbox 575 1048 829 1131; x_wconf 82' lang='lat' dir='ltr'><strong>captis.</strong></span> 
     </span>
    </p>
   </div>
   <div class='ocr_carea' id='block_1_4' title="bbox 242 1149 2511 1751">
    <p class='ocr_par' dir='ltr' id='par_1_4' title="bbox 242 1149 2511 1751">
     <span class='ocr_line' id='line_1_8' title="bbox 329 1149 2456 1237; baseline 0.003 -24"><span class='ocrx_word' id='word_1_49' title='bbox 329 1167 447 1215; x_wconf 84' lang='lat'><strong>111.</strong></span> <span class='ocrx_word' id='word_1_50' title='bbox 493 1149 558 1215; x_wconf 88' lang='lat'><strong>1.</strong></span> <span class='ocrx_word' id='word_1_51' title='bbox 646 1149 752 1216; x_wconf 89' lang='lat' dir='ltr'><strong>Ea</strong></span> <span class='ocrx_word' id='word_1_52' title='bbox 798 1171 904 1219; x_wconf 86' lang='lat' dir='ltr'><strong>res</strong></span> <span class='ocrx_word' id='word_1_53' title='bbox 946 1150 1405 1218; x_wconf 82' lang='lat' dir='ltr'><strong>Alexandrum</strong></span> <span class='ocrx_word' id='word_1_54' title='bbox 1445 1152 1747 1218; x_wconf 80' lang='lat' dir='ltr'><strong>dividere</strong></span> <span class='ocrx_word' id='word_1_55' title='bbox 1788 1152 2024 1237; x_wconf 87' lang='lat' dir='ltr'><strong>copias</strong></span> <span class='ocrx_word' id='word_1_56' title='bbox 2055 1151 2320 1235; x_wconf 68' lang='lat' dir='ltr'><strong>coegit:</strong></span> <span class='ocrx_word' id='word_1_57' title='bbox 2367 1159 2456 1233; x_wconf 88' lang='lat' dir='ltr'><strong>et,</strong></span> 
     </span>
     <span class='ocr_line' id='line_1_9' title="bbox 242 1254 2457 1341; baseline 0.002 -23"><span class='ocrx_word' id='word_1_58' title='bbox 242 1274 323 1319; x_wconf 89' lang='lat' dir='ltr'><strong>ne</strong></span> <span class='ocrx_word' id='word_1_59' title='bbox 373 1254 665 1337; x_wconf 83' lang='lat' dir='ltr'><strong>segniter</strong></span> <span class='ocrx_word' id='word_1_60' title='bbox 711 1256 1008 1325; x_wconf 86' lang='lat' dir='ltr'><strong>assidere</strong></span> <span class='ocrx_word' id='word_1_61' title='bbox 1056 1257 1167 1322; x_wconf 90' lang='lat' dir='ltr'><strong>uni</strong></span> <span class='ocrx_word' id='word_1_62' title='bbox 1215 1256 1362 1321; x_wconf 87' lang='lat' dir='ltr'><strong>urbi</strong></span> <span class='ocrx_word' id='word_1_63' title='bbox 1408 1255 1792 1334; x_wconf 68' lang='lat' dir='ltr'><strong>videretur:</strong></span> <span class='ocrx_word' id='word_1_64' title='bbox 1834 1255 2023 1341; x_wconf 88' lang='lat' dir='ltr'><strong>operi</strong></span> <span class='ocrx_word' id='word_1_65' title='bbox 2054 1254 2457 1322; x_wconf 81' lang='lat' dir='ltr'><strong>Perdiccam</strong></span> 
     </span>
     <span class='ocr_line' id='line_1_10' title="bbox 245 1344 2511 1444; baseline 0.002 -22"><span class='ocrx_word' id='word_1_66' title='bbox 245 1355 728 1441; x_wconf 79' lang='lat' dir='ltr'><strong>Craterumque</strong></span> <span class='ocrx_word' id='word_1_67' title='bbox 760 1357 1095 1441; x_wconf 79' lang='lat' dir='ltr'><strong>praefecit3</strong></span> <span class='ocrx_word' id='word_1_68' title='bbox 1141 1361 1292 1444; x_wconf 89' lang='lat' dir='ltr'><strong>ipse</strong></span> <span class='ocrx_word' id='word_1_69' title='bbox 1336 1379 1492 1426; x_wconf 88' lang='lat' dir='ltr'><strong>cum</strong></span> <span class='ocrx_word' id='word_1_70' title='bbox 1529 1361 1854 1444; x_wconf 84' lang='lat' dir='ltr'><strong>expedita</strong></span> <span class='ocrx_word' id='word_1_71' title='bbox 1896 1378 2099 1424; x_wconf 88' lang='lat' dir='ltr'><strong>manu</strong></span> <span class='ocrx_word' id='word_1_72' title='bbox 2129 1359 2459 1426; x_wconf 83' lang='lat' dir='ltr'><strong>Arabiam</strong></span> <span class='ocrx_word' id='word_1_73' title='bbox 2502 1344 2511 1350; x_wconf 42' lang='lat'><strong><em>⁹</em></strong></span> 
     </span>
     <span class='ocr_line' id='line_1_11' title="bbox 245 1459 2458 1548; baseline 0.002 -24"><span class='ocrx_word' id='word_1_74' title='bbox 245 1461 457 1544; x_wconf 82' lang='lat' dir='ltr'><strong>petiit.</strong></span> <span class='ocrx_word' id='word_1_75' title='bbox 548 1460 615 1526; x_wconf 80' lang='lat'><strong>2.</strong></span> <span class='ocrx_word' id='word_1_76' title='bbox 660 1459 844 1526; x_wconf 89' lang='lat' dir='ltr'><strong>Inter</strong></span> <span class='ocrx_word' id='word_1_77' title='bbox 876 1462 1022 1528; x_wconf 86' lang='lat' dir='ltr'><strong>baec</strong></span> <span class='ocrx_word' id='word_1_78' title='bbox 1044 1470 1071 1498; x_wconf 78' lang='lat'>⁸</span> <span class='ocrx_word' id='word_1_79' title='bbox 1111 1463 1306 1548; x_wconf 84' lang='lat' dir='ltr'><strong>Tyrii</strong></span> <span class='ocrx_word' id='word_1_80' title='bbox 1357 1461 1647 1529; x_wconf 78' lang='lat' dir='ltr'><strong>navemb</strong></span> <span class='ocrx_word' id='word_1_81' title='bbox 1692 1464 2151 1547; x_wconf 83' lang='lat' dir='ltr'><strong>magnitudine</strong></span> <span class='ocrx_word' id='word_1_82' title='bbox 2181 1465 2458 1543; x_wconf 86' lang='lat' dir='ltr'><strong>eximia,</strong></span> 
     </span>
     <span class='ocr_line' id='line_1_12' title="bbox 249 1564 2462 1651; baseline 0.001 -22"><span class='ocrx_word' id='word_1_83' title='bbox 249 1564 439 1630; x_wconf 82' lang='lat' dir='ltr'><strong>saxis</strong></span> <span class='ocrx_word' id='word_1_84' title='bbox 470 1583 812 1649; x_wconf 84' lang='lat' dir='ltr'><strong>arenaque</strong></span> <span class='ocrx_word' id='word_1_85' title='bbox 836 1585 879 1630; x_wconf 90' lang='lat' dir='ltr'><strong>a</strong></span> <span class='ocrx_word' id='word_1_86' title='bbox 909 1565 1124 1651; x_wconf 88' lang='lat' dir='ltr'><strong>puppi</strong></span> <span class='ocrx_word' id='word_1_87' title='bbox 1150 1571 1519 1639; x_wconf 88' lang='lat' dir='ltr'><strong>oneratam,</strong></span> <span class='ocrx_word' id='word_1_88' title='bbox 1548 1568 1643 1631; x_wconf 85' lang='lat' dir='ltr'><strong>ita</strong></span> <span class='ocrx_word' id='word_1_89' title='bbox 1662 1571 1743 1632; x_wconf 88' lang='lat' dir='ltr'><strong>ut</strong></span> <span class='ocrx_word' id='word_1_90' title='bbox 1756 1565 2046 1632; x_wconf 86' lang='lat' dir='ltr'><strong>multum</strong></span> <span class='ocrx_word' id='word_1_91' title='bbox 2067 1585 2268 1651; x_wconf 84' lang='lat' dir='ltr'><strong>prora</strong></span> <span class='ocrx_word' id='word_1_92' title='bbox 2298 1568 2462 1631; x_wconf 87' lang='lat' dir='ltr'><strong>emi-</strong></span> 
     </span>
     <span class='ocr_line' id='line_1_13' title="bbox 250 1665 2463 1751; baseline 0.003 -22"><span class='ocrx_word' id='word_1_93' title='bbox 250 1670 450 1744; x_wconf 84' lang='lat' dir='ltr'><strong>neret,</strong></span> <span class='ocrx_word' id='word_1_94' title='bbox 474 1665 807 1733; x_wconf 87' lang='lat' dir='ltr'><strong>bitumine</strong></span> <span class='ocrx_word' id='word_1_95' title='bbox 841 1687 925 1733; x_wconf 90' lang='lat' dir='ltr'><strong>ac</strong></span> <span class='ocrx_word' id='word_1_96' title='bbox 957 1667 1274 1751; x_wconf 83' lang='lat' dir='ltr'><strong>sulphure</strong></span> <span class='ocrx_word' id='word_1_97' title='bbox 1302 1668 1548 1734; x_wconf 84' lang='lat' dir='ltr'><strong>illitam</strong></span> <span class='ocrx_word' id='word_1_98' title='bbox 1570 1670 1774 1733; x_wconf 90' lang='lat' dir='ltr'><strong>remis</strong></span> <span class='ocrx_word' id='word_1_99' title='bbox 1795 1670 2300 1734; x_wconf 85' lang='lat' dir='ltr'><strong>concitaverunt</strong></span> <span class='ocrx_word' id='word_1_100' title='bbox 2323 1689 2344 1750; x_wconf 79' lang='lat'><em>3</em></span> <span class='ocrx_word' id='word_1_101' title='bbox 2390 1677 2463 1736; x_wconf 88' lang='lat' dir='ltr'><strong>et</strong></span> 
     </span>
    </p>
   </div>
   <div class='ocr_carea' id='block_1_5' title="bbox 252 1771 2462 1961">
    <p class='ocr_par' dir='ltr' id='par_1_5' title="bbox 252 1771 2462 1961">
     <span class='ocr_line' id='line_1_14' title="bbox 252 1771 2462 1859; baseline 0.003 -26"><span class='ocrx_word' id='word_1_102' title='bbox 252 1788 399 1833; x_wconf 88' lang='lat' dir='ltr'><strong>cum</strong></span> <span class='ocrx_word' id='word_1_103' title='bbox 430 1788 740 1851; x_wconf 84' lang='lat' dir='ltr'><strong>magnam</strong></span> <span class='ocrx_word' id='word_1_104' title='bbox 763 1771 898 1836; x_wconf 85' lang='lat' dir='ltr'><strong>vim</strong></span> <span class='ocrx_word' id='word_1_105' title='bbox 924 1772 1108 1836; x_wconf 85' lang='lat' dir='ltr'><strong>venti</strong></span> <span class='ocrx_word' id='word_1_106' title='bbox 1138 1775 1288 1838; x_wconf 82' lang='lat' dir='ltr'><strong>vela</strong></span> <span class='ocrx_word' id='word_1_107' title='bbox 1317 1794 1593 1859; x_wconf 89' lang='lat' dir='ltr'><strong>quoque</strong></span> <span class='ocrx_word' id='word_1_108' title='bbox 1623 1772 2127 1857; x_wconf 77' lang='lat' dir='ltr'><strong>concepissent,</strong></span> <span class='ocrx_word' id='word_1_109' title='bbox 2159 1772 2462 1839; x_wconf 74' lang='lat' dir='ltr'><strong>celeriter</strong></span> 
     </span>
     <span class='ocr_line' id='line_1_15' title="bbox 254 1872 2461 1961; baseline 0.002 -23"><span class='ocrx_word' id='word_1_110' title='bbox 254 1872 337 1938; x_wconf 81' lang='lat' dir='ltr'><strong>ad</strong></span> <span class='ocrx_word' id='word_1_111' title='bbox 383 1873 629 1939; x_wconf 86' lang='lat' dir='ltr'><strong>molem</strong></span> <span class='ocrx_word' id='word_1_112' title='bbox 659 1874 996 1942; x_wconf 82' lang='lat' dir='ltr'><strong>successit</strong></span> <span class='ocrx_word' id='word_1_113' title='bbox 1017 1897 1033 1942; x_wconf 78' lang='lat' dir='ltr'><strong><em>z</em></strong></span> <span class='ocrx_word' id='word_1_114' title='bbox 1052 1876 1075 1913; x_wconf 73' lang='lat'>⁸</span> <span class='ocrx_word' id='word_1_115' title='bbox 1118 1876 1182 1941; x_wconf 80' lang='lat'><strong>3.</strong></span> <span class='ocrx_word' id='word_1_116' title='bbox 1214 1884 1378 1942; x_wconf 88' lang='lat' dir='ltr'><strong>tunc</strong></span> <span class='ocrx_word' id='word_1_117' title='bbox 1410 1896 1611 1961; x_wconf 89' lang='lat' dir='ltr'><strong>prora</strong></span> <span class='ocrx_word' id='word_1_118' title='bbox 1639 1876 1789 1961; x_wconf 86' lang='lat' dir='ltr'><strong>ejus</strong></span> <span class='ocrx_word' id='word_1_119' title='bbox 1819 1895 2137 1955; x_wconf 82' lang='lat' dir='ltr'><strong>accensa,</strong></span> <span class='ocrx_word' id='word_1_120' title='bbox 2172 1874 2461 1959; x_wconf 85' lang='lat' dir='ltr'><strong>remiges</strong></span> 
     </span>
    </p>
   </div>
   <div class='ocr_carea' id='block_1_6' title="bbox 255 1974 2464 2065">
    <p class='ocr_par' dir='ltr' id='par_1_6' title="bbox 255 1974 2464 2065">
     <span class='ocr_line' id='line_1_16' title="bbox 255 1974 2464 2065; baseline 0.002 -26"><span class='ocrx_word' id='word_1_121' title='bbox 255 1974 559 2043; x_wconf 88' lang='lat' dir='ltr'><strong>desiliere</strong></span> <span class='ocrx_word' id='word_1_122' title='bbox 585 1976 656 2041; x_wconf 87' lang='lat' dir='ltr'><strong>in</strong></span> <span class='ocrx_word' id='word_1_123' title='bbox 685 1978 1003 2063; x_wconf 84' lang='lat' dir='ltr'><strong>scaphas,</strong></span> <span class='ocrx_word' id='word_1_124' title='bbox 1052 1999 1207 2064; x_wconf 84' lang='lat' dir='ltr'><strong>quae</strong></span> <span class='ocrx_word' id='word_1_125' title='bbox 1253 1981 1341 2046; x_wconf 91' lang='lat' dir='ltr'><strong>ad</strong></span> <span class='ocrx_word' id='word_1_126' title='bbox 1369 1981 1502 2047; x_wconf 89' lang='lat' dir='ltr'><strong>hoc</strong></span> <span class='ocrx_word' id='word_1_127' title='bbox 1529 1981 1757 2065; x_wconf 89' lang='lat' dir='ltr'><strong>ipsum</strong></span> <span class='ocrx_word' id='word_1_128' title='bbox 1786 1985 2189 2065; x_wconf 84' lang='lat' dir='ltr'><strong>praeparatae</strong></span> <span class='ocrx_word' id='word_1_129' title='bbox 2222 1994 2464 2065; x_wconf 80' lang='lat' dir='ltr'><strong>seque-</strong></span> 
     </span>
    </p>
   </div>
   <div class='ocr_carea' id='block_1_7' title="bbox 317 2157 2303 2359">
    <p class='ocr_par' dir='ltr' id='par_1_7' title="bbox 317 2157 2303 2359">
     <span class='ocr_line' id='line_1_17' title="bbox 318 2157 1103 2222; baseline 0.008 -16"><span class='ocrx_word' id='word_1_130' title='bbox 318 2164 336 2190; x_wconf 77' lang='lat'><strong>·</strong></span> <span class='ocrx_word' id='word_1_131' title='bbox 367 2157 429 2209; x_wconf 75' lang='lat' dir='ltr'><strong>In</strong></span> <span class='ocrx_word' id='word_1_132' title='bbox 431 2158 606 2219; x_wconf 80' lang='lat' dir='ltr'><strong>fronte</strong></span> <span class='ocrx_word' id='word_1_133' title='bbox 627 2160 825 2222; x_wconf 72' lang='lat' dir='ltr'><strong>aggeris</strong></span> <span class='ocrx_word' id='word_1_134' title='bbox 840 2161 1103 2212; x_wconf 74' lang='lat' dir='ltr'><strong>exstruxit.</strong></span> 
     </span>
     <span class='ocr_line' id='line_1_18' title="bbox 317 2225 1802 2277; baseline 0.002 -4"><span class='ocrx_word' id='word_1_135' title='bbox 317 2230 341 2254; x_wconf 80' lang='lat'>⁶</span> <span class='ocrx_word' id='word_1_136' title='bbox 372 2225 450 2274; x_wconf 89' lang='lat' dir='ltr'><strong>Ne</strong></span> <span class='ocrx_word' id='word_1_137' title='bbox 470 2225 623 2275; x_wconf 74' lang='lat' dir='ltr'><strong>otiose</strong></span> <span class='ocrx_word' id='word_1_138' title='bbox 641 2228 705 2274; x_wconf 81' lang='lat' dir='ltr'><strong>od</strong></span> <span class='ocrx_word' id='word_1_139' title='bbox 724 2227 1021 2277; x_wconf 76' lang='lat' dir='ltr'><strong>unius-urbis</strong></span> <span class='ocrx_word' id='word_1_140' title='bbox 1041 2228 1325 2277; x_wconf 74' lang='lat' dir='ltr'><strong>obsidionem</strong></span> <span class='ocrx_word' id='word_1_141' title='bbox 1347 2228 1527 2277; x_wconf 77' lang='lat' dir='ltr'><strong>morari</strong></span> <span class='ocrx_word' id='word_1_142' title='bbox 1544 2227 1802 2277; x_wconf 73' lang='lat' dir='ltr'><strong>videretur.</strong></span> 
     </span>
     <span class='ocr_line' id='line_1_19' title="bbox 320 2286 2303 2359; baseline 0.001 -20"><span class='ocrx_word' id='word_1_143' title='bbox 320 2286 341 2319; x_wconf 52' lang='grc' dir='ltr'><strong>ὅ</strong></span> <span class='ocrx_word' id='word_1_144' title='bbox 375 2290 495 2339; x_wconf 75' lang='lat' dir='ltr'><strong>Cum</strong></span> <span class='ocrx_word' id='word_1_145' title='bbox 518 2291 624 2341; x_wconf 76' lang='lat' dir='ltr'><strong>velo</strong></span> <span class='ocrx_word' id='word_1_146' title='bbox 643 2291 791 2342; x_wconf 68' lang='lat' dir='ltr'><strong>etiam</strong></span> <span class='ocrx_word' id='word_1_147' title='bbox 813 2292 969 2343; x_wconf 67' lang='lat' dir='ltr'><strong>ualido</strong></span> <span class='ocrx_word' id='word_1_148' title='bbox 989 2300 1127 2343; x_wconf 74' lang='lat' dir='ltr'><strong>vento</strong></span> <span class='ocrx_word' id='word_1_149' title='bbox 1147 2294 1320 2359; x_wconf 77' lang='lat' dir='ltr'><strong>inflata</strong></span> <span class='ocrx_word' id='word_1_150' title='bbox 1341 2299 1516 2358; x_wconf 75' lang='lat' dir='ltr'><strong>essent,</strong></span> <span class='ocrx_word' id='word_1_151' title='bbox 1534 2295 1761 2345; x_wconf 74' lang='lat' dir='ltr'><strong>velociter</strong></span> <span class='ocrx_word' id='word_1_152' title='bbox 1775 2294 1840 2343; x_wconf 82' lang='lat' dir='ltr'><strong>od</strong></span> <span class='ocrx_word' id='word_1_153' title='bbox 1858 2303 2087 2357; x_wconf 61' lang='lat' dir='ltr'><strong>mam</strong></span> <span class='ocrx_word' id='word_1_154' title='bbox 2103 2291 2303 2358; x_wconf 66' lang='lat' dir='ltr'><strong>appulit.</strong></span> 
     </span>
    </p>
   </div>
   <div class='ocr_carea' id='block_1_8' title="bbox 1176 2422 1542 2445">
    <p class='ocr_par' dir='ltr' id='par_1_8' title="bbox 1176 2422 1542 2445">
     <span class='ocr_line' id='line_1_20' title="bbox 1176 2422 1542 2445; baseline 0.003 -1"><span class='ocrx_word' id='word_1_155' title='bbox 1176 2422 1542 2445; x_wconf 59' lang='grc' dir='ltr'><strong>ΟΝΟΜΟΝΟΟ</strong></span> 
     </span>
    </p>
   </div>
   <div class='ocr_carea' id='block_1_9' title="bbox 265 2499 2471 2634">
    <p class='ocr_par' dir='ltr' id='par_1_9' title="bbox 265 2499 2471 2634">
     <span class='ocr_line' id='line_1_21' title="bbox 265 2499 2471 2573; baseline 0.001 -22"><span class='ocrx_word' id='word_1_156' title='bbox 265 2499 472 2555; x_wconf 77' lang='lat' dir='ltr'><strong>Medici.</strong></span> <span class='ocrx_word' id='word_1_157' title='bbox 495 2503 622 2556; x_wconf 76' lang='lat' dir='ltr'><strong>Vct.</strong></span> <span class='ocrx_word' id='word_1_158' title='bbox 646 2510 792 2558; x_wconf 75' lang='lat'><strong>14⁷4.</strong></span> <span class='ocrx_word' id='word_1_159' title='bbox 815 2505 1007 2558; x_wconf 85' lang='lat' dir='ltr'><strong>Veron.</strong></span> <span class='ocrx_word' id='word_1_160' title='bbox 1029 2507 1152 2558; x_wconf 89' lang='lat' dir='ltr'><strong>Ald.</strong></span> <span class='ocrx_word' id='word_1_161' title='bbox 1179 2508 1347 2559; x_wconf 87' lang='lat' dir='ltr'><strong>Colin.</strong></span> <span class='ocrx_word' id='word_1_162' title='bbox 1372 2508 1577 2573; x_wconf 78' lang='lat' dir='ltr'><strong>Gryph.</strong></span> <span class='ocrx_word' id='word_1_163' title='bbox 1613 2507 1711 2558; x_wconf 71' lang='grc' dir='ltr'><strong>διο.</strong></span> <span class='ocrx_word' id='word_1_164' title='bbox 1729 2506 1920 2567; x_wconf 72' lang='lat' dir='ltr'><strong>jactum</strong></span> <span class='ocrx_word' id='word_1_165' title='bbox 1935 2522 1956 2565; x_wconf 90' lang='lat'><strong>,·</strong></span> <span class='ocrx_word' id='word_1_166' title='bbox 1994 2504 2247 2566; x_wconf 73' lang='lat' dir='ltr'><strong>Dan-jam</strong></span> <span class='ocrx_word' id='word_1_167' title='bbox 2271 2510 2390 2565; x_wconf 75' lang='lat' dir='ltr'><strong>tum,</strong></span> <span class='ocrx_word' id='word_1_168' title='bbox 2415 2510 2471 2554; x_wconf 88' lang='lat' dir='ltr'><strong>et</strong></span> 
     </span>
     <span class='ocr_line' id='line_1_22' title="bbox 266 2571 2471 2634; baseline 0.002 -19"><span class='ocrx_word' id='word_1_169' title='bbox 266 2577 555 2620; x_wconf 85' lang='lat' dir='ltr'><strong>correctum</strong></span> <span class='ocrx_word' id='word_1_170' title='bbox 593 2587 625 2621; x_wconf 77' lang='lat' dir='ltr'><strong>a</strong></span> <span class='ocrx_word' id='word_1_171' title='bbox 657 2586 727 2623; x_wconf 86' lang='lat' dir='ltr'><strong>m.</strong></span> <span class='ocrx_word' id='word_1_172' title='bbox 751 2587 858 2622; x_wconf 83' lang='lat' dir='ltr'><strong>sec.</strong></span> <span class='ocrx_word' id='word_1_173' title='bbox 875 2573 1066 2634; x_wconf 72' lang='lat' dir='ltr'><strong>jactum</strong></span> <span class='ocrx_word' id='word_1_174' title='bbox 1080 2589 1102 2632; x_wconf 90' lang='lat'><strong>‚·</strong></span> <span class='ocrx_word' id='word_1_175' title='bbox 1134 2575 1367 2623; x_wconf 77' lang='lat' dir='ltr'><strong>Freinsh.</strong></span> <span class='ocrx_word' id='word_1_176' title='bbox 1392 2574 1580 2623; x_wconf 67' lang='lat' dir='ltr'><strong>Cellae.</strong></span> <span class='ocrx_word' id='word_1_177' title='bbox 1606 2572 1781 2623; x_wconf 75' lang='lat' dir='ltr'><strong>Maitt.</strong></span> <span class='ocrx_word' id='word_1_178' title='bbox 1802 2574 1931 2622; x_wconf 83' lang='lat' dir='ltr'><strong>Tell.</strong></span> <span class='ocrx_word' id='word_1_179' title='bbox 1955 2571 2143 2621; x_wconf 77' lang='lat' dir='ltr'><strong>Pitisc.</strong></span> <span class='ocrx_word' id='word_1_180' title='bbox 2165 2578 2221 2620; x_wconf 88' lang='lat' dir='ltr'><strong>et</strong></span> <span class='ocrx_word' id='word_1_181' title='bbox 2247 2577 2471 2620; x_wconf 80' lang='lat' dir='ltr'><strong>recentt.</strong></span> 
     </span>
    </p>
   </div>
   <div class='ocr_carea' id='block_1_10' title="bbox 267 2631 2475 2766">
    <p class='ocr_par' dir='ltr' id='par_1_10' title="bbox 267 2631 2475 2766">
     <span class='ocr_line' id='line_1_23' title="bbox 268 2631 2475 2703; baseline 0.002 -22"><span class='ocrx_word' id='word_1_182' title='bbox 268 2631 559 2686; x_wconf 61' lang='lat' dir='ltr'><strong>ictum—24</strong></span> <span class='ocrx_word' id='word_1_183' title='bbox 593 2637 740 2688; x_wconf 87' lang='lat' dir='ltr'><strong>Pitb.</strong></span> <span class='ocrx_word' id='word_1_184' title='bbox 777 2638 933 2688; x_wconf 81' lang='lat' dir='ltr'><strong>littori</strong></span> <span class='ocrx_word' id='word_1_185' title='bbox 969 2646 1227 2703; x_wconf 72' lang='lat' dir='ltr'><strong>apponunt.</strong></span> <span class='ocrx_word' id='word_1_186' title='bbox 1297 2639 1464 2688; x_wconf 83' lang='lat' dir='ltr'><strong>Paulo</strong></span> <span class='ocrx_word' id='word_1_187' title='bbox 1506 2644 1644 2702; x_wconf 74' lang='lat' dir='ltr'><strong>post,</strong></span> <span class='ocrx_word' id='word_1_188' title='bbox 1684 2638 1914 2687; x_wconf 75' lang='lat' dir='ltr'><strong>Florent-</strong></span> <span class='ocrx_word' id='word_1_189' title='bbox 1957 2638 2099 2687; x_wconf 87' lang='lat' dir='ltr'><strong>Leid.</strong></span> <span class='ocrx_word' id='word_1_190' title='bbox 2139 2642 2197 2686; x_wconf 88' lang='lat' dir='ltr'><strong>et</strong></span> <span class='ocrx_word' id='word_1_191' title='bbox 2236 2636 2384 2686; x_wconf 73' lang='lat' dir='ltr'><strong>Voss.</strong></span> <span class='ocrx_word' id='word_1_192' title='bbox 2424 2639 2475 2685; x_wconf 88' lang='lat'><strong>1.</strong></span> 
     </span>
     <span class='ocr_line' id='line_1_24' title="bbox 267 2697 2083 2766; baseline 0.003 -20"><span class='ocrx_word' id='word_1_193' title='bbox 267 2697 546 2751; x_wconf 72' lang='lat' dir='ltr'><strong>Macedonas</strong></span> <span class='ocrx_word' id='word_1_194' title='bbox 568 2703 818 2752; x_wconf 60' lang='lat' dir='ltr'><strong>&amp;berturi</strong></span> <span class='ocrx_word' id='word_1_195' title='bbox 837 2719 858 2762; x_wconf 81' lang='lat'><strong>,-</strong></span> <span class='ocrx_word' id='word_1_196' title='bbox 889 2704 1039 2754; x_wconf 85' lang='lat' dir='ltr'><strong>Voss.</strong></span> <span class='ocrx_word' id='word_1_197' title='bbox 1061 2709 1112 2754; x_wconf 82' lang='lat'><strong>2.</strong></span> <span class='ocrx_word' id='word_1_198' title='bbox 1138 2705 1309 2766; x_wconf 83' lang='lat' dir='ltr'><strong>Bong.</strong></span> <span class='ocrx_word' id='word_1_199' title='bbox 1346 2703 1515 2766; x_wconf 78' lang='lat' dir='ltr'><strong>Lugd.</strong></span> <span class='ocrx_word' id='word_1_200' title='bbox 1540 2709 1596 2753; x_wconf 85' lang='lat' dir='ltr'><strong>et</strong></span> <span class='ocrx_word' id='word_1_201' title='bbox 1619 2703 1787 2752; x_wconf 85' lang='lat' dir='ltr'><strong>Amst.</strong></span> <span class='ocrx_word' id='word_1_202' title='bbox 1812 2703 1890 2752; x_wconf 89' lang='lat' dir='ltr'><strong>M.</strong></span> <span class='ocrx_word' id='word_1_203' title='bbox 1909 2702 2083 2752; x_wconf 79' lang='lat' dir='ltr'><strong>adorti.</strong></span> 
     </span>
    </p>
   </div>
   <div class='ocr_carea' id='block_1_11' title="bbox 268 2764 2479 3289">
    <p class='ocr_par' dir='ltr' id='par_1_11' title="bbox 268 2764 2479 3289">
     <span class='ocr_line' id='line_1_25' title="bbox 328 2764 2476 2833; baseline 0 -20"><span class='ocrx_word' id='word_1_204' title='bbox 328 2767 355 2812; x_wconf 91' lang='lat'>1</span> <span class='ocrx_word' id='word_1_205' title='bbox 390 2765 552 2816; x_wconf 85' lang='lat' dir='ltr'><strong>Hunc</strong></span> <span class='ocrx_word' id='word_1_206' title='bbox 589 2768 760 2818; x_wconf 89' lang='lat' dir='ltr'><strong>locum</strong></span> <span class='ocrx_word' id='word_1_207' title='bbox 788 2768 977 2818; x_wconf 86' lang='lat' dir='ltr'><strong>Heum.</strong></span> <span class='ocrx_word' id='word_1_208' title='bbox 1015 2770 1090 2819; x_wconf 81' lang='lat' dir='ltr'><strong>ita</strong></span> <span class='ocrx_word' id='word_1_209' title='bbox 1113 2769 1394 2832; x_wconf 81' lang='lat' dir='ltr'><strong>legendum</strong></span> <span class='ocrx_word' id='word_1_210' title='bbox 1433 2775 1592 2833; x_wconf 80' lang='lat' dir='ltr'><strong>atque</strong></span> <span class='ocrx_word' id='word_1_211' title='bbox 1629 2768 2052 2830; x_wconf 81' lang='lat' dir='ltr'><strong>distinguendum</strong></span> <span class='ocrx_word' id='word_1_212' title='bbox 2077 2771 2265 2829; x_wconf 81' lang='lat' dir='ltr'><strong>putat:</strong></span> <span class='ocrx_word' id='word_1_213' title='bbox 2298 2764 2476 2828; x_wconf 55' lang='lat' dir='ltr'><strong>coegit,</strong></span> 
     </span>
     <span class='ocr_line' id='line_1_26' title="bbox 268 2830 2474 2898; baseline 0.001 -23"><span class='ocrx_word' id='word_1_214' title='bbox 268 2831 705 2885; x_wconf 75' lang='lat' dir='ltr'><strong>ne····m·deretur.</strong></span> <span class='ocrx_word' id='word_1_215' title='bbox 743 2834 908 2897; x_wconf 80' lang='lat' dir='ltr'><strong>Operi,</strong></span> <span class='ocrx_word' id='word_1_216' title='bbox 948 2837 1031 2898; x_wconf 61' lang='lat'><strong>&amp;0-</strong></span> <span class='ocrx_word' id='word_1_217' title='bbox 1099 2833 1239 2883; x_wconf 85' lang='lat' dir='ltr'><strong>Vide</strong></span> <span class='ocrx_word' id='word_1_218' title='bbox 1280 2832 1411 2884; x_wconf 83' lang='lat' dir='ltr'><strong>Not.</strong></span> <span class='ocrx_word' id='word_1_219' title='bbox 1459 2836 1584 2884; x_wconf 79' lang='lat' dir='ltr'><strong>Var.</strong></span> <span class='ocrx_word' id='word_1_220' title='bbox 1654 2834 1887 2884; x_wconf 87' lang='lat' dir='ltr'><strong>Florent.</strong></span> <span class='ocrx_word' id='word_1_221' title='bbox 1935 2831 2081 2881; x_wconf 79' lang='lat' dir='ltr'><strong>Leid.</strong></span> <span class='ocrx_word' id='word_1_222' title='bbox 2127 2838 2184 2881; x_wconf 89' lang='lat' dir='ltr'><strong>et</strong></span> <span class='ocrx_word' id='word_1_223' title='bbox 2229 2830 2380 2879; x_wconf 76' lang='lat' dir='ltr'><strong>Voss.</strong></span> <span class='ocrx_word' id='word_1_224' title='bbox 2426 2834 2474 2879; x_wconf 90' lang='lat'><strong>1.</strong></span> 
     </span>
     <span class='ocr_line' id='line_1_27' title="bbox 271 2891 2475 2958; baseline 0 -16"><span class='ocrx_word' id='word_1_225' title='bbox 271 2891 497 2945; x_wconf 68' lang='lat' dir='ltr'><strong>Pes-dican</strong></span> <span class='ocrx_word' id='word_1_226' title='bbox 513 2913 536 2955; x_wconf 92' lang='lat'><strong>,·</strong></span> <span class='ocrx_word' id='word_1_227' title='bbox 575 2897 689 2948; x_wconf 85' lang='lat' dir='ltr'><strong>Col.</strong></span> <span class='ocrx_word' id='word_1_228' title='bbox 725 2899 992 2949; x_wconf 78' lang='lat' dir='ltr'><strong>Per-dicam.</strong></span> <span class='ocrx_word' id='word_1_229' title='bbox 1057 2899 1226 2949; x_wconf 89' lang='lat' dir='ltr'><strong>Iidem</strong></span> <span class='ocrx_word' id='word_1_230' title='bbox 1252 2899 1407 2949; x_wconf 84' lang='lat' dir='ltr'><strong>codd.</strong></span> <span class='ocrx_word' id='word_1_231' title='bbox 1430 2914 1548 2949; x_wconf 89' lang='lat' dir='ltr'><strong>cum</strong></span> <span class='ocrx_word' id='word_1_232' title='bbox 1574 2901 1720 2949; x_wconf 80' lang='lat' dir='ltr'><strong>Voss.</strong></span> <span class='ocrx_word' id='word_1_233' title='bbox 1743 2903 1792 2948; x_wconf 82' lang='grc'><strong>2.</strong></span> <span class='ocrx_word' id='word_1_234' title='bbox 1814 2899 1938 2947; x_wconf 81' lang='lat' dir='ltr'><strong>Bas.</strong></span> <span class='ocrx_word' id='word_1_235' title='bbox 1975 2898 2109 2947; x_wconf 83' lang='lat' dir='ltr'><strong>Mer.</strong></span> <span class='ocrx_word' id='word_1_236' title='bbox 2131 2895 2287 2945; x_wconf 84' lang='lat' dir='ltr'><strong>Frob.</strong></span> <span class='ocrx_word' id='word_1_237' title='bbox 2307 2895 2475 2958; x_wconf 77' lang='lat' dir='ltr'><strong>Lugd.</strong></span> 
     </span>
     <span class='ocr_line' id='line_1_28' title="bbox 275 2957 2475 3033; baseline 0.003 -28"><span class='ocrx_word' id='word_1_238' title='bbox 275 2965 326 3033; x_wconf 64' lang='lat' dir='ltr'><strong>et</strong></span> <span class='ocrx_word' id='word_1_239' title='bbox 339 2957 502 3011; x_wconf 72' lang='lat' dir='ltr'><strong>Amet.</strong></span> <span class='ocrx_word' id='word_1_240' title='bbox 524 2962 866 3027; x_wconf 77' lang='lat' dir='ltr'><strong>Crateronque.</strong></span> <span class='ocrx_word' id='word_1_241' title='bbox 901 2965 1015 3014; x_wconf 76' lang='lat' dir='ltr'><strong>Pal.</strong></span> <span class='ocrx_word' id='word_1_242' title='bbox 1037 2969 1084 3014; x_wconf 89' lang='lat'><strong>1.</strong></span> <span class='ocrx_word' id='word_1_243' title='bbox 1103 2965 1419 3029; x_wconf 56' lang='lat' dir='ltr'><strong>perfecit—2</strong></span> <span class='ocrx_word' id='word_1_244' title='bbox 1443 2964 1590 3016; x_wconf 83' lang='lat' dir='ltr'><strong>Leid.</strong></span> <span class='ocrx_word' id='word_1_245' title='bbox 1610 2973 1664 3015; x_wconf 88' lang='lat' dir='ltr'><strong>et</strong></span> <span class='ocrx_word' id='word_1_246' title='bbox 1680 2966 1835 3014; x_wconf 79' lang='lat' dir='ltr'><strong>Voss.</strong></span> <span class='ocrx_word' id='word_1_247' title='bbox 1855 2968 1902 3013; x_wconf 91' lang='lat'><strong>1.</strong></span> <span class='ocrx_word' id='word_1_248' title='bbox 1921 2963 2055 3012; x_wconf 76' lang='lat' dir='ltr'><strong>suxis</strong></span> <span class='ocrx_word' id='word_1_249' title='bbox 2074 2962 2340 3027; x_wconf 76' lang='lat' dir='ltr'><strong>harenaque</strong></span> <span class='ocrx_word' id='word_1_250' title='bbox 2358 2976 2475 3027; x_wconf 76' lang='lat' dir='ltr'><strong>pup-</strong></span> 
     </span>
     <span class='ocr_line' id='line_1_29' title="bbox 270 3024 2479 3094; baseline 0 -20"><span class='ocrx_word' id='word_1_251' title='bbox 270 3036 351 3083; x_wconf 73' lang='grc' dir='ltr'><strong>ρις</strong></span> <span class='ocrx_word' id='word_1_252' title='bbox 382 3024 502 3075; x_wconf 87' lang='lat' dir='ltr'><strong>Ald.</strong></span> <span class='ocrx_word' id='word_1_253' title='bbox 524 3027 681 3078; x_wconf 88' lang='lat' dir='ltr'><strong>Frob.</strong></span> <span class='ocrx_word' id='word_1_254' title='bbox 717 3030 832 3079; x_wconf 88' lang='lat' dir='ltr'><strong>Col.</strong></span> <span class='ocrx_word' id='word_1_255' title='bbox 868 3031 1037 3094; x_wconf 84' lang='lat' dir='ltr'><strong>Lugd.</strong></span> <span class='ocrx_word' id='word_1_256' title='bbox 1073 3038 1130 3080; x_wconf 81' lang='lat' dir='ltr'><strong>et</strong></span> <span class='ocrx_word' id='word_1_257' title='bbox 1165 3031 1332 3081; x_wconf 85' lang='lat' dir='ltr'><strong>Amst.</strong></span> <span class='ocrx_word' id='word_1_258' title='bbox 1354 3046 1393 3081; x_wconf 79' lang='lat' dir='ltr'><strong>s.</strong></span> <span class='ocrx_word' id='word_1_259' title='bbox 1433 3032 1614 3080; x_wconf 76' lang='lat' dir='ltr'><strong>harena</strong></span> <span class='ocrx_word' id='word_1_260' title='bbox 1650 3046 1680 3079; x_wconf 81' lang='lat' dir='ltr'><strong><em>a</em></strong></span> <span class='ocrx_word' id='word_1_261' title='bbox 1713 3028 1878 3094; x_wconf 75' lang='lat' dir='ltr'><strong>puppi.</strong></span> <span class='ocrx_word' id='word_1_262' title='bbox 1943 3028 2091 3077; x_wconf 81' lang='lat' dir='ltr'><strong>Voss.</strong></span> <span class='ocrx_word' id='word_1_263' title='bbox 2131 3032 2182 3078; x_wconf 88' lang='lat'><strong>1.</strong></span> <span class='ocrx_word' id='word_1_264' title='bbox 2222 3028 2479 3091; x_wconf 72' lang='lat' dir='ltr'><strong>sulphura.</strong></span> 
     </span>
     <span class='ocr_line' id='line_1_30' title="bbox 274 3087 2476 3160; baseline 0.003 -25"><span class='ocrx_word' id='word_1_265' title='bbox 274 3087 393 3137; x_wconf 81' lang='lat' dir='ltr'><strong>Mox</strong></span> <span class='ocrx_word' id='word_1_266' title='bbox 413 3091 598 3143; x_wconf 89' lang='lat' dir='ltr'><strong>Modio</strong></span> <span class='ocrx_word' id='word_1_267' title='bbox 618 3100 674 3144; x_wconf 91' lang='lat' dir='ltr'><strong>et</strong></span> <span class='ocrx_word' id='word_1_268' title='bbox 698 3093 891 3145; x_wconf 88' lang='lat' dir='ltr'><strong>Heum.</strong></span> <span class='ocrx_word' id='word_1_269' title='bbox 917 3095 1144 3158; x_wconf 71' lang='lat' dir='ltr'><strong>placuit:</strong></span> <span class='ocrx_word' id='word_1_270' title='bbox 1167 3097 1311 3146; x_wconf 79' lang='lat' dir='ltr'><strong>remis</strong></span> <span class='ocrx_word' id='word_1_271' title='bbox 1332 3096 1709 3146; x_wconf 75' lang='lat' dir='ltr'><strong>concitaverunt.</strong></span> <span class='ocrx_word' id='word_1_272' title='bbox 1743 3095 1840 3160; x_wconf 82' lang='lat' dir='ltr'><strong>Ea,</strong></span> <span class='ocrx_word' id='word_1_273' title='bbox 1861 3095 2040 3157; x_wconf 55' lang='lat' dir='ltr'><strong>&amp;ce-3</strong></span> <span class='ocrx_word' id='word_1_274' title='bbox 2076 3092 2311 3143; x_wconf 76' lang='lat' dir='ltr'><strong>Florent-</strong></span> <span class='ocrx_word' id='word_1_275' title='bbox 2327 3089 2476 3141; x_wconf 81' lang='lat' dir='ltr'><strong>Leid.</strong></span> 
     </span>
     <span class='ocr_line' id='line_1_31' title="bbox 276 3154 2475 3223; baseline 0.002 -24"><span class='ocrx_word' id='word_1_276' title='bbox 276 3158 327 3200; x_wconf 90' lang='lat' dir='ltr'><strong>et</strong></span> <span class='ocrx_word' id='word_1_277' title='bbox 345 3154 487 3205; x_wconf 82' lang='lat' dir='ltr'><strong>Voss.</strong></span> <span class='ocrx_word' id='word_1_278' title='bbox 511 3163 566 3210; x_wconf 93' lang='lat'><strong>1.</strong></span> <span class='ocrx_word' id='word_1_279' title='bbox 588 3163 763 3210; x_wconf 54' lang='grc' dir='ltr'><strong>Βάτωνι</strong></span> <span class='ocrx_word' id='word_1_280' title='bbox 781 3175 945 3223; x_wconf 78' lang='lat' dir='ltr'><strong>prora.</strong></span> <span class='ocrx_word' id='word_1_281' title='bbox 981 3159 1099 3210; x_wconf 79' lang='lat' dir='ltr'><strong>Pal.</strong></span> <span class='ocrx_word' id='word_1_282' title='bbox 1137 3166 1184 3210; x_wconf 90' lang='lat'><strong>1.</strong></span> <span class='ocrx_word' id='word_1_283' title='bbox 1220 3177 1457 3211; x_wconf 77' lang='lat' dir='ltr'><strong>succensa.</strong></span> <span class='ocrx_word' id='word_1_284' title='bbox 1495 3160 1646 3211; x_wconf 86' lang='lat' dir='ltr'><strong>Leid.</strong></span> <span class='ocrx_word' id='word_1_285' title='bbox 1668 3161 1824 3211; x_wconf 81' lang='lat' dir='ltr'><strong>Voss.</strong></span> <span class='ocrx_word' id='word_1_286' title='bbox 1863 3165 1910 3208; x_wconf 87' lang='lat'><strong>1.</strong></span> <span class='ocrx_word' id='word_1_287' title='bbox 1947 3162 1999 3207; x_wconf 80' lang='grc'><strong>2.</strong></span> <span class='ocrx_word' id='word_1_288' title='bbox 2039 3158 2180 3208; x_wconf 81' lang='lat' dir='ltr'><strong>Pitb.</strong></span> <span class='ocrx_word' id='word_1_289' title='bbox 2218 3159 2388 3222; x_wconf 83' lang='lat' dir='ltr'><strong>Boug.</strong></span> <span class='ocrx_word' id='word_1_290' title='bbox 2422 3160 2475 3205; x_wconf 72' lang='lat'><strong>2.</strong></span> 
     </span>
     <span class='ocr_line' id='line_1_32' title="bbox 276 3215 2478 3289; baseline -0.001 -16"><span class='ocrx_word' id='word_1_291' title='bbox 276 3215 428 3284; x_wconf 73' lang='lat' dir='ltr'><strong>Lugd.</strong></span> <span class='ocrx_word' id='word_1_292' title='bbox 452 3230 509 3274; x_wconf 89' lang='lat' dir='ltr'><strong>et</strong></span> <span class='ocrx_word' id='word_1_293' title='bbox 548 3222 719 3276; x_wconf 77' lang='lat' dir='ltr'><strong>Amst.</strong></span> <span class='ocrx_word' id='word_1_294' title='bbox 739 3225 1000 3286; x_wconf 67' lang='lat' dir='ltr'><strong>deuieuaer25</strong></span> <span class='ocrx_word' id='word_1_295' title='bbox 1039 3226 1238 3277; x_wconf 79' lang='lat' dir='ltr'><strong>Faucb.</strong></span> <span class='ocrx_word' id='word_1_296' title='bbox 1258 3227 1523 3277; x_wconf 71' lang='lat' dir='ltr'><strong>dissiluere.</strong></span> <span class='ocrx_word' id='word_1_297' title='bbox 1594 3227 1724 3276; x_wconf 80' lang='lat' dir='ltr'><strong>Mox</strong></span> <span class='ocrx_word' id='word_1_298' title='bbox 1746 3226 1980 3276; x_wconf 86' lang='lat' dir='ltr'><strong>Florent.</strong></span> <span class='ocrx_word' id='word_1_299' title='bbox 2003 3232 2060 3274; x_wconf 86' lang='lat' dir='ltr'><strong>et</strong></span> <span class='ocrx_word' id='word_1_300' title='bbox 2081 3224 2253 3288; x_wconf 87' lang='lat' dir='ltr'><strong>Bong.</strong></span> <span class='ocrx_word' id='word_1_301' title='bbox 2275 3228 2325 3272; x_wconf 78' lang='grc'><strong>2.</strong></span> <span class='ocrx_word' id='word_1_302' title='bbox 2349 3222 2478 3289; x_wconf 70' lang='lat' dir='ltr'><strong>posi-</strong></span> 
     </span>
    </p>
   </div>
   <div class='ocr_carea' id='block_1_12' title="bbox 1169 3333 1485 3418">
    <p class='ocr_par' dir='ltr' id='par_1_12' title="bbox 1169 3333 1485 3418">
     <span class='ocr_line' id='line_1_33' title="bbox 1169 3333 1485 3418; baseline -0.013 0"><span class='ocrx_word' id='word_1_303' title='bbox 1169 3368 1180 3373; x_wconf 83' lang='grc'>·</span> <span class='ocrx_word' id='word_1_304' title='bbox 1269 3333 1485 3418; x_wconf 72' lang='lat' dir='ltr'><strong>Nom-2</strong></span> 
     </span>
    </p>
   </div>
   <div class='ocr_carea' id='block_1_13' title="bbox 273 3456 1341 4298">
    <p class='ocr_par' dir='ltr' id='par_1_13' title="bbox 273 3456 1336 3822">
     <span class='ocr_line' id='line_1_34' title="bbox 273 3456 1336 3532; baseline 0.01 -25"><span class='ocrx_word' id='word_1_305' title='bbox 273 3456 406 3521; x_wconf 70' lang='lat' dir='ltr'><strong>jactu</strong></span> <span class='ocrx_word' id='word_1_306' title='bbox 435 3464 542 3516; x_wconf 78' lang='lat' dir='ltr'><strong>tela</strong></span> <span class='ocrx_word' id='word_1_307' title='bbox 573 3473 876 3532; x_wconf 76' lang='lat' dir='ltr'><strong>nequeunt3</strong></span> <span class='ocrx_word' id='word_1_308' title='bbox 910 3472 924 3497; x_wconf 79' lang='lat'>⁸</span> <span class='ocrx_word' id='word_1_309' title='bbox 945 3471 1101 3516; x_wconf 80' lang='lat' dir='ltr'><strong>extra</strong></span> <span class='ocrx_word' id='word_1_310' title='bbox 1134 3462 1336 3527; x_wconf 86' lang='lat' dir='ltr'><strong>ictum,’</strong></span> 
     </span>
     <span class='ocr_line' id='line_1_35' title="bbox 283 3537 1333 3607; baseline 0.007 -22"><span class='ocrx_word' id='word_1_311' title='bbox 283 3537 377 3600; x_wconf 85' lang='lat' dir='ltr'><strong>qui,</strong></span> <span class='ocrx_word' id='word_1_312' title='bbox 396 3540 624 3604; x_wconf 78' lang='lat' dir='ltr'><strong>quamvis</strong></span> <span class='ocrx_word' id='word_1_313' title='bbox 646 3540 783 3592; x_wconf 82' lang='lat' dir='ltr'><strong>intra</strong></span> <span class='ocrx_word' id='word_1_314' title='bbox 801 3543 1005 3607; x_wconf 77' lang='lat' dir='ltr'><strong>jactum</strong></span> <span class='ocrx_word' id='word_1_315' title='bbox 1029 3542 1189 3607; x_wconf 85' lang='lat' dir='ltr'><strong>positi</strong></span> <span class='ocrx_word' id='word_1_316' title='bbox 1210 3541 1333 3599; x_wconf 77' lang='lat' dir='ltr'><strong>sint,</strong></span> 
     </span>
     <span class='ocr_line' id='line_1_36' title="bbox 284 3612 1334 3684; baseline 0.007 -24"><span class='ocrx_word' id='word_1_317' title='bbox 284 3613 344 3661; x_wconf 78' lang='lat' dir='ltr'><strong>ab</strong></span> <span class='ocrx_word' id='word_1_318' title='bbox 361 3612 463 3665; x_wconf 87' lang='lat' dir='ltr'><strong>ictu</strong></span> <span class='ocrx_word' id='word_1_319' title='bbox 487 3624 662 3668; x_wconf 76' lang='lat' dir='ltr'><strong>tamen</strong></span> <span class='ocrx_word' id='word_1_320' title='bbox 680 3618 1051 3684; x_wconf 81' lang='lat' dir='ltr'><strong>defenduntur,</strong></span> <span class='ocrx_word' id='word_1_321' title='bbox 1062 3634 1153 3668; x_wconf 78' lang='lat' dir='ltr'><strong>seu</strong></span> <span class='ocrx_word' id='word_1_322' title='bbox 1173 3632 1334 3680; x_wconf 78' lang='lat' dir='ltr'><strong>muro,</strong></span> 
     </span>
     <span class='ocr_line' id='line_1_37' title="bbox 285 3687 1334 3761; baseline 0.011 -27"><span class='ocrx_word' id='word_1_323' title='bbox 285 3687 381 3737; x_wconf 79' lang='lat' dir='ltr'><strong>sive</strong></span> <span class='ocrx_word' id='word_1_324' title='bbox 403 3692 627 3758; x_wconf 82' lang='lat' dir='ltr'><strong>objectis</strong></span> <span class='ocrx_word' id='word_1_325' title='bbox 653 3696 801 3761; x_wconf 77' lang='lat' dir='ltr'><strong>velis,</strong></span> <span class='ocrx_word' id='word_1_326' title='bbox 826 3697 1007 3761; x_wconf 71' lang='lat' dir='ltr'><strong>&#39;coi-iis,</strong></span> <span class='ocrx_word' id='word_1_327' title='bbox 1030 3700 1129 3747; x_wconf 59' lang='lat' dir='ltr'><strong>eze.</strong></span> <span class='ocrx_word' id='word_1_328' title='bbox 1168 3703 1228 3745; x_wconf 86' lang='lat' dir='ltr'><strong>ut</strong></span> <span class='ocrx_word' id='word_1_329' title='bbox 1251 3695 1334 3746; x_wconf 84' lang='lat' dir='ltr'><strong>bic</strong></span> 
     </span>
     <span class='ocr_line' id='line_1_38' title="bbox 286 3762 812 3822; baseline 0.019 -10"><span class='ocrx_word' id='word_1_330' title='bbox 286 3762 469 3820; x_wconf 73' lang='lat' dir='ltr'><strong>factum</strong></span> <span class='ocrx_word' id='word_1_331' title='bbox 490 3779 589 3822; x_wconf 81' lang='lat' dir='ltr'><strong>est.</strong></span> <span class='ocrx_word' id='word_1_332' title='bbox 809 3803 812 3808; x_wconf 94' lang='lat'>-</span> 
     </span>
    </p>

    <p class='ocr_par' dir='ltr' id='par_1_14' title="bbox 292 3844 1341 4298">
     <span class='ocr_line' id='line_1_39' title="bbox 343 3844 1337 3914; baseline 0.001 -19"><span class='ocrx_word' id='word_1_333' title='bbox 343 3844 360 3876; x_wconf 59' lang='lat' dir='ltr'><strong>t</strong></span> <span class='ocrx_word' id='word_1_334' title='bbox 389 3845 621 3914; x_wconf 77' lang='lat' dir='ltr'><strong>Arabum]</strong></span> <span class='ocrx_word' id='word_1_335' title='bbox 655 3851 767 3901; x_wconf 78' lang='lat' dir='ltr'><strong>Etsi</strong></span> <span class='ocrx_word' id='word_1_336' title='bbox 791 3848 1073 3900; x_wconf 80' lang='lat' dir='ltr'><strong>Antilibani</strong></span> <span class='ocrx_word' id='word_1_337' title='bbox 1092 3847 1337 3913; x_wconf 77' lang='lat' dir='ltr'><strong>pai-silla,</strong></span> 
     </span>
     <span class='ocr_line' id='line_1_40' title="bbox 292 3925 1337 3994; baseline 0.004 -23"><span class='ocrx_word' id='word_1_338' title='bbox 292 3934 396 3985; x_wconf 80' lang='lat' dir='ltr'><strong>quae</strong></span> <span class='ocrx_word' id='word_1_339' title='bbox 417 3925 658 3979; x_wconf 88' lang='lat' dir='ltr'><strong>Sidonem</strong></span> <span class='ocrx_word' id='word_1_340' title='bbox 678 3936 732 3978; x_wconf 90' lang='lat' dir='ltr'><strong>et</strong></span> <span class='ocrx_word' id='word_1_341' title='bbox 748 3930 943 3994; x_wconf 85' lang='lat' dir='ltr'><strong>Tyrum</strong></span> <span class='ocrx_word' id='word_1_342' title='bbox 967 3934 1194 3993; x_wconf 84' lang='lat' dir='ltr'><strong>spectat,</strong></span> <span class='ocrx_word' id='word_1_343' title='bbox 1213 3927 1337 3976; x_wconf 84' lang='lat' dir='ltr'><strong>satis</strong></span> 
     </span>
     <span class='ocr_line' id='line_1_41' title="bbox 293 3996 1340 4063; baseline 0.004 -16"><span class='ocrx_word' id='word_1_344' title='bbox 293 3996 432 4063; x_wconf 82' lang='lat' dir='ltr'><strong>longo</strong></span> <span class='ocrx_word' id='word_1_345' title='bbox 455 4002 723 4054; x_wconf 81' lang='lat' dir='ltr'><strong>intervallo</strong></span> <span class='ocrx_word' id='word_1_346' title='bbox 742 4020 772 4054; x_wconf 80' lang='lat' dir='ltr'><strong>a</strong></span> <span class='ocrx_word' id='word_1_347' title='bbox 793 4019 920 4054; x_wconf 80' lang='lat' dir='ltr'><strong>vera</strong></span> <span class='ocrx_word' id='word_1_348' title='bbox 944 4003 1103 4053; x_wconf 75' lang='lat' dir='ltr'><strong>distat</strong></span> <span class='ocrx_word' id='word_1_349' title='bbox 1128 4001 1340 4063; x_wconf 85' lang='lat' dir='ltr'><strong>Arabia,</strong></span> 
     </span>
     <span class='ocr_line' id='line_1_42' title="bbox 295 4076 1339 4145; baseline 0.01 -25"><span class='ocrx_word' id='word_1_350' title='bbox 295 4076 452 4124; x_wconf 67' lang='lat' dir='ltr'><strong>tamen</strong></span> <span class='ocrx_word' id='word_1_351' title='bbox 475 4077 698 4129; x_wconf 81' lang='lat' dir='ltr'><strong>Arabum</strong></span> <span class='ocrx_word' id='word_1_352' title='bbox 725 4081 980 4130; x_wconf 79' lang='lat' dir='ltr'><strong>latronum</strong></span> <span class='ocrx_word' id='word_1_353' title='bbox 1006 4080 1339 4145; x_wconf 82' lang='lat' dir='ltr'><strong>receptacula</strong></span> 
     </span>
     <span class='ocr_line' id='line_1_43' title="bbox 293 4145 1341 4221; baseline 0.008 -24"><span class='ocrx_word' id='word_1_354' title='bbox 293 4145 475 4217; x_wconf 71' lang='lat' dir='ltr'><strong>habuit,</strong></span> <span class='ocrx_word' id='word_1_355' title='bbox 514 4153 567 4204; x_wconf 88' lang='lat' dir='ltr'><strong>in</strong></span> <span class='ocrx_word' id='word_1_356' title='bbox 610 4171 741 4221; x_wconf 83' lang='lat' dir='ltr'><strong>qnos</strong></span> <span class='ocrx_word' id='word_1_357' title='bbox 792 4156 986 4207; x_wconf 82' lang='lat' dir='ltr'><strong>ducens</strong></span> <span class='ocrx_word' id='word_1_358' title='bbox 1037 4156 1341 4207; x_wconf 74' lang='lat' dir='ltr'><strong>Alexander</strong></span> 
     </span>
     <span class='ocr_line' id='line_1_44' title="bbox 301 4232 1295 4298; baseline 0.006 -20"><span class='ocrx_word' id='word_1_359' title='bbox 301 4235 559 4291; x_wconf 78' lang='lat' dir='ltr'><strong>propterea</strong></span> <span class='ocrx_word' id='word_1_360' title='bbox 580 4232 772 4283; x_wconf 83' lang='lat' dir='ltr'><strong>dicitur</strong></span> <span class='ocrx_word' id='word_1_361' title='bbox 794 4233 1039 4286; x_wconf 81' lang='lat' dir='ltr'><strong>Arabiam</strong></span> <span class='ocrx_word' id='word_1_362' title='bbox 1064 4233 1295 4298; x_wconf 76' lang='lat' dir='ltr'><strong>petiisse.</strong></span> 
     </span>
    </p>
   </div>
   <div class='ocr_carea' id='block_1_14' title="bbox 304 4308 1341 4390">
    <p class='ocr_par' dir='ltr' id='par_1_15' title="bbox 304 4308 1341 4390">
     <span class='ocr_line' id='line_1_45' title="bbox 304 4308 1341 4390; baseline 0.004 -33"><span class='ocrx_word' id='word_1_363' title='bbox 304 4312 309 4318; x_wconf 82' lang='lat'><strong><em>&#39;</em></strong></span> <span class='ocrx_word' id='word_1_364' title='bbox 357 4311 384 4340; x_wconf 68' lang='lat'>²</span> <span class='ocrx_word' id='word_1_365' title='bbox 414 4308 542 4362; x_wconf 74' lang='lat' dir='ltr'><strong>Inter</strong></span> <span class='ocrx_word' id='word_1_366' title='bbox 561 4311 682 4377; x_wconf 68' lang='lat' dir='ltr'><strong>hee]</strong></span> <span class='ocrx_word' id='word_1_367' title='bbox 725 4311 975 4390; x_wconf 79' lang='lat' dir='ltr'><strong>Arrianus</strong></span> <span class='ocrx_word' id='word_1_368' title='bbox 1000 4319 1175 4363; x_wconf 85' lang='lat' dir='ltr'><strong>tamen</strong></span> <span class='ocrx_word' id='word_1_369' title='bbox 1198 4312 1341 4378; x_wconf 83' lang='lat' dir='ltr'><strong>prius</strong></span> 
     </span>
    </p>
   </div>
   <div class='ocr_carea' id='block_1_15' title="bbox 1412 3455 2492 4374">
    <p class='ocr_par' dir='ltr' id='par_1_16' title="bbox 1412 3455 2487 3911">
     <span class='ocr_line' id='line_1_46' title="bbox 1413 3455 2484 3527; baseline -0.006 -15"><span class='ocrx_word' id='word_1_370' title='bbox 1413 3463 1630 3512; x_wconf 82' lang='lat' dir='ltr'><strong>incensa</strong></span> <span class='ocrx_word' id='word_1_371' title='bbox 1644 3476 1807 3527; x_wconf 82' lang='lat' dir='ltr'><strong>opera</strong></span> <span class='ocrx_word' id='word_1_372' title='bbox 1825 3473 2161 3524; x_wconf 80' lang='lat' dir='ltr'><strong>eversamque</strong></span> <span class='ocrx_word' id='word_1_373' title='bbox 2174 3458 2361 3508; x_wconf 90' lang='lat' dir='ltr'><strong>molem</strong></span> <span class='ocrx_word' id='word_1_374' title='bbox 2382 3455 2484 3521; x_wconf 80' lang='lat' dir='ltr'><strong>sig·</strong></span> 
     </span>
     <span class='ocr_line' id='line_1_47' title="bbox 1412 3533 2481 3604; baseline -0.007 -14"><span class='ocrx_word' id='word_1_375' title='bbox 1412 3539 1613 3603; x_wconf 76' lang='lat' dir='ltr'><strong>nificat,</strong></span> <span class='ocrx_word' id='word_1_376' title='bbox 1656 3555 1812 3604; x_wconf 81' lang='lat' dir='ltr'><strong>quam</strong></span> <span class='ocrx_word' id='word_1_377' title='bbox 1851 3535 2150 3600; x_wconf 76' lang='lat' dir='ltr'><strong>Alexander</strong></span> <span class='ocrx_word' id='word_1_378' title='bbox 2181 3535 2237 3585; x_wconf 87' lang='lat' dir='ltr'><strong>in</strong></span> <span class='ocrx_word' id='word_1_379' title='bbox 2280 3533 2481 3584; x_wconf 79' lang='lat' dir='ltr'><strong>Arabes</strong></span> 
     </span>
     <span class='ocr_line' id='line_1_48' title="bbox 1413 3610 2485 3681; baseline -0.006 -16"><span class='ocrx_word' id='word_1_380' title='bbox 1413 3623 1747 3679; x_wconf 81' lang='lat' dir='ltr'><strong>excurreret;</strong></span> <span class='ocrx_word' id='word_1_381' title='bbox 1768 3629 1936 3681; x_wconf 87' lang='lat' dir='ltr'><strong>eoque</strong></span> <span class='ocrx_word' id='word_1_382' title='bbox 1952 3612 2242 3678; x_wconf 81' lang='lat' dir='ltr'><strong>profectum</strong></span> <span class='ocrx_word' id='word_1_383' title='bbox 2262 3610 2485 3674; x_wconf 74' lang='lat' dir='ltr'><strong>intereo,</strong></span> 
     </span>
     <span class='ocr_line' id='line_1_49' title="bbox 1415 3688 2487 3751; baseline -0.003 -9"><span class='ocrx_word' id='word_1_384' title='bbox 1415 3692 1539 3742; x_wconf 86' lang='lat' dir='ltr'><strong>dum</strong></span> <span class='ocrx_word' id='word_1_385' title='bbox 1577 3706 1723 3742; x_wconf 83' lang='lat' dir='ltr'><strong>novae</strong></span> <span class='ocrx_word' id='word_1_386' title='bbox 1757 3691 2012 3741; x_wconf 72' lang='lat' dir='ltr'><strong>machinae</strong></span> <span class='ocrx_word' id='word_1_387' title='bbox 2043 3688 2409 3751; x_wconf 86' lang='lat' dir='ltr'><strong>conficiuntur,</strong></span> <span class='ocrx_word' id='word_1_388' title='bbox 2430 3694 2487 3739; x_wconf 83' lang='lat' dir='ltr'><strong>et</strong></span> 
     </span>
     <span class='ocr_line' id='line_1_50' title="bbox 1414 3766 2487 3831; baseline -0.004 -11"><span class='ocrx_word' id='word_1_389' title='bbox 1414 3786 1576 3820; x_wconf 81' lang='lat' dir='ltr'><strong>naves</strong></span> <span class='ocrx_word' id='word_1_390' title='bbox 1602 3770 1944 3831; x_wconf 82' lang='lat' dir='ltr'><strong>instruuntur,</strong></span> <span class='ocrx_word' id='word_1_391' title='bbox 1960 3767 2200 3819; x_wconf 86' lang='lat' dir='ltr'><strong>undecim</strong></span> <span class='ocrx_word' id='word_1_392' title='bbox 2215 3766 2330 3817; x_wconf 83' lang='lat' dir='ltr'><strong>dies</strong></span> <span class='ocrx_word' id='word_1_393' title='bbox 2351 3766 2403 3817; x_wconf 89' lang='lat' dir='ltr'><strong>iu</strong></span> <span class='ocrx_word' id='word_1_394' title='bbox 2421 3779 2487 3817; x_wconf 73' lang='lat' dir='ltr'><strong>en</strong></span> 
     </span>
     <span class='ocr_line' id='line_1_51' title="bbox 1417 3844 2033 3911; baseline -0.006 -14"><span class='ocrx_word' id='word_1_395' title='bbox 1417 3846 1752 3911; x_wconf 77' lang='lat' dir='ltr'><strong>expeditione</strong></span> <span class='ocrx_word' id='word_1_396' title='bbox 1778 3844 2033 3909; x_wconf 78' lang='lat' dir='ltr'><strong>posuisse.</strong></span> 
     </span>
    </p>

    <p class='ocr_par' dir='ltr' id='par_1_17' title="bbox 1419 3919 2492 4374">
     <span class='ocr_line' id='line_1_52' title="bbox 1481 3919 2488 3986; baseline -0.004 -14"><span class='ocrx_word' id='word_1_397' title='bbox 1481 3923 1506 3958; x_wconf 80' lang='lat'><strong>¹³</strong></span> <span class='ocrx_word' id='word_1_398' title='bbox 1541 3922 1755 3985; x_wconf 81' lang='lat' dir='ltr'><strong>Navem]</strong></span> <span class='ocrx_word' id='word_1_399' title='bbox 1791 3921 1961 3986; x_wconf 84' lang='lat' dir='ltr'><strong>Hujus</strong></span> <span class='ocrx_word' id='word_1_400' title='bbox 1985 3919 2318 3971; x_wconf 79' lang='lat' dir='ltr'><strong>incendiariae</strong></span> <span class='ocrx_word' id='word_1_401' title='bbox 2341 3919 2488 3969; x_wconf 79' lang='lat' dir='ltr'><strong>navis</strong></span> 
     </span>
     <span class='ocr_line' id='line_1_53' title="bbox 1420 3997 2488 4066; baseline -0.005 -15"><span class='ocrx_word' id='word_1_402' title='bbox 1420 4007 1752 4066; x_wconf 81' lang='lat' dir='ltr'><strong>apparatum,</strong></span> <span class='ocrx_word' id='word_1_403' title='bbox 1768 3999 2039 4064; x_wconf 84' lang='lat' dir='ltr'><strong>sparsique</strong></span> <span class='ocrx_word' id='word_1_404' title='bbox 2058 3997 2173 4063; x_wconf 75' lang='lat' dir='ltr'><strong>ejus</strong></span> <span class='ocrx_word' id='word_1_405' title='bbox 2192 4011 2293 4062; x_wconf 89' lang='lat' dir='ltr'><strong>ope</strong></span> <span class='ocrx_word' id='word_1_406' title='bbox 2310 3997 2488 4046; x_wconf 85' lang='lat' dir='ltr'><strong>incen-</strong></span> 
     </span>
     <span class='ocr_line' id='line_1_54' title="bbox 1419 4074 2491 4128; baseline -0.006 0"><span class='ocrx_word' id='word_1_407' title='bbox 1419 4078 1494 4128; x_wconf 89' lang='lat' dir='ltr'><strong>dii</strong></span> <span class='ocrx_word' id='word_1_408' title='bbox 1518 4078 1723 4128; x_wconf 87' lang='lat' dir='ltr'><strong>modum</strong></span> <span class='ocrx_word' id='word_1_409' title='bbox 1769 4076 2062 4127; x_wconf 78' lang='lat' dir='ltr'><strong>accuratius</strong></span> <span class='ocrx_word' id='word_1_410' title='bbox 2103 4075 2357 4128; x_wconf 82' lang='lat' dir='ltr'><strong>describit</strong></span> <span class='ocrx_word' id='word_1_411' title='bbox 2391 4074 2491 4124; x_wconf 90' lang='lat' dir='ltr'><strong>Ar-</strong></span> 
     </span>
     <span class='ocr_line' id='line_1_55' title="bbox 1421 4151 2492 4221; baseline -0.007 -15"><span class='ocrx_word' id='word_1_412' title='bbox 1421 4156 1596 4207; x_wconf 79' lang='lat' dir='ltr'><strong>rianus</strong></span> <span class='ocrx_word' id='word_1_413' title='bbox 1617 4156 1706 4207; x_wconf 88' lang='lat' dir='ltr'><strong>lib.</strong></span> <span class='ocrx_word' id='word_1_414' title='bbox 1724 4169 1788 4206; x_wconf 77' lang='grc' dir='ltr'><strong>ιι.</strong></span> <span class='ocrx_word' id='word_1_415' title='bbox 1828 4155 1919 4221; x_wconf 86' lang='lat' dir='ltr'><strong>qui</strong></span> <span class='ocrx_word' id='word_1_416' title='bbox 1953 4151 2251 4216; x_wconf 69' lang='grc' dir='ltr'><strong>ἱππαγωγὸν,</strong></span> <span class='ocrx_word' id='word_1_417' title='bbox 2270 4152 2367 4202; x_wconf 90' lang='lat' dir='ltr'><strong>hoc</strong></span> <span class='ocrx_word' id='word_1_418' title='bbox 2390 4157 2492 4208; x_wconf 88' lang='lat' dir='ltr'><strong>est,</strong></span> 
     </span>
     <span class='ocr_line' id='line_1_56' title="bbox 1419 4225 2491 4297; baseline -0.009 -13"><span class='ocrx_word' id='word_1_419' title='bbox 1419 4234 1596 4284; x_wconf 79' lang='lat' dir='ltr'><strong>navim</strong></span> <span class='ocrx_word' id='word_1_420' title='bbox 1619 4231 1866 4283; x_wconf 84' lang='lat' dir='ltr'><strong>vehendis</strong></span> <span class='ocrx_word' id='word_1_421' title='bbox 1901 4231 2047 4297; x_wconf 83' lang='lat' dir='ltr'><strong>equis</strong></span> <span class='ocrx_word' id='word_1_422' title='bbox 2070 4230 2383 4281; x_wconf 77' lang='lat' dir='ltr'><strong>destinatam</strong></span> <span class='ocrx_word' id='word_1_423' title='bbox 2406 4225 2491 4274; x_wconf 83' lang='lat' dir='ltr'><strong>fu·</strong></span> 
     </span>
     <span class='ocr_line' id='line_1_57' title="bbox 1423 4302 2492 4374; baseline -0.009 -13"><span class='ocrx_word' id='word_1_424' title='bbox 1423 4312 1527 4362; x_wconf 81' lang='lat' dir='ltr'><strong>isse</strong></span> <span class='ocrx_word' id='word_1_425' title='bbox 1545 4309 1783 4363; x_wconf 73' lang='lat' dir='ltr'><strong>affluunt.</strong></span> <span class='ocrx_word' id='word_1_426' title='bbox 1823 4308 2027 4361; x_wconf 80' lang='lat' dir='ltr'><strong>Groecis</strong></span> <span class='ocrx_word' id='word_1_427' title='bbox 2046 4320 2251 4374; x_wconf 84' lang='lat' dir='ltr'><strong>quoque</strong></span> <span class='ocrx_word' id='word_1_428' title='bbox 2264 4302 2492 4368; x_wconf 67' lang='grc' dir='ltr'><strong>ἔππηγὸς,</strong></span> 
     </span>
    </p>
   </div>
  </div>
 </body>
</html>
