2978 4933
805 409 922 459 οι..
970 411 1159 460 oxu.
1205 394 1271 459 1.
1347 412 1419 460 A.
1462 411 1588 461 cn.
1642 412 1716 460 N.
1767 394 1921 463 331.
2334 400 2466 467 269

276 554 387 618 nit.
468 554 531 621 3.
595 555 883 635 Deinde,
956 555 1385 642 pedestribus
1438 554 1661 641 copiis
1711 560 1731 591 ‘
1757 554 2163 622 Pelusiumb
2207 566 2466 643 petere'

270 657 498 744 jussiS,
547 660 694 744 ipse
755 679 907 725 cum
953 659 1277 744 expedita
1320 659 1733 725 delectorum
1786 680 1988 726 manu
2020 659 2090 725 N
2093 660 2226 727 iloc
2275 683 2466 729 amne

275 768 495 828 vectus
537 767 680 827 est:
724 782 846 828 nec
887 763 1267 828 sustinuere
1312 761 1678 828 adventum
1729 761 1878 847 ejus
1930 763 2197 848 Persae3
2247 765 2466 833 defec-

274 863 444 930 tione
476 859 748 950 quoque
777 868 1127 950 perterriti.
1216 869 1284 933 4.
1325 867 1614 952 Jamque
1646 867 1828 933 haud
1874 869 2109 954 procul
2160 868 2465 955 Memphi

275 974 442 1034 erat:
486 971 553 1033 in
611 968 810 1054 cujus
870 968 1192 1055 praesidio
1253 970 1577 1036 Mazaces
1625 980 1872 1056 praetor
1927 971 2120 1037 Darii
2169 973 2464 1053 relictuS,

276 1069 452 1138 Orio*¹
494 1089 687 1139 amne
738 1080 1080 1157 superato,
1138 1075 1518 1158 octingenta
1570 1075 1820 1140 talenta
1866 1073 2279 1155 Alexandro,
2321 1096 2464 1143 om-

269 1195 543 1262 nemque
620 1177 881 1260 regiam
933 1178 1418 1263 supellectilem
1476 1177 1774 1246 tradidit.
1891 1183 1955 1245 5.
2026 1179 2096 1245 A
2149 1178 2464 1266 Memphi

271 1279 497 1346 eodem
525 1281 796 1346 flumine
825 1288 1088 1360 vectus,
1120 1281 1208 1345 ad
1238 1281 1548 1346 interiora
1595 1281 1878 1367 AEgypti
1921 1287 2245 1365 penetrat,
2281 1303 2465 1349 com-

272 1385 646 1471 positisque
684 1387 882 1451 rebus
913 1385 1036 1464 ita,
1080 1391 1156 1451 ut
1182 1384 1349 1450 nihil
1380 1405 1471 1449 ex
1517 1386 1736 1471 patrio
1765 1387 2242 1470 AEgyptiorum
2279 1407 2463 1453 more

1172 1574 1202 1597 O
1209 1574 1540 1597 OOOOOOOOOO

265 1715 501 1773 postquam
522 1724 555 1758 α
576 1710 829 1760 Gema—3
850 1707 972 1760 Ald.
992 1709 1236 1760 Pelusium
1254 1709 1481 1775 ajune.
1518 1711 1764 1762 Heinsius
1788 1711 1927 1774 conj.
1947 1711 2061 1761 Nilo
2075 1725 2211 1761 amne
2225 1711 2468 1762 subvectus

265 1780 444 1826 enh—4
470 1776 576 1826 Pro
596 1775 820 1825 Mazaces
843 1776 1011 1839 vulgg.
1034 1775 1235 1827 Astaces
1248 1793 1266 1835 ,·
1292 1777 1407 1826 Pal.
1430 1782 1476 1826 1.
1502 1777 1701 1836 Staces‚·
1719 1777 1950 1827 Florent.
1971 1783 2026 1826 et
2042 1778 2246 1826 Voss.l.
2269 1777 2465 1827 Astaca.

265 1840 423 1904 Bong.
444 1841 638 1890 babet:
674 1842 875 1891 Astaces
894 1858 967 1906 pr.
993 1838 1141 1891 Dar-ii
1160 1857 1180 1901 ,·
1200 1842 1397 1892 Fauch.
1415 1841 1483 1892 A.
1506 1849 1644 1906 pater
1668 1843 1846 1901 Darii3
1867 1842 2014 1891 Leid.
2037 1841 2237 1892 Astaces
2256 1857 2287 1891 a
2309 1843 2466 1892 Dario

265 1901 467 1970 relictus,
510 1907 700 1956 omisso
729 1912 925 1970 pretor.
1003 1907 1189 1957 Multae
1233 1908 1352 1957 edd.
1406 1909 1534 1956 Oxio
1579 1923 1714 1957 amne
1728 1923 1749 1966 ,⁰
1798 1909 1965 1970 Bong.
1986 1908 2205 1958 Theocr.
2231 1908 2466 1957 Floreat.

265 1969 404 2023 Leid.
426 1979 482 2022 et
506 1973 662 2022 Voss.
682 1975 730 2021 1.
752 1975 802 2021 2.
840 1973 973 2021 Oron
994 1987 1163 2031 amne3
1195 1973 1333 2025 Mer.
1352 1973 1509 2023 Orion
1527 1988 1664 2022 amne
1674 1989 1694 2032 ‚-
1729 1973 1896 2037 Lugd.
1932 1981 1986 2022 et
2009 1972 2178 2022 Amst.
2219 1972 2466 2023 omittunt

269 2036 397 2085 Orio.
463 2037 701 2086 Freinsb.
744 2038 884 2102 conj.
919 2037 1040 2087 ostio
1076 2039 1251 2102 amnis,
1290 2038 1699 2102 improbantibus
1735 2040 1895 2089 Cunz.
1936 2043 1991 2088 et
2022 2037 2344 2088 Schmieder.
2376 2039 2466 2103 qui

264 2101 673 2153 emendationem
717 2101 910 2153 ortelii
952 2102 1293 2153 rectissimam
1338 2111 1560 2168 putant:
1616 2119 1758 2168 ocyus
1798 2119 1953 2154 amne.
2045 2103 2278 2153 ortelius
2326 2104 2467 2168 conj.

266 2168 441 2218 etiamz
478 2169 621 2218 hocce
640 2183 794 2218 amne.
853 2170 868 2197 ‘
891 2167 945 2218 Si
973 2168 1182 2219 Curtius
1204 2184 1393 2219 nomen
1417 2171 1584 2219 amnis
1603 2170 1833 2233 scripsit,
1855 2184 1956 2219 non
1981 2168 2241 2218 intellexit
2263 2169 2466 2218 alveum

266 2232 366 2282 Nili
388 2234 573 2298 ipsius,
595 2233 690 2284 sed
714 2232 968 2298 canalem,
987 2233 1124 2284 forte
1146 2250 1283 2294 eum,
1305 2235 1396 2299 qui
1417 2250 1481 2284 ex
1502 2237 1550 2286 N
1557 2236 1646 2297 ilo,
1671 2242 1950 2299 autequam
1974 2234 2241 2295 dividitur,
2264 2233 2469 2284 deriva-

266 2303 343 2348 tus
362 2307 533 2350 ortum
560 2314 741 2349 versus
766 2308 962 2364 praeter
983 2300 1196 2350 Heroon
1224 2301 1405 2350 urbem
1429 2302 1480 2351 in
1506 2301 1669 2349 sinum
1696 2300 1978 2350 Arabicum
2000 2297 2287 2350 ferebatur.
2312 2300 2464 2357 *Cum

263 2364 391 2413 enim
415 2363 718 2415 Alexander
742 2380 773 2414 a
797 2364 1010 2415 Pelusio
1035 2364 1339 2430 Heliopolin
1365 2367 1727 2429 contenderet,
1752 2366 2003 2428 Mazacae,
2026 2380 2091 2414 ex
2116 2364 2354 2430 Memphi
2377 2366 2466 2416 ob-

264 2428 390 2481 viam
414 2431 586 2494 eunt-i,
608 2435 806 2495 praeter
829 2431 1001 2482 Nilum
1023 2430 1121 2481 iste
1145 2446 1350 2497 quoque
1374 2432 1573 2484 canalis
1597 2431 1943 2482 transeundus
1966 2440 2098 2483 erat.
2149 2431 2268 2483 »Qui
2295 2438 2467 2482 utrum

264 2495 279 2521 ‘
300 2495 509 2548 Heroon
537 2496 730 2548 amnis'
759 2497 851 2563 (ex
878 2512 978 2562 quo
1004 2498 1174 2547 Curtii
1202 2499 1335 2547 Oron
1357 2498 1516 2547 amnis
1548 2505 1848 2562 corruptum
1888 2496 2056 2561 esset)
2094 2496 2266 2547 dictus
2290 2495 2468 2555 fuerit,

260 2560 377 2611 mihi
398 2576 499 2612 non
525 2568 759 2613 constat.
823 2563 881 2613 Si
906 2576 1047 2624 vero,
1071 2563 1205 2613 utin
1228 2562 1429 2613 duobus
1451 2563 1628 2627 editis,
1648 2578 1751 2612 vox
1778 2562 1897 2612 Orio
1918 2562 2195 2624 omittitur,
2230 2569 2341 2613 tum
2373 2564 2468 2612 sub

261 2640 389 2675 mnne
423 2628 795 2691 intelligendus
848 2635 933 2678 est
989 2628 1142 2678 Nilus
1183 2628 1318 2692 ipse,
1360 2628 1425 2677 ad
1465 2629 1610 2692 cujus
1648 2629 1830 2678 laevam
1873 2628 1975 2677 sita
2013 2636 2128 2677 erat
2167 2627 2470 2691 Memphis.'

263 2690 549 2745 Schmieder.
622 2694 793 2758 Bong.
821 2693 1121 2755 octinginta3
1153 2695 1307 2744 Voss.
1331 2698 1382 2743 2.
1417 2702 1472 2744 et
1500 2694 1636 2744 Mer.
1661 2693 2014 2756 octoginta.—5
2050 2695 2199 2750 Voss.
2222 2696 2270 2741 2.
2307 2698 2469 2743 vectus

261 2756 502 2827 interiora,
529 2760 719 2809 omissa
740 2759 1125 2824 praepositione.
1191 2758 1207 2785 ‘
1229 2760 1482 2823 Legerem
1507 2760 1559 2808 in
1583 2761 1808 2809 Nostro:
1832 2760 1895 2808 ad
1915 2757 2162 2819 inferiora,
2185 2757 2225 2806 si
2251 2758 2467 2808 verbum

253 2818 269 2846 ‘
294 2832 575 2887 penetrare
591 2823 606 2847 ’
639 2839 789 2890 aeque
813 2824 864 2873 in
886 2823 1120 2885 inferiora
1155 2838 1217 2873 ac
1255 2824 1309 2873 in
1347 2824 1577 2874 interiora
1613 2825 1915 2889 quadraret,
1937 2831 1991 2873 et
2014 2824 2111 2872 nisi
2135 2824 2345 2874 Curtius
2369 2825 2396 2888 ἦ
2420 2827 2469 2873 9.

262 2889 455 2941 veriora
489 2893 609 2957 ipse
647 2889 911 2941 narraret)
945 2888 1235 2940 Schmieder.
1306 2887 1455 2941 Voss.
1476 2893 1526 2941 2.
1561 2904 1623 2940 ex
1652 2890 1810 2954 patrio
1843 2889 1982 2941 nihil.
2047 2889 2324 2954 Pleraeque
2346 2888 2467 2937 edd.

1248 3053 1297 3105 N
1305 3054 1463 3106 01·AE

260 3183 410 3252 bique
434 3186 617 3237 Castra
638 3184 743 3236 diei
761 3184 1004 3236 debuisse
1027 3185 1154 3235 satis
1170 3200 1320 3250 apera
1403 3187 1489 3238 De
1510 3187 1624 3252 ejus
1647 3186 1979 3237 incrementis
2003 3186 2299 3250 ceterisque
2317 3183 2470 3234 mira·

259 3268 311 3313 te
332 3262 527 3314 indicat
556 3263 894 3328 Ptolemaeus,
917 3265 1005 3329 qui
1024 3262 1324 3329 Ἀλεξάνδρου
1404 3265 1592 3315 bilibus
1616 3265 1822 3314 consule
1858 3262 2188 3324 Strabonem,
2212 3261 2302 3312 lib.
2326 3274 2468 3311 xvu.

259 3342 564 3404 παρεμβολὴν
587 3341 839 3406 appellat.
1141 3377 1144 3380 -
1405 3341 1652 3403 Plinium,
1683 3340 1937 3403 Solinum,
1973 3342 2074 3388 ὅτε.
2115 3343 2273 3402 atque
2298 3352 2364 3386 ex
2389 3352 2478 3396 req

321 3416 345 3452 δ
367 3417 637 3481 Pelusium]
658 3417 735 3467 Eo
753 3417 957 3467 venisse
979 3416 1144 3482 ipsum
1162 3417 1323 3468 Alex·
1405 3417 1718 3469 centioribus
1739 3415 2081 3479 scaligerum,
2112 3412 2472 3477 Rhamusium,

260 3493 470 3546 andrum
486 3494 673 3546 scribit
691 3492 962 3557 Arrianus,
980 3493 1205 3560 indeque
1221 3502 1325 3545 ter·
1405 3493 1673 3557 Alpinum,
1695 3491 1956 3553 Vossium,
1978 3492 2078 3538 ὅτε.
2132 3488 2213 3537 De
2236 3488 2345 3538 Nili
2359 3487 2470 3538 fon·

263 3575 410 3624 restri
444 3574 637 3625 itinere
673 3572 975 3637 Heliopolin
1010 3585 1171 3638 usque
1204 3585 1326 3622 con·
1406 3568 1544 3619 tibus
1584 3566 1876 3634 nonxmodo
1921 3564 2182 3615 consuluit
2222 3563 2472 3614 Hammo-

261 3651 499 3702 tendisse.
1404 3660 1526 3695 nem
1570 3639 1894 3705 Alexander,
1939 3655 2116 3691 verum
2170 3641 2347 3703 etiam,
2383 3641 2472 3705 qui

320 3735 342 3763 ⁶
376 3729 520 3795 Nilo]
556 3729 727 3794 Nilus,
750 3725 945 3779 Africae
970 3724 1156 3776 fluvius
1178 3726 1323 3777 nobi·
1405 3738 1498 3777 eos
1521 3724 1919 3790 investigarent,
1951 3722 2110 3787 misit,
2133 3722 2343 3771 Lucano
2367 3727 2472 3770 tes-

261 3805 497 3868 lissimus,
521 3808 672 3874 cujus
691 3807 881 3871 fontes,
903 3806 1164 3857 veteribus
1184 3808 1325 3870 igno·
1406 3810 1461 3854 te
1484 3802 1575 3852 lib.
1601 3813 1659 3851 x.

264 3882 301 3931 ti
334 3886 487 3950 vulgo
525 3901 646 3936 cum
680 3885 996 3944 extitissent,
1034 3891 1213 3935 nostro
1236 3883 1325 3933 de·
1466 3877 1491 3913 ‘¹
1527 3878 1645 3928 Orio
1669 3875 1839 3941 [ostio]
1873 3877 2051 3942 Prope
2090 3875 2378 3939 Pelusium,
2413 3881 2474 3926 ut

264 3972 395 4011 mum
418 3963 614 4014 saeculo
636 3964 831 4028 reperti
854 3970 993 4014 sunt.
1057 3961 1245 4014 Oritur
1271 3961 1327 4012 in
1404 3971 1473 4006 ex
1506 3954 1718 4005 Arriani
1752 3953 1843 4003 lib.
1884 3967 1971 4006 m.
2014 3952 2237 4018 intelligi
2281 3958 2473 4016 potest.

266 4036 498 4103 Goyamo
521 4039 904 4105 Abyssinorum
936 4054 1093 4105 regno
1132 4054 1198 4088 ex
1225 4040 1325 4088 Lu·
1404 4033 1507 4084 Vel
1531 4046 1648 4082 cum
1673 4030 1881 4081 Ortelio
1905 4031 2051 4095 lege:
2089 4031 2218 4081 ocius
2240 4043 2375 4079 amne
2394 4041 2474 4077 su·

270 4126 365 4176 nae,
389 4125 449 4167 ut
472 4123 682 4179 vocant,
696 4109 985 4167 montibust
1014 4116 1154 4166 unde
1177 4116 1229 4165 in
1253 4117 1326 4165 la·
1405 4115 1588 4175 perata,
1630 4108 1753 4159 Nilo
1792 4110 2069 4172 videlicet3
2116 4123 2266 4174 quem
2307 4107 2472 4156 solum

265 4205 376 4242 cum
396 4193 619 4245 Zambre
632 4189 863 4258 illapsus,
879 4201 1144 4259 totamque
1162 4192 1329 4244 ferme
1408 4189 1494 4238 hic
1525 4187 1652 4237 licet
1680 4187 1993 4251 intelligere.
2061 4187 2196 4238 Nam
2224 4184 2343 4233 Orio
2363 4182 2474 4232 sive

267 4265 496 4320 Africam
533 4284 829 4334 permeans,
870 4277 1071 4334 septem
1108 4270 1330 4319 maxime
1415 4265 1562 4327 Ouio,
1583 4264 1721 4329 quod
1740 4265 1893 4330 vulgo
1916 4263 2126 4330 legitur,
2138 4260 2340 4312 omnino
2360 4272 2474 4308 cor·

270 4344 405 4396 ostiis
448 4346 586 4396 Mari
631 4345 1020 4397 Mediterraneo
1062 4345 1331 4398 miscetur.
1413 4351 1620 4408 ruptum
1644 4347 1744 4392 est.
