2978 4933
733 410 996 462 surm..
1044 411 1126 459 IN
1178 413 1246 472 Q.
1293 410 1641 461 courum
1695 412 1842 461 ms.
1893 412 1969 462 11.
2317 398 2446 464 149

236 560 335 612 tur
362 553 669 634 occupatis
697 552 874 633 (inter
922 576 1057 636 quae
1101 566 1163 616 et
1204 556 1567 636 Lampsacus
1614 555 1830 632 fuerat)
1856 557 2081 618 insulas
2122 577 2444 639 aggressus

237 660 351 721 est,
379 651 596 730 quibus
642 652 1030 733 Macedones,
1061 673 1399 734 quanquam
1428 655 1720 734 utrimque
1748 655 2074 715 continenti
2103 656 2451 736 potirentur,

237 746 314 804 ob
356 745 617 828 inopiam
647 751 880 810 navium
913 750 1195 811 auxilium
1231 752 1379 813 ferre
1420 772 1540 812 non
1577 762 1872 832 poterant.
1962 753 2061 812 19.
2101 753 2265 815 Juvit
2305 775 2449 817 con-

235 843 436 905 silium
467 832 636 907 ducis
667 837 990 909 animorum
1018 849 1165 909 mira
1192 848 1413 929 ubique
1442 849 1778 920 dissensio;
1822 869 1980 923 cum,
2008 850 2136 910 aliis
2165 850 2241 910 ad
2270 853 2452 914 Alex·

235 942 492 1003 andrum
543 943 831 1005 libertatis
890 953 1192 1006 auctorem
1242 965 1337 1005 res
1394 946 1786 1018 trahentibus,
1838 965 1955 1027 non
2012 945 2291 1009 deessent
2332 953 2450 1030 -qui

233 1037 498 1101 Persicis
539 1043 750 1122 opibus
795 1042 955 1104 aucti
990 1042 1283 1124 propriam
1333 1045 1442 1103 sub
1482 1044 1781 1104 veteribus
1821 1043 2074 1105 dominis
2103 1045 2449 1124 potentiam,

231 1157 420 1217 quam
472 1139 719 1200 liberata
772 1140 1077 1219 republica
1122 1139 1373 1200 eandem
1417 1141 1678 1200 omnium
1728 1141 2127 1221 aequalitatem
2184 1143 2448 1204 mallent.

230 1238 337 1294 20.
387 1236 582 1316 Igitur.
600 1238 1015 1318 Athenagoras
1061 1246 1122 1298 et
1163 1238 1555 1318 Apollonides
1584 1260 1657 1300 ex
1705 1238 1985 1305 Chiomm
2022 1238 2451 1319 optimatibuS,¹¹

230 1353 294 1392 re
327 1353 465 1393 cum
488 1334 730 1395 Phisino
762 1336 1186 1416 Megareoque,
1216 1346 1278 1396 et
1303 1336 1434 1396 aliis
1465 1357 1590 1398 suae
1619 1336 1893 1398 factionis
1922 1337 2258 1398 hominibus
2286 1357 2454 1399 com·

230 1430 566 1503 municata,
610 1433 993 1497 Memnonem
1038 1442 1367 1494 arcessunt.
1453 1434 1549 1497 Ita
1593 1433 1779 1499 Chius
1828 1433 2160 1515 proditione
2200 1435 2449 1516 capitur,

232 1538 294 1587 et
337 1529 621 1608 praesidio
649 1529 729 1589 ibi
754 1530 1071 1604 collocato,
1098 1532 1455 1591 urbanarum
1503 1552 1695 1594 rerum
1746 1531 2175 1592 administratio
2203 1531 2449 1613 Apollo-

232 1623 364 1684 nidi
393 1625 690 1706 sociisque
721 1626 991 1688 traditur.
1077 1630 1175 1686 21.
1222 1627 1369 1688 Inde
1409 1628 1665 1697 Lesbum
1709 1640 1918 1708 petens
1947 1629 2274 1703 Antissam,
2302 1629 2450 1710 Pyr·
2512 1670 2524 1687 s

228 1721 405 1782 rham
445 1734 507 1782 et
534 1724 814 1784 Eressum
861 1724 1025 1784 nullo
1075 1726 1316 1805 negotio
1368 1726 1619 1806 capitz⁰
1661 1724 2025 1808 Methymnae
2052 1726 2451 1787 Aristonicum

232 1831 556 1898 tyrannum
603 1821 902 1903 imponit,¹’
930 1832 1232 1901 totamque
1282 1822 1560 1898 insulam,
1589 1834 1840 1905 excepta
1885 1822 2172 1904 Mitylene
2208 1825 2451 1886 nobilis·

234 1917 391 1977 sima
417 1919 584 1990 urbe,
616 1919 672 1977 in
707 1928 1066 1999 potestatem
1096 1918 1333 1998 redigit.
1420 1923 1522 1980 22.
1568 1920 1658 1981 Ea
1699 1921 1900 1987 multis
1949 1920 2158 1982 diebus
2189 1922 2449 1982 obsidio·

233 2034 377 2075 nem
425 2026 772 2076 constanter
816 2015 1093 2095 pertulit:
1138 2035 1250 2079 nec
1302 2015 1543 2098 abipso
1591 2018 1913 2079 Memnone
1943 2024 2120 2098 capta
2147 2030 2257 2078 est.
2342 2019 2449 2081 Ille

236 2113 417 2186 enim,
445 2132 582 2172 cum
601 2112 726 2191 jam
755 2112 987 2190 magnis
1016 2113 1293 2192 operibus
1323 2114 1526 2174 urbem
1554 2114 2082 2188 circumvallasset,
2110 2125 2172 2176 et
2199 2115 2444 2176 occluso

177 2274 180 2279 .
232 2220 431 2289 portu,
459 2209 819 2288 naviumque
869 2209 1221 2271 stationibus
1270 2231 1375 2290 per
1431 2221 1766 2292 opportuna
1814 2211 1949 2273 loca
1994 2202 2323 2291 dispositis,
2372 2231 2447 2272 ne

233 2327 355 2387 qua
411 2305 677 2368 subsidio
724 2306 1098 2368 venientibus
1156 2306 1354 2369 aditus
1407 2317 1659 2388 pateret,
1713 2307 2103 2390 providisset;
2148 2309 2452 2389 pestilenti

239 2406 449 2465 morbo
502 2412 830 2486 correptus,
885 2404 1229 2484 praeclaram
1259 2403 1606 2464 ,Persarum
1663 2425 1849 2485 spem,
1893 2405 2256 2487 irreparabili
2312 2427 2448 2468 cum

233 2504 500 2585 ipsorum
531 2502 771 2575 damno,
802 2501 1112 2563 deseruit-⁴¹
1194 2505 1294 2563 23.
1342 2502 1485 2577 Sed,
1526 2523 1661 2564 cum
1703 2523 1768 2565 se
1807 2503 1935 2583 jam
1978 2506 2154 2564 morti
2189 2504 2447 2566 vicinum

233 2601 617 2680 intelligeret,
644 2600 1029 2662 Pharnabazo
1060 2600 1279 2661 sororis
1325 2617 1451 2661 suae
1497 2601 1641 2674 filio,
1667 2620 1843 2681 quem
1871 2601 2165 2662 Artabazo
2200 2621 2446 2682 pepere-

232 2711 343 2773 tat,
371 2697 681 2779 imperium
715 2717 887 2760 suum
919 2696 1183 2771 tradidit,
1206 2697 1398 2758 donec
1427 2698 1670 2769 Darius),
1690 2718 1753 2762 re
1781 2706 2104 2776 comperta,
2127 2697 2296 2757 aliter
2325 2708 2448 2758 sta-

234 2805 470 2859 meret!
549 2798 648 2856 24.
692 2795 807 2858 Hic
835 2816 971 2857 cum
1016 2794 1470 2877 Autophradate
1508 2794 1720 2857 classis
1754 2794 2053 2883 ⁶praefecto
2080 2795 2445 2875 muniapar-

231 2877 395 2967 titus,
438 2914 512 2954 eo
556 2893 799 2954 tandem
861 2895 1144 2954 obsessos
1197 2893 1420 2974 adegit,
1469 2903 1557 2968 ut,
1609 2913 1819 2955 securo
1868 2890 2129 2974 praesidii
2177 2891 2446 2953 discessu

230 3004 427 3071 pact0,
475 2992 806 3065 columnaS,
850 2990 981 3074 quis
1033 2991 1269 3051 foederis
1326 3011 1459 3054 cum
1519 2992 1863 3053 Alexandro
1911 2991 2076 3072 leges
2132 2990 2446 3071 insculptae

234 3099 425 3165 erant,
473 3091 904 3164 subverterent,
949 3077 1252 3170 Darioque
1302 3089 1481 3152 fidem
1526 3090 1800 3170 polliciti,
1850 3080 2155 3152 dimidiam
2204 3088 2446 3149 exulum

234 3201 473 3252 suorum
497 3197 725 3268 partem
752 3188 1128 3268 reciperent.·
1210 3191 1311 3252 25.
1359 3190 1440 3249 At
1469 3187 1673 3251 Persae
1697 3207 1816 3250 non
1845 3186 2079 3266 integra
2105 3184 2223 3246 fide
2250 3185 2444 3266 pactis

237 3296 487 3355 stetere:
534 3282 664 3358 sed,
690 3285 1039 3350 introductis
1068 3285 1129 3345 in
1157 3285 1362 3346 urbem
1390 3284 1695 3359 militibus,
1726 3282 2115 3364 Lycomedem
2145 3279 2446 3350 Rhodium

236 3402 490 3464 preaesse
520 3381 868 3462 jusserunt:
907 3381 1188 3462 Diogeni,
1218 3384 1320 3461 qui
1349 3383 1425 3444 ob
1476 3381 1674 3443 studia
1717 3382 1777 3440 in
1821 3380 2037 3440 Persas
2085 3378 2446 3441 exulaverat,

233 3481 435 3564 patriae
460 3479 731 3562 tyrannis
773 3479 991 3540 tradita
1036 3489 1148 3540 est.
1231 3478 1500 3542 Pecunia
1540 3480 1820 3558 deinceps
1870 3476 2140 3558 privatim
2184 3475 2259 3535 ab
2291 3494 2441 3554 opu-

235 3579 560 3641 lentissimo
588 3597 824 3657 quoque
854 3579 973 3658 Tper
1019 3578 1135 3638 vim
1186 3578 1433 3641 ablata:
1476 3598 1673 3658 neque
1719 3596 1792 3637 eo
1844 3574 2040 3635 minus
2090 3574 2441 3654 imperatum

235 3677 533 3750 tributum,
561 3673 727 3755 quod
753 3686 1064 3736 commune
1094 3675 1573 3756 Mitylenaeorum
1600 3674 1932 3757 penderent

302 3896 328 3922 ¹⁸
363 3889 562 3941 Arrian.
596 3904 660 3941 11.
697 3894 745 3940 1.
769 3894 822 3940 et
856 3902 944 3940 ιιι.
964 3892 1013 3941 2.
1052 3888 1198 3939 Curt.
1219 3901 1297 3939 tv.
1444 3886 1468 3928 q
1501 3883 1662 3933 Diod.
1684 3882 1720 3934 1.
1740 3882 1852 3932 Let
1874 3878 2083 3931 Ari-ian.
2107 3877 2202 3929 l.·l.

243 3971 290 4016 5.
315 3971 397 4017 15.
1441 3970 1462 3995 r
1495 3959 1705 4010 Arrian.
1728 3961 1767 4009 1.
1792 3959 1828 4009 1.

305 4049 331 4076 ο
364 4043 511 4097 mod.
532 4045 570 4096 ι.
589 4046 627 4094 ι.
813 4021 841 4052 ³⁹
1290 4083 1293 4090 ,
1442 4045 1462 4071 ⁹
1493 4035 1702 4087 Id.1.1.

304 4130 334 4165 P
368 4122 509 4175 Curt·
532 4126 679 4192 nug-⁹».
700 4125 781 4172 19.
1257 4143 1263 4151 ·
1445 4117 1463 4150 t
1496 4114 1636 4166 1d.1.
1662 4114 1697 4164 1.
