2978 4933
2345 415 2475 480 451

261 567 374 633 20.
419 565 553 634 Sed
577 588 662 632 ne
690 568 792 634 sic
822 569 1091 654 quidem
1116 569 1480 653 mitigatus,
1513 576 1534 607 ‘
1572 571 1743 637 caedi
1772 572 2003 657 sylvas
2025 571 2044 597 '
2077 573 2292 659 jubet,
2323 579 2345 610 ‘
2367 595 2481 659 ag-

263 679 592 757 gestaque
664 675 871 739 hnmo
926 695 965 739 e
1013 675 1360 739 montibus
1415 677 1771 760 planiciemv
1820 677 2023 742 ramis
2081 677 2477 761 impeditam

264 777 740 859 exaggerari.''⁶
825 779 938 846 21.
982 778 1141 845 Jam
1164 780 1655 863 aliquantulum
1697 779 2069 846 altitudinis
2110 799 2288 864 opus
2336 802 2481 847 cre-

261 885 472 960 verat,
504 902 658 947 cum
703 884 994 962 barbari,
1027 883 1382 968 desperato
1429 885 1793 968 regionem,
1850 903 2049 969 quam
2096 903 2477 968 occupavev

261 989 434 1062 rant,
464 1005 675 1069 posse
706 988 989 1066 retineri,
1023 994 1283 1071 gentem
1329 1007 1524 1052 snam
1560 987 1902 1053 dedidere:
1946 1007 2090 1066 rere,
2122 988 2476 1053 obsidibus

262 1090 589 1172 acceptiS,
648 1090 1020 1157 ‘Phradati
1071 1091 1339 1157 tradere
1385 1091 1542 1157 eos’
1576 1091 1806 1177 jussit.
1882 1091 2051 1156 Inde
2085 1090 2320 1174 quinto
2365 1091 2476 1157 die

261 1189 336 1253 in
400 1192 645 1281 stativa
694 1196 1070 1259 revertitur.
1188 1194 1300 1259 22.
1342 1192 1754 1260 Artabazum
1813 1195 2050 1259 deinde
2098 1193 2428 1277 geminato
2454 1193 2481 1230 '¹

261 1292 533 1374 honore,
563 1317 760 1380 quem
808 1298 1062 1364 Darius
1107 1299 1436 1364 habuerat
1478 1299 1565 1378 ei,
1620 1300 1894 1364 remittit
1938 1300 2229 1362 domum.
2316 1297 2478 1363 Jam

261 1397 355 1461 ad
383 1400 611 1463 urbem
644 1397 1066 1484 Hyrcaniae)
1095 1401 1163 1466 in
1195 1422 1336 1485 qua
1367 1403 1563 1485 regia·
1589 1401 1775 1467 Darii
1805 1403 1954 1479 fuit,
1985 1407 2260 1466 ventum
2292 1408 2476 1475 erat:

260 1500 361 1564 ibi
395 1500 834 1568 Nabarzanes
867 1509 1164 1589 accepta
1194 1504 1326 1570 fide
1356 1505 1666 1584 occurrit,
1698 1505 1883 1570 dona
1904 1505 2199 1587 ingentia
2227 1506 2478 1571 ferens:

257 1602 368 1669 23.
412 1604 586 1668 inter
638 1626 789 1690 quae
835 1607 1112 1690 Bagoas
1162 1612 1310 1672 erat
1357 1610 1582 1692 specie
1635 1607 1952 1692 singulari
1999 1606 2216 1690 spado
2276 1613 2477 1691 atque

259 1705 331 1799 in
373 1706 531 1790 ipso
576 1707 742 1772 flore
790 1709 1150 1793 pueritiae;
1199 1710 1313 1776 cui
1355 1711 1727 1799 etr-Darius
1773 1711 1992 1775 fuerat
2041 1714 2377 1788 assuetus,
2409 1718 2480 1776 et

259 1829 424 1874 mox
454 1807 843 1877 Alexander
894 1814 1230 1879 assuevit:
1275 1814 1556 1900 ejusque
1576 1815 1880 1887 maxime
1909 1816 2228 1900 precibus
2257 1820 2477 1885 motus

263 1911 657 1979 Nabarzani
682 1915 964 1997 ignovit.
1050 1917 1162 1980 24.
1207 1916 1398 1996 Erat,
1426 1924 1504 1982 ut
1536 1938 1743 2003 supra
1771 1917 2018 1982 dictum
2048 1924 2175 1995 est,'
2211 1917 2477 2000 Hyrca-

259 2015 397 2113 niae
427 2015 710 2082 finitima
737 2036 900 2102 gens
930 2016 1404 2099 Amazonum,j
1428 2021 1614 2090 circa
1642 2015 2185 2089 Thermodontak
2215 2040 2475 2091 amnem
2560 2108 2565 2115 ‚

823 423 943 471 οι..
988 421 1181 474 exn.
1223 406 1292 474 3.
1371 425 1444 473 A.
1491 423 1614 473 cn.
1659 425 1736 475 N.
1779 411 1932 477 330.

325 2199 354 2234 ὅ
391 2203 629 2268 Congesta
651 2209 784 2260 terra
804 2205 1016 2272 impleri.

1462 2289 1555 2310 ‘O‘

257 2372 378 2417 rant
393 2366 639 2434 Barbari)
654 2375 703 2420 et
716 2370 871 2433 donis,
893 2372 994 2435 vel,
1016 2373 1154 2438 quod
1182 2374 1376 2440 malim,
1396 2374 1800 2440 expungendum
1832 2375 1989 2436 donis,
2016 2381 2261 2439 tanquam
2287 2372 2477 2437 glosse-

260 2431 383 2482 ma?
415 2434 724 2486 Boetia—20
757 2436 856 2487 Sed
895 2453 979 2488 nec
1013 2439 1085 2489 sic
1127 2439 1355 2491 Floreat.
1399 2441 1547 2494 Leid.
1583 2440 1737 2490 Vasa.
1774 2444 1824 2491 1.
1864 2447 1920 2490 et
1965 2443 2104 2491 Dan.
2169 2439 2269 2490 Sed
2289 2454 2381 2489 non
2405 2440 2477 2489 sic

259 2499 414 2549 Voss,
436 2504 486 2549 2.
508 2507 564 2549 et
587 2501 704 2550 Pal.
731 2507 778 2553 1.
813 2503 902 2567 qui
944 2504 1098 2555 codd.
1142 2506 1389 2557 omittunt
1425 2508 1485 2556 τὸ
1523 2507 1726 2570 quidem.
1794 2508 1951 2556 Voss.
1990 2511 2039 2556 2.
2071 2506 2258 2556 silvam.
2325 2505 2477 2560 Idem

260 2564 431 2613 codex
452 2580 568 2615 cum
592 2566 711 2616 Pal.
734 2571 782 2618 1.
806 2575 862 2617 et
885 2568 1018 2619 Met.
1042 2576 1088 2619 et
1111 2571 1494 2624 montilum—21
1529 2574 1735 2636 Jamque
1769 2572 1886 2621 Pal.
1914 2577 1956 2619 l.
1993 2573 2209 2633 Namque
2246 2569 2398 2617 Voss.
2424 2574 2474 2618 2.

258 2629 559 2693 aliquantum
580 2631 811 2682 Florent.
836 2633 984 2683 Leid.
1007 2643 1063 2684 et
1085 2636 1236 2686 Voss.
1264 2641 1312 2686 1.
1382 2636 1653 2686 Acidalius
1676 2644 1731 2685 et
1755 2637 1841 2685 alii
1865 2637 2095 2685 malunt:
2127 2636 2178 2683 in
2202 2634 2473 2696 aliquantu-

259 2696 698 2758 hm-..desperatog
731 2705 1005 2763 postquam
1031 2700 1359 2765 desperatum
1385 2700 1505 2751 fult.
1562 2702 1634 2751 Et
1655 2702 1730 2750 sic
1754 2701 1922 2750 edidit
1939 2701 2071 2749 Tell.
2095 2698 2330 2762 desperati
2355 2698 2477 2746 Flo-

260 2767 401 2811 rent.
425 2760 574 2811 Leid.
593 2762 745 2814 Voss.
770 2768 816 2814 1.
838 2767 889 2813 2.
930 2764 1042 2813 Pal.
1064 2768 1113 2814 l.
1154 2767 1289 2817 Dan.
1315 2765 1436 2815 Ald.
1474 2766 1600 2815 Bas.
1638 2767 1777 2815 Mer.
1802 2766 1957 2815 Frob.
1978 2773 2034 2815 et
2056 2764 2168 2814 Col.
2201 2762 2477 2813 Phraaautn·

260 2824 377 2876 Pal.
406 2831 452 2875 1.
478 2833 533 2876 et
555 2826 708 2877 Voss.
730 2831 780 2878 2.
837 2828 1221 2880 Freinshemius
1246 2832 1476 2881 mavult:
1512 2831 1758 2882 Phradati
1839 2835 1940 2880 tere
1961 2845 2055 2894 eos,
2076 2832 2291 2892 εμπ-22
2322 2828 2479 2877 Arta·

260 2889 373 2940 bezo
395 2891 549 2941 vose.
570 2896 620 2942 2.
654 2907 794 2955 quum
814 2894 999 2943 Darius
1021 2896 1170 2946 Voss.
1196 2898 1243 2945 l.
1286 2897 1451 2960 Bong.
1491 2900 1542 2945 1.
1592 2893 1718 2946 Ald.
1755 2846 1922 2947 gallin.
1952 2895 2154 2960 Gryph.
2175 2892 2342 2955 Lugd.
2368 2894 2476 2969 Elz.

260 2955 422 3007 Frob.
462 2958 602 3006 Mer.
643 2958 755 3009 Col.
791 2966 847 3008 et
883 2959 1007 3010 Bas.
1075 2961 1183 3010 Pro
1216 2961 1262 3011 ei
1292 2962 1448 3012 Voss.
1478 2964 1530 3011 2.
1567 2968 1622 3010 et
1654 2961 1770 3011 Pal.
1796 2966 1845 3013 1.
1876 2975 1997 3010 eum.
2063 2959 2296 3010 Florem.
2335 2958 2478 3008 Leid-

257 3021 412 3071 Voss.
439 3026 487 3073 l.
512 3027 560 3072 2.
595 3024 734 3073 Mer.
757 3021 880 3074 Ald.
904 3025 1073 3075 Colin.
1098 3034 1154 3075 et
1176 3025 1380 3091 Gryph.
1412 3028 1621 3089 Jamque
1641 3028 1705 3075 ad
1735 3027 1931 3083 urbem3
1965 3025 2077 3075 Pal.
2103 3029 2149 3074 1.
2186 3025 2395 3073 Tandem
2416 3024 2478 3071 ud

256 3086 441 3138 urbem.
509 3088 741 3138 Florent.
765 3089 915 3140 Leid.
941 3092 1095 3141 Voss.
1119 3096 1166 3141 1.
1201 3102 1256 3141 et
1279 3093 1426 3142 Dan.
1461 3092 1896 3142 Nabazanes.-—23
1931 3091 2079 3141 Voss.
2102 3094 2154 3139 2.
2188 3094 2329 3152 atque
2357 3089 2481 3154 ipso,

259 3152 450 3202 omissa
471 3153 840 3217 praepositione
860 3155 932 3206 in.
1003 3156 1119 3206 Pal.
1146 3161 1193 3205 l.
1225 3159 1303 3207 eni
1319 3158 1530 3220 Darius,
1554 3159 1741 3207 omisso
1763 3162 1829 3207 et.
1897 3157 2128 3216 Floreat.
2156 3154 2301 3204 Leid.
2324 3155 2477 3203 Voss.

263 3221 310 3267 l.
343 3225 400 3267 et
430 3218 599 3281 Bong.
636 3225 848 3270 assuetus
867 3219 1074 3279 fueram
1109 3236 1225 3286 quae
1261 3237 1416 3273 voces
1448 3237 1552 3272 nou
1581 3223 1841 3272 habentur
1878 3222 1928 3271 in
1963 3221 2132 3282 Bong.
2169 3218 2480 3272 membranis

257 3280 509 3340 Acidalii‚
551 3289 607 3333 et
642 3283 762 3334 edd.
805 3284 1114 3349 quibusdam
1157 3292 1420 3338 vem—24
1456 3287 1600 3337 Pith.
1642 3288 1842 3337 omittit
1886 3287 2169 3350 Hyrcaniae.
2237 3284 2425 3336 Floren
2437 3293 2476 3332 t.

263 3346 415 3399 Leid.
439 3348 593 3398 vose.
620 3353 667 3399 1.
696 3350 833 3400 Dan.
858 3356 915 3401 et
940 3350 1084 3401 Pith.
1113 3351 1495 3413 Thernwdunta3
1529 3353 1680 3402 Voss.
1705 3356 1754 3406 2.
1783 3353 2124 3409 Termodonta3
2147 3348 2300 3402 Frob.
2328 3348 2475 3402 Mod.

1264 3500 1478 3566 No'rAE

324 3612 350 3647 ¹²
371 3613 665 3680 Geminum]
702 3614 887 3666 Altero
913 3621 1059 3667 tanto
1082 3616 1330 3681 majorem

260 3693 310 3741 ei
332 3692 578 3742 honorem
600 3692 666 3741 im
675 3693 915 3757 pertitus,
935 3708 1086 3756 quam
1104 3694 1200 3744 sub
1221 3695 1331 3743 Da&

262 3768 342 3817 rio
379 3775 679 3831 acceperat.
747 3768 853 3818 Pro
872 3784 1014 3832 quam
1042 3770 1223 3833 legunt
1244 3770 1332 3819 alii

263 3860 400 3908 quem
412 3862 433 3903 ,-
461 3844 557 3894 sed
577 3847 756 3909 plnres
777 3845 972 3895 habent
991 3861 1146 3911 quani.
1215 3846 1331 3897 Nee

261 3921 453 3972 similia
467 3922 660 3971 desunt
675 3923 937 3987 exempla,
951 3924 1175 3974 maxime
1191 3924 1331 3989 apud

259 3998 519 4059 Tacitum,
572 3999 662 4050 ubi
713 4002 730 4028 ‘
746 4014 901 4066 quam
915 3999 931 4023 ’
987 4016 1084 4064 pro
1130 4003 1146 4048 ‘.
1168 4002 1331 4065 magis

263 4074 456 4140 quam,'
478 4082 569 4126 ant
591 4076 607 4105 ‘
628 4091 787 4140 supra
806 4077 996 4142 quam,'
1019 4079 1294 4143 accipitur.

326 4152 342 4188 ¹
371 4153 546 4203 Urbem
569 4151 855 4217 Hyrcania]
879 4154 1206 4205 Zadraearta
1222 4155 1334 4204 sive

165 4219 170 4220 ⁷
264 4230 626 4288 Zeudracarta
661 4241 813 4283 vocat
852 4231 1100 4284 Arrianus
1134 4232 1221 4283 lib.
1244 4246 1330 4282 m.

262 4314 319 4360 at
361 4308 679 4359 Ptolemaeus
718 4308 807 4360 lib.
831 4322 908 4359 vr.
942 4311 1127 4372 cap.9.
1194 4307 1333 4373 Hyr·

1412 3615 1613 3667 eaniam
1634 3615 1977 3680 metropolim.
2038 3611 2120 3662 Ibi
2136 3610 2476 3674 Nabarzanes]

1411 3692 1547 3741 Vide
1565 3707 1679 3757 quae
1703 3692 1926 3741 diximus
1950 3690 2016 3739 ad
2040 3705 2159 3754 cap.
2181 3692 2232 3738 4.
2470 3699 2475 3708 ’·

1426 3800 1434 3807 -
1471 3767 1641 3818 §Gen
1662 3768 1974 3832 Amazonum]
1998 3765 2311 3817 Incredibile
2332 3762 2480 3813 dictu

1413 3852 1736 3909 quantopere
1758 3846 1811 3895 in
1839 3859 1903 3894 eo
1937 3844 2237 3909 conspirent
2259 3841 2481 3904 scriptos

1414 3937 1527 3973 rum
1552 3924 1808 3990 plerique,
1827 3923 2022 3988 Groeci,
2046 3921 2224 3974 Latini
2238 3940 2254 3984 ς
2276 3920 2481 3986 primae,

1412 4000 1621 4064 mediae,
1645 4008 1920 4065 postremae
1940 4000 2142 4061 oetatis;
2179 4006 2240 4048 nt
2263 3998 2482 4047 Amazo-

1411 4092 1534 4127 num
1568 4085 1776 4141 gentem
1816 4075 1976 4128 fuisse
2006 4075 2282 4141 quandam,
2321 4081 2481 4138 atque

1411 4153 1687 4217 imperium
1721 4152 1994 4204 affirment.
2061 4154 2252 4203 Eorum
2287 4151 2480 4201 catalo-

1414 4247 1536 4297 gum
1562 4231 1732 4283 texuit
1753 4232 2154 4282 Freinshemius.
2207 4229 2278 4277 Et
2299 4240 2479 4292 quam-

1414 4309 1495 4359 vis
1518 4309 1726 4376 plurimi
1745 4309 1970 4371 diversa,
1999 4308 2148 4359 multi
2176 4307 2479 4373 pugnantia,
