2978 4933
452 387 541 452 76
708 410 712 419 ’
1247 401 1305 450 s.
1354 398 1857 452 FREINSHEMH

454 547 652 608 animo
680 549 919 609 fortuna
939 543 1345 625 responderet,
1368 544 1691 605 immensas
1707 543 2050 624 plerumque
2071 540 2308 603 divitias
2331 557 2652 623 conseque·

451 647 714 708 bantur.v
797 649 896 707 31.
943 644 1138 706 Etiam
1154 662 1307 722 quos
1330 640 1540 722 procul
1567 642 1796 721 positos
1822 639 2111 720 praeclara
2131 638 2383 700 eruditio
2411 651 2514 700 aut
2543 641 2652 700 vir-

452 727 552 803 tus
581 741 1055 815 commendabat,
1095 740 1167 801 iis
1211 738 1478 817 ingentia
1520 758 1766 799 munera
1807 737 1963 798 ultro
2010 737 2212 816 largiri
2242 754 2649 798 consueverat.

455 841 640 921 Igitur
686 849 886 901 tantus
932 858 1006 902 ea
1053 846 1406 916 tempestate
1454 834 1763 897 doctorum
1809 846 1988 916 atque
2017 835 2322 896 solertium
2351 835 2653 895 hominum

454 948 769 1018 proventus
799 939 930 1010 fuit,
963 948 1028 997 ut
1060 937 1153 996 vix
1183 933 1306 993 ulla
1351 943 1501 997 aetas
1552 935 1725 996 bonis
1771 936 1995 994 artibus
2043 934 2339 1013 copiosior
2381 934 2656 994 extiterit.

454 1038 556 1097 32.
600 1036 809 1096 Solent
835 1036 989 1097 enim
1025 1034 1263 1113 ingenia
1308 1051 1622 1113 moresque
1666 1033 1944 1113 componi
1985 1031 2062 1091 ad
2116 1031 2442 1110 principum
2492 1050 2657 1090 men-

453 1142 609 1202 tem3
655 1135 965 1215 omnisque
998 1133 1115 1192 fere
1144 1140 1474 1211 temporum
1503 1132 1810 1192 inclinatio
1854 1130 2229 1210 regnantium
2259 1129 2523 1203 infamia,
2563 1128 2655 1188 vel

452 1230 638 1292 decus
662 1242 772 1292 est.

534 1329 641 1389 IV.
725 1330 778 1388 l.
843 1328 933 1387 Ex
983 1338 1244 1386 veterum
1298 1327 1696 1388 monumentis
1746 1325 1889 1384 nihil
1947 1323 2295 1384 antehabuit
2354 1324 2662 1396 Homer0,⁸

452 1445 630 1504 quem
651 1445 833 1486 unum
858 1444 1090 1484 omnem
1113 1423 1486 1503 sapientiam,
1520 1443 1641 1504 qua
1664 1425 1903 1503 imperia
1924 1433 2224 1493 constant,
2250 1420 2469 1500 optime
2498 1440 2659 1481 com-

451 1522 690 1602 plexum
719 1543 852 1583 esse
882 1523 1268 1582 autumabat:
1302 1523 1573 1603 adeoque
1592 1541 1726 1582 eum
1749 1520 1912 1582 cordi
1935 1521 2162 1593 habuit,
2186 1531 2252 1578 ut
2273 1519 2490 1578 Graeco
2514 1538 2656 1597 cog-
2704 1592 2708 1599 ‘

451 1631 735 1689 nomento
789 1628 804 1656 ⁴
832 1632 1062 1682 amator
1114 1619 1438 1681 Homeri'¹’
1503 1620 1822 1682 diceretur.
1896 1622 1968 1695 ¹2.
2012 1619 2216 1678 Libros
2258 1615 2387 1695 ejus
2431 1635 2660 1695 semper

453 1732 655 1777 secum
706 1719 853 1778 ferre
905 1718 1137 1791 solitus,
1175 1717 1354 1778 etiam
1392 1737 1528 1780 cum
1558 1718 1909 1798 quiesceret,
1952 1736 2074 1778 una
2100 1736 2235 1776 cum
2257 1714 2515 1793 pugione
2549 1715 2657 1774 sub

452 1815 726 1876 cervicali
754 1816 1116 1895 reponebat:
1148 1824 1166 1850 ‘
1189 1816 1416 1877 militiae
1458 1837 1586 1878 suae
1613 1813 1930 1888 viaticum,’
1958 1828 2017 1875 et
2047 1823 2062 1848 ‘
2087 1811 2514 1874 institutionem
2543 1812 2661 1872 bel-

452 1910 585 1972 licae
616 1913 844 1973 virtutis
870 1914 886 1938 '
930 1913 1260 1992 appellans,
1343 1922 1361 1949 ‘
1383 1914 1678 1974 Achillem
1702 1918 1716 1939 ’
1758 1912 2124 1994 praedicabat
2166 1917 2184 1944 ‘
2214 1908 2469 1982 felicem,
2497 1908 2655 1990 quod

452 2018 680 2071 tantum
736 2009 967 2072 virtutis
1025 2030 1150 2070 suae
1201 2011 1571 2089 praeconem’
1627 2011 1998 2071 invenisset?
2082 2011 2140 2068 3.
2206 2005 2469 2086 Reperto
2510 2008 2660 2075 inter

455 2106 895 2168 Damascenam
923 2107 1190 2188 praedam
1220 2107 1482 2169 materiae
1512 2127 1786 2187 curaeque
1813 2101 2292 2188 exquisitissimas
2321 2102 2564 2178 scrinio,
2602 2115 2662 2164 et

453 2204 914 2284 disquirentibus
931 2207 1158 2281 amicis,
1184 2214 1201 2242 ‘
1217 2208 1457 2286 quinam
1476 2207 1613 2267 usui
1631 2204 2187 2266 convenientissime
2207 2200 2606 2263 destinaretur
2619 2196 2664 2260 ’ζ’

450 2299 604 2382 ipse,
646 2311 662 2336 ‘
689 2304 991 2375 Homer0,’
1033 2305 1243 2384 inquit,
1288 2304 1720 2377 dedicabimus,
1764 2310 1781 2337 ‘
1807 2310 1873 2362 ut
1900 2302 2390 2383 pretiosissimum
2414 2299 2665 2367 humani

451 2397 675 2478 ingenii
720 2410 1189 2474 monumentum,
1240 2401 1687 2482 elegantissimo
1729 2401 1905 2462 etiam
1952 2420 2127 2481 opere
2173 2397 2518 2465 sei·vetu1·.'‘¹
2600 2402 2664 2458 4.

453 2496 603 2556 Inde
631 2496 907 2571 obtinuit,
937 2507 1004 2558 ut
1036 2497 1523 2561 emendatissima
1547 2500 1744 2579 poetae
1774 2499 1977 2573 editio,
2023 2518 2202 2578 quam
2253 2516 2472 2578 magna
2518 2514 2668 2557 cura

451 2605 898 2674 comparaverat
940 2595 1301 2672 Alexander,
1348 2606 1364 2632 ‘
1389 2618 1423 2658 e
1468 2596 1811 2659 narthecio'
1858 2607 2199 2658 vocaretur:
2241 2595 2460 2677 quippe
2517 2594 2667 2656 scri-

452 2690 616 2752 nium
642 2692 813 2767 illud,
837 2715 972 2755 cum
998 2694 1195 2758 adhuc
1227 2696 1547 2758 Persarum
1573 2706 1754 2770 esset,
1781 2697 2105 2776 unguentis
2148 2704 2211 2758 et
2252 2693 2537 2755 odoribus
2570 2711 2670 2752 as-

453 2790 761 2852 servandis
790 2792 1128 2854 serviverat.
1214 2797 1272 2856 5.
1318 2795 1577 2866 Quidam
1606 2813 1887 2875 prospere
1909 2803 2095 2873 gestae
2124 2792 2209 2853 rei
2236 2791 2502 2864 nuntius,
2524 2810 2665 2851 cum

451 2887 632 2950 citato
653 2907 827 2950 cursu
859 2889 935 2949 ad
964 2909 1098 2951 eum
1127 2892 1396 2967 ferretur,
1430 2893 1816 2972 dextramque
1862 2891 2206 2971 porrigeret,
2252 2889 2421 2950 vultu
2474 2888 2667 2948 maxi·

454 3003 568 3043 mae
614 2984 836 3045 laetitiae
875 3000 1050 3047 notas
1099 2991 1475 3068 praeferente,
1518 2990 1716 3061 ‘Quid
1762 2990 1905 3051 mihi
1951 2989 2331 3050 nuntiaturus
2379 3005 2443 3046 es
2491 2996 2666 3046 tanto

453 3082 673 3161 gaudio
721 3083 1007 3163 dignum,’
1057 3086 1270 3165 inquit,
1314 3089 1460 3148 ‘nisi
1506 3089 1707 3149 forsan
1753 3089 2050 3149 Homerus
2079 3085 2289 3147 revixit
2310 3083 2348 3146 2'
2429 3085 2488 3142 6.
2539 3083 2664 3142 Sed

449 3189 578 3239 tum
620 3200 692 3241 eo
726 3181 853 3260 jam
902 3183 1200 3248 felicitatis
1239 3199 1612 3266 pervenerat,
1641 3198 1709 3248 ut
1732 3184 2160 3267 propemodum
2190 3181 2500 3264 exsatiatas
2530 3180 2667 3260 glo·

452 3276 552 3336 riae
582 3277 724 3337 nihil
752 3278 962 3341 deesse
1000 3293 1255 3363 putaret,
1299 3295 1517 3363 praeter
1564 3284 1843 3348 idoneum
1891 3282 2352 3345 buccinator-em.
2436 3279 2665 3348 Crebra

454 3384 651 3434 autem
682 3376 933 3438 lectione
962 3365 1152 3441 totum
1180 3383 1302 3442 fere
1330 3381 1594 3456 edidicit,
1620 3393 1691 3443 ut
1715 3401 1891 3442 nemo
1921 3400 2114 3460 neque
2149 3378 2434 3458 promtius
2463 3395 2537 3436 eo
2569 3376 2664 3438 fa-

451 3471 854 3553 miliariusque
902 3486 1206 3556 uteretur,⁸
1249 3500 1442 3560 neque
1484 3481 1752 3541 exactius
1804 3479 1879 3541 de
1927 3498 2007 3539 eo.
2035 3477 2380 3558 judicaret!
2457 3477 2491 3532 7
2503 3473 2658 3544 „Ex

452 3569 725 3630 omnibus
771 3582 968 3633 autern
1017 3574 1144 3654 ejus
1187 3577 1547 3637 carminibus
1594 3578 1846 3638 maxime
1893 3577 2186 3657 probabat
2230 3593 2488 3642 versum,
2537 3589 2660 3650 quo

450 3667 593 3727 boni
622 3669 795 3729 simul
822 3671 1211 3752 imperatoris,
1240 3676 1587 3755 robustique
1617 3675 1817 3735 militis
1846 3673 2056 3735 laudes
2085 3668 2521 3751 Agamemnoni
2550 3669 2656 3728 tri-

452 3765 761 3841 buuntur,⁸
826 3789 1076 3850 eumque
1129 3772 1489 3852 praecipuum
1537 3772 1769 3833 virtutis
1821 3771 2295 3841 incitamentum,
2354 3777 2427 3827 et
2469 3764 2657 3826 veluti

518 3934 542 3959 v
564 3928 869 3979 Fiat-Alex.
891 3946 945 3995 p.
967 3936 1081 3983 ⁷01.
1660 3932 1684 3967 ἃ
1707 3933 1790 3985 Id.
1827 3949 1878 3997 p.
1904 3937 2018 3983 679.
2052 3931 2193 3981 Plin.
2230 3930 2372 3981 Hist.
2408 3930 2535 3979 Nat.
2556 3941 2656 3978 vir.

517 4011 543 4039 ⁸
564 4005 707 4054 Plnt.
741 4005 895 4056 Alex.
937 4025 987 4072 p.
1011 4014 1152 4060 66&
1194 4011 1382 4080 Cicero
1424 4026 1517 4075 pro
1596 4014 1680 4062 22.
1713 4011 1887 4060 Strab.
1913 4009 2002 4060 1.1.

409 4085 416 4088 '
456 4080 651 4132 Archia
675 4085 827 4133 Poet.
852 4098 907 4135 x.
925 4090 1007 4136 24.
1318 4113 1325 4123 ι
1661 4096 1684 4121 ²
1706 4088 1919 4137 Lucian.
1940 4085 2075 4135 Dial.
2096 4084 2260 4133 Mort.
2277 4095 2384 4132 κη.

519 4157 543 4192 ¹³
566 4160 740 4208 Strab.
765 4174 891 4210 xm.
916 4177 966 4224 p.
988 4165 1103 4212 ⁵94.
1130 4162 1256 4213 edit.
1292 4163 1515 4214 Casanb.
1664 4163 1687 4196 f
1711 4166 1854 4214 Plnt.
1884 4163 1950 4212 de
1976 4163 2116 4211 Fort.
2139 4161 2293 4211 Alex.
2316 4160 2410 4210 Or.
2432 4174 2472 4209 1.

456 4236 697 4286 Eustatb.
722 4237 784 4285 ad
817 4238 879 4286 ll.
904 4244 960 4287 B.
1661 4249 1686 4286 8
1712 4240 1930 4291 Homeri
1953 4239 2105 4289 iliad.
2124 4244 2175 4288 Γ.
2201 4240 2313 4287 179.

520 4319 542 4345 ⁰
564 4313 709 4364 Plut.
730 4311 882 4365 Alex.
907 4329 957 4379 p.
979 4316 1093 4365 672.
