2978 4933
836 402 952 449 οι..
1001 401 1191 450 oxu.
1234 385 1299 452 2.
1378 404 1448 451 A.
1502 403 1622 452 cn.
1669 404 1744 452 N.
1790 386 1938 453 331.
2355 391 2486 456 373

277 552 733 632 occupaverat
758 567 982 631 rupeS,
1009 523 1352 613 abscissas
1380 554 1446 613 et
1481 548 1774 633 undique
1804 555 2192 634 praeruptaS,
2222 550 2287 615 in
2318 572 2485 637 qua-

277 671 428 716 rum
455 650 914 717 cacuminibus
942 658 1133 717 extra
1150 652 1263 717 teli
1283 651 1539 737 jactum
1557 653 1825 722 barbari
1845 655 2130 732 stabant,
2151 655 2236 720 de
2260 655 2487 722 indus-

277 756 412 821 tria
442 756 648 864 quieti
680 761 748 821 et
775 756 1185 840 paventibus
1219 756 1505 835 similes,
1538 756 1752 826 donec
1792 757 1864 821 in
1896 759 2317 825 arctissimas
2340 761 2486 829 fau-

168 885 172 889 >
275 880 393 926 ces
436 853 809 945 penetraret
852 879 1107 945 agmen.
1198 859 1306 927 18.
1370 859 1578 940 Quod
1635 861 1751 926 ubi
1803 870 2143 928 contemtu
2185 865 2290 929 sui
2334 886 2486 951 per·

274 983 428 1056 gere
493 964 763 1046 vident;
789 975 811 1003 ⁶
861 972 1005 1030 tum
1059 983 1222 1031 vero
1278 964 1564 1048 ingentis
1621 966 2100 1049 magnitudinis
2149 987 2321 1034 saxa
2365 990 2483 1053 per

271 1067 598 1132 montium
630 1068 885 1152 pronas
906 1068 1313 1136 devolvunt:
1358 1089 1515 1155 quae
1540 1071 1817 1136 incussa
1848 1072 2102 1155 saepius
2134 1072 2484 1159 subjacen-

269 1171 462 1235 tibus
506 1173 719 1256 petris
772 1174 1032 1260 majore
1064 1174 1135 1239 vi
1164 1174 1571 1254 incidebant,
1604 1194 1723 1240 nec
1754 1175 2060 1260 singulos
2089 1176 2316 1255 modo,
2360 1179 2483 1245 sed

267 1276 541 1356 agmina
571 1279 1018 1361 proterebant.
1103 1279 1209 1345 19.
1257 1278 1514 1345 Fundis
1563 1299 1832 1365 quoque
1889 1280 2164 1360 excussi
2219 1281 2484 1366 lapides

265 1386 339 1442 et
369 1379 639 1462 sagittae
669 1382 1137 1466 ingerebantur
1164 1382 1456 1466 undique
1478 1403 1501 1443 ι
1539 1402 1660 1448 nec
1704 1382 1776 1449 id
1823 1383 2267 1448 miserrimum
2296 1385 2483 1450 sorti-

263 1485 396 1550 bus
428 1487 589 1552 viris
637 1494 805 1566 erat,
854 1487 974 1553 sed
1020 1488 1204 1572 quod
1255 1487 1452 1554 inulti
1497 1486 1783 1554 ferarum
1812 1486 1943 1553 ritu
1969 1489 2152 1553 velut
2181 1487 2251 1553 in
2278 1489 2482 1556 fovea

262 1587 660 1674 deprehensi
715 1590 1176 1656 caederentur.
1242 1590 1351 1656 20.
1400 1591 1512 1655 Ira
1570 1591 1766 1674 igitur
1817 1591 1887 1654 in
1946 1590 2200 1657 rabiem
2263 1610 2481 1672 versa,

261 1693 630 1759 eminentia
661 1714 830 1763 saxa
862 1694 1229 1778 complexi,
1281 1701 1357 1758 ut
1402 1693 1491 1758 ad
1533 1694 1799 1760 hostem
1843 1695 2258 1779 perveniant,
2304 1696 2481 1761 alius

259 1796 478 1860 alium
526 1797 848 1877 levanteS,
904 1798 1320 1862 conabantur
1365 1797 1766 1862 ascendere:
1814 1818 1898 1864 ea
1928 1796 2083 1881 ipsa
2113 1799 2478 1863 multorum

256 1899 465 1964 simul
497 1902 813 1965 manibus
846 1909 1151 1987 correpta
1177 1907 1243 1966 et
1271 1901 1624 1981 convulsa,
1666 1902 1738 1966 in
1785 1921 1926 1981 eoS,
1954 1900 2076 1986 'qui
2103 1920 2480 1967 commove-

256 2011 438 2080 rant,
468 2003 876 2069 recidebant.
943 2004 1072 2069 21.
1118 2002 1267 2069 Nec
1298 2012 1479 2070 stare
1524 2024 1710 2089 ergo,
1757 2025 1882 2071 nec
1926 2004 2071 2083 niti,
2117 2023 2244 2068 nec
2275 2009 2483 2069 testu-

254 2105 419 2171 dine
451 2105 723 2190 quidem
755 2110 1021 2192 protegi
1053 2113 1386 2192 poterant,
1431 2127 1584 2174 cum
1626 2115 1838 2174 tantae
1868 2108 2067 2173 molis
2097 2127 2302 2173 onera
2328 2127 2480 2191 pro·-

256 2210 590 2293 pellerent
620 2211 914 2277 barbari.
961 2212 1219 2296 Regem
1249 2234 1379 2279 non
1410 2214 1606 2279 dolor
1634 2213 1857 2291 modo,
1879 2212 2001 2281 sed
2029 2212 2230 2277 etiam
2259 2211 2481 2296 pudor

258 2322 507 2378 temere
551 2314 621 2378 in
670 2314 825 2380 illas
865 2318 1213 2400 angustias
1261 2317 1544 2405 conjecti
1593 2318 1939 2383 exercitus
1968 2318 2282 2402 angebat.
2369 2316 2479 2386 22.

259 2418 577 2485 Invictus
621 2420 709 2485 ad
754 2440 902 2486 eam
932 2422 1108 2488 diem
1137 2423 1372 2501 fuerat,
1419 2421 1587 2488 nihil
1631 2423 1873 2489 frustra
1907 2441 2160 2489 ausus:
2206 2421 2479 2506 impune

257 2523 527 2590 Ciliciae
596 2523 880 2591 faucesn
951 2528 1353 2597 intraverat:
1400 2528 1571 2594 mari
1624 2547 1898 2613 quoque
1950 2546 2199 2592 novum
2243 2527 2364 2591 iter
2406 2527 2477 2591 in

320 2715 342 2739 ε
380 2707 519 2763 Quod
539 2722 644 2757 cum
662 2715 861 2758 cernunt
879 2724 982 2772 prae
1002 2709 1207 2772 ipsorum
1228 2714 1466 2759 contemtu
1480 2708 1727 2772 progredi.

312 2770 348 2814 s
377 2773 479 2822 Per
498 2775 729 2823 montium
747 2772 1088 2825 declivitatem.

1186 2883 1550 2905 OOOOmOOOOO

248 2970 406 3021 Mod.
434 2970 493 3020 X
498 2970 557 3021 V.
578 2972 806 3022 millibus.
842 2972 1077 3021 Florent.
1105 2968 1253 3019 Leid.
1274 2975 1331 3018 et
1352 2969 1503 3020 voss.
1542 2973 1592 3018 l.
1631 2968 1856 3018 abscisas.
1890 2968 2058 3030 Bong.
2083 2964 2283 3016 omittit
2317 2970 2366 3015 et
2388 2980 2476 3015 un-

247 3036 432 3099 dique5
465 3037 698 3087 Florent.
739 3045 796 3087 et
834 3037 982 3087 Leid.
1020 3036 1270 3086 omittunt
1309 3039 1374 3084 et.
1439 3035 1590 3084 Voss.
1626 3039 1676 3084 2.
1712 3034 1766 3084 in
1805 3048 1948 3098 quam
1967 3031 2302 3082 canuaninibus.
2339 3030 2476 3081 Mer.

246 3102 585 3164 quietim—18
619 3103 735 3153 Pal.
761 3107 807 3153 1.
828 3104 906 3152 ειη·
941 3118 990 3166 p.
1009 3102 1252 3152 viderunt.
1285 3101 1521 3151 Florent.
1544 3099 1692 3151 Leid.
1717 3108 1774 3150 et
1794 3101 1945 3150 Voss.
1967 3114 2074 3163 qnoe
2103 3099 2321 3147 incussa.
2352 3097 2477 3147 'Flo-

248 3174 393 3216 rent.
434 3168 583 3219 Leid.
607 3170 758 3219 Voss·
798 3175 841 3221 l.
877 3169 1019 3218 Dan.
1056 3168 1176 3218 Pal.
1218 3173 1264 3219 l.
1296 3164 1436 3227 And„
1457 3167 1586 3215 Bas.
1614 3166 1750 3215 Mer.
1784 3172 1839 3215 et
1875 3165 1989 3216 Col.
2024 3163 2078 3213 vi
2110 3163 2476 3213 incedebam.—

250 3238 319 3283 19
358 3233 473 3284 Pal.
501 3239 546 3285 1.
572 3235 755 3285 Fundis
772 3251 821 3298 q.
856 3232 1057 3284 excessi.
1126 3231 1357 3283 Florent.
1393 3231 1542 3283 Leid.
1566 3231 1721 3282 Voss.
1749 3234 1799 3282 1.
1822 3232 1990 3295 Βοῦς.
2025 3228 2198 3293 Lugd.
2219 3236 2277 3278 et
2300 3228 2472 3278 Amst.

245 3299 461 3362 undique
478 3300 854 3362 inger-chantem
889 3300 1041 3349 Voss.
1063 3302 1113 3348 2.
1137 3296 1546 3360 ingrediebantur.
1618 3298 1852 3348 Florem.
1876 3294 2026 3355 Leid.
2045 3295 2214 3358 Bong.
2239 3301 2294 3343 et
2317 3293 2473 3343 vose.

250 3369 298 3414 1.
322 3370 378 3413 2.
402 3367 527 3429 quod
544 3367 690 3415 inulti
710 3368 832 3429 quod
850 3382 869 3425 ,-
916 3364 1043 3415 Ald.
1079 3364 1205 3413 Bas.
1242 3364 1381 3413 Mer.
1416 3363 1572 3413 Frob.
1595 3370 1650 3413 et
1685 3363 1797 3413 Col.
1820 3364 1941 3426 quod
1960 3360 2147 3424 quidem
2166 3360 2476 3435 serarum.—

246 3434 316 3478 20
354 3430 509 3481 Voss.
535 3436 580 3482 1.
600 3431 832 3481 nainentia
852 3446 991 3480 saxa.
1058 3429 1294 3480 Florent.
1331 3427 1480 3477 L‘eid.
1515 3436 1574 3478 et
1596 3428 1748 3479 Voss.
1786 3431 1832 3476 l.
1856 3430 1909 3476 2.
1928 3433 1983 3475 ut
2005 3428 2068 3475 ad
2088 3425 2137 3474 Ιι.
2153 3430 2473 3489 pervemrent.

248 3495 377 3545 Ald.
402 3504 458 3546 et
481 3497 601 3547 Bas.
623 3503 672 3547 et
693 3512 750 3546 ea
771 3497 889 3560 ipsa.
958 3496 1192 3545 Florem.
1216 3493 1365 3545 Leid.
1389 3495 1542 3543 Voss·
1567 3498 1612 3545 l.
1644 3497 1692 3543 2.
1717 3500 1774 3542 et
1796 3494 1964 3555 Bong.
1987 3490 2238 3540 omittunt
2258 3495 2476 3553 correpta

248 3567 318 3611 et.
365 3563 529 3626 Bong.
556 3568 604 3614 1.
626 3565 858 3613 convolsa.
893 3563 1046 3612 Voss.
1070 3566 1116 3609 2.
1138 3561 1219 3624 qui
1251 3562 1707 3609 commoverat—21
1744 3558 1974 3608 Flore-nt.
2005 3556 2151 3606 Leid.
2175 3565 2232 3605 et
2251 3554 2400 3605 vose.
2428 3559 2474 3604 Ι.

250 3628 362 3676 Nec
383 3635 515 3677 stare
539 3633 778 3693 poterant.
846 3628 963 3678 Pal.
989 3632 1034 3678 1.
1058 3625 1256 3677 omittit
1277 3640 1410 3689 ago,
1428 3632 1485 3674 et
1516 3639 1613 3688 pro
1635 3623 1731 3674 niti
1749 3623 1906 3674 habet
1936 3622 2066 3672 verti
2084 3637 2104 3680 ,·
2139 3621 2287 3671 Voss.
2310 3624 2363 3670 2.-
2384 3620 2478 3670 uti.

248 3692 371 3743 Pal.
411 3698 458 3744 l.
479 3695 664 3759 quidem
688 3694 793 3757 tegi
827 3699 1065 3758 poterant,
1105 3699 1161 3742 et
1203 3705 1322 3741 mox
1361 3706 1456 3754 pro
1493 3690 1713 3752 conjecti,
1746 3690 1964 3739 conducti
1979 3704 1999 3747 ,·
2042 3688 2279 3737 Florent.
2319 3685 2473 3736 Lend.

246 3758 405 3809 Voss.
436 3765 480 3809 1.
510 3760 645 3810 Dan.
672 3759 793 3809 Ald.
822 3761 993 3810 Colin.
1018 3757 1224 3821 Gryph.
1248 3758 1374 3807 Bas.
1397 3756 1535 3805 Mer.
1557 3764 1614 3805 et
1636 3756 1750 3806 Col.
1774 3755 1915 3816 eiecti
1929 3770 1949 3813 ;
1981 3753 2134 3802 Voss.
2166 3757 2216 3802 2.
2252 3751 2473 3801 electi.—

248 3827 315 3873 22
356 3826 589 3876 Florent.
615 3825 765 3877 Leid.
787 3826 934 3876 vose.
957 3830 1003 3876 l.
1026 3831 1082 3874 et
1103 3824 1219 3873 aliae
1243 3821 1365 3872 edd.
1383 3826 1497 3872 ante
1516 3836 1620 3871 eam
1640 3821 1784 3873 diem.
1817 3821 2048 3872 Florent.
2074 3818 2219 3869 Leid.
2242 3818 2398 3867 Voss.
2425 3820 2477 3866 1.

1258 3955 1475 4007 No'rAE

249 4076 420 4131 ditum
438 4073 705 4126 Diodorus
725 4090 740 4135 ;
781 4074 1013 4139 equitum
1051 4079 1318 4124 trecentos
1400 4070 1638 4121 Diodoro
1661 4075 1717 4120 et
1736 4068 1941 4131 Curtio,
1961 4068 2100 4132 ipsas
2119 4063 2297 4116 fauces
2322 4063 2473 4143 Ario·

249 4154 440 4203 solum.
507 4150 613 4200 Sed
638 4149 890 4200 Arrianus
913 4157 1136 4216 quatuor
1155 4150 1320 4200 solum
1402 4148 1676 4200 barzanem
1699 4160 1847 4197 muro
1871 4144 2139 4196 clausisse.

249 4231 413 4281 millia
433 4229 690 4295 peditum,
721 4228 925 4294 equites
963 4229 1321 4294 septingentos
1465 4235 1492 4261 ¹¹
1518 4222 1904 4288 Cilicioesuuces]
1922 4222 2057 4273 Vide
2077 4220 2170 4272 lib.
2185 4234 2275 4271 ιιι.
2291 4233 2409 4283 cap.
2425 4222 2474 4268 9.

250 4314 511 4360 numerat.
598 4304 787 4371 Addit,
826 4306 964 4374 quod
1010 4306 1253 4358 omissum
1292 4318 1323 4355 a
1406 4304 1596 4356 Novum
1626 4303 1747 4377 iter]
1792 4303 1809 4332 ‘
1827 4302 1913 4359 Ad
1946 4299 2274 4357 Phaselidem
2296 4295 2475 4366 Lyciae
