2978 4933
417 363 547 428 102
1201 377 1259 425 J.
1310 375 1821 425 rnnmsrrnmu

412 522 626 583 ceteris
673 524 895 602 impetu
946 521 1105 582 facto
1153 518 1543 581 semisomnos
1600 528 1663 579 et
1708 517 1960 583 inermes
2006 534 2224 597 magna
2253 525 2449 596 strage
2478 517 2615 577 affi-

410 620 605 690 eiunt;
648 621 864 680 multos
890 620 1057 681 vivos
1083 616 1359 700 capiunt:
1401 618 1660 699 reliquos
1704 614 2028 696 conjiciunt
2071 613 2132 674 in
2175 615 2402 694 sugam,
2436 624 2499 675 et
2528 613 2614 675 ad

408 717 847 779 Taulantiorum
877 736 1068 798 usque
1094 729 1323 778 montes
1365 724 1824 797 persequuntur.
1910 714 2009 774 35.
2055 711 2249 773 Clitus
2279 711 2339 771 in
2366 732 2438 773 ea
2464 731 2620 773 con-

408 815 770 876 sternatione
797 816 855 875 in
883 813 1168 896 oppidum
1209 811 1438 874 Pelium
1468 832 1542 898 ¹se
1581 810 1837 891 recepit;
1881 807 2099 871 deinde
2127 810 2254 870 sive
2280 809 2617 871 munimen-

408 912 485 972 tis
512 912 695 987 urbis,
734 912 859 973 sive
902 931 1143 974 suorum
1182 911 1396 973 animis
1426 910 1682 984 diffisus,
1709 909 1956 970 incensa
1980 909 2151 983 urbe,
2179 908 2241 969 in
2265 907 2621 968 Taulantios

409 1009 711 1071 exulatum
740 1010 906 1071 abiit.

489 1107 664 1167 XIII.
770 1108 825 1166 1.
891 1107 1126 1167 Interea
1174 1126 1290 1188 per·
1329 1104 1669 1167 universam
1726 1103 2024 1164 Groeciam
2079 1101 2335 1163 diffusus
2392 1122 2618 1177 rumor,

410 1210 429 1237 ‘
458 1204 865 1266 Alexandrum
909 1205 969 1265 in
1020 1203 1293 1265 Triballis
1340 1201 1672 1275 cecidisse,’
1693 1216 1718 1245 ⁸
1776 1219 1982 1263 omnes
2034 1200 2439 1263 Macedonicis
2484 1202 2621 1282 opi·-

408 1303 519 1362 bus
574 1301 856 1363 adversos
898 1303 959 1363 iu
1005 1321 1172 1383 spem
1212 1322 1406 1363 rerum
1450 1300 1860 1362 novandarum
1908 1299 2113 1361 erexit.
2214 1302 2277 1362 2.
2334 1298 2425 1359 Ea
2462 1318 2619 1377 quo-

407 1418 525 1477 que
560 1399 622 1457 in
668 1401 844 1461 rebus
889 1400 1165 1461 humanis
1192 1398 1357 1460 haud
1386 1408 1698 1479 postrema
1722 1396 2029 1459 calamitas
2055 1405 2170 1470 est,
2198 1395 2361 1476 quod
2382 1405 2620 1457 utcum-

408 1515 525 1574 que
553 1495 665 1557 levi
695 1498 939 1571 auctori,
969 1518 1105 1578 quse
1153 1498 1314 1560 facta
1353 1490 1656 1578 optamus,
1702 1507 1824 1560 tam
1866 1496 2038 1557 enixe
2064 1493 2409 1567 creduntur,
2439 1492 2619 1574 quasi

404 1593 636 1654 veritati
681 1595 799 1654 vim
844 1595 1052 1657 afferre
1102 1596 1293 1678 possit
1332 1596 1601 1677 pertinax
1644 1606 1707 1657 et
1731 1594 2053 1683 ‘impatiens
2094 1591 2347 1653 rationis
2376 1590 2616 1671 opinio.

410 1691 470 1748 3.
506 1689 799 1771 Repertus
828 1704 922 1754 est
951 1695 1053 1773 qui
1091 1701 1108 1729 ‘
1133 1690 1206 1755 'se
1234 1693 1591 1773 inspiciente
1618 1693 2080 1754 circumventum
2107 1686 2349 1769 regem:
2380 1699 2459 1759 et,
2487 1707 2617 1767 quo

400 1785 597 1847 minus
625 1789 1040 1869 ambigeretur,
1079 1796 1096 1826 ‘
1125 1809 1192 1851 se
1219 1790 1282 1851 in
1306 1810 1381 1851 ea
1407 1809 1612 1871 pugna
1639 1789 2012 1849 vulneratum
2038 1805 2174 1847 esse
2196 1785 2212 1812 ’
2255 1785 2617 1846 affirmaret:-

400 1881 462 1942 id
514 1887 716 1964 pronis
747 1885 1000 1953 ,auribus
1028 1896 1340 1968 acceptum
1378 1887 1823 1968 vulgatumque,
1850 1886 2158 1946 civitatum
2183 1883 2605 1945 Thebanorum

400 1990 679 2042 extremae
725 1982 1081 2044 calamitatis
1128 1983 1358 2046 initium
1404 1983 1619 2045 extitit.
1701 1986 1763 2043 4.
1806 1982 2043 2062 Quippe
2084 2000 2165 2042 eo
2193 1979 2405 2041 nuntior
2431 1977 2613 2039 exciti

406 2076 652 2155 quidam
678 2081 941 2154 exulum,
957 2102 1108 2161 quos
1138 2102 1174 2142 a
1201 2081 1479 2162 Philippo
1504 2080 1731 2161 ejectos
1756 2078 2033 2151 diximus,
2057 2077 2309 2139 ducibus
2330 2075 2615 2137 Phoenice

407 2181 470 2234 et
496 2173 802 2257 Prothyte,
829 2180 1141 2257 praefectos
1162 2177 1564 2240 Macedonum
1592 2178 1692 2257 qui
1723 2174 2050 2236 Cadmeam
2078 2175 2445 2247 obtinebant,
2473 2190 2615 2232 cum

407 2270 573 2329 nulla
609 2272 731 2333 doli
774 2274 1111 2354 suspicione
1145 2286 1314 2335 extra
1349 2292 1543 2335 arcem
1587 2273 1890 2354 progressi
1928 2282 2155 2347 essent,
2182 2273 2619 2333 obtruncanu·

407 2366 634 2428 civilius
663 2368 741 2428 ad
768 2370 1102 2449 speciosum
1130 2371 1453 2432 liberandae
1489 2371 1697 2451 patriae
1728 2371 1961 2432 titulum
1991 2381 2228 2431 strenue
2256 2387 2615 2430 concurren-

408 2465 586 2539 tibus,
611 2468 950 2549 praesidium
979 2468 1331 2540 obsident;⁰
1356 2480 1419 2531 et
1446 2469 1668 2552 duplici
1696 2470 1856 2529 vallo
1886 2470 2190 2549 fossaque,
2217 2488 2295 2528 ne
2321 2484 2613 2528 commea·

407 2576 501 2625 tus
543 2579 650 2627 aut
691 2565 908 2629 auxilia
945 2568 1209 2630 submitti
1252 2580 1524 2651 possent,
1550 2567 1940 2629 circumdant.
2023 2571 2082 2628 5.
2127 2565 2364 2646 Legatis
2393 2563 2613 2626 deinde

407 2664 738 2744 supplicum
787 2665 992 2727 habitu
1044 2665 1267 2728 circum
1314 2666 1587 2728 civitates
1634 2665 1887 2725 Graeciae
1933 2662 2132 2725 missis
2177 2664 2448 2736 orabant,
2488 2670 2505 2696 ‘
2534 2680 2613 2721 ne

409 2760 619 2822 deesse
667 2763 889 2823 vellent
928 2763 1174 2843 indigne
1195 2775 1465 2845 ,ereptam
1495 2763 1827 2824 libertatem
1855 2758 2301 2844 repetentibus?
2382 2759 2461 2819 Et
2487 2757 2613 2820 De-

407 2859 751 2920 mosthenes
781 2860 1023 2939 quidem
1049 2863 1233 2924 veteri
1258 2863 1318 2922 in
1349 2861 1718 2924 Macedonas
1763 2859 1903 2921 odio
1945 2858 2341 2921 Athenienses
2379 2874 2612 2937 permo-

405 2951 541 3027 vit,‘¹
582 2967 649 3017 ut
690 2958 912 3019 auxilia
952 2969 1179 3039 promte
1217 2959 1642 3020 decernerent:
1685 2957 1872 3018 missa
1898 2968 2098 3017 tamen
2129 2974 2249 3017 non
2278 2966 2439 3026 sunt,
2468 2954 2610 3034 quia

410 3053 608 3114 subito
638 3050 963 3116 Alexandri
1006 3056 1267 3117 adventu
1295 3056 1596 3137 ‘perculsis
1627 3055 1996 3138 expectanda
2023 3056 2281 3115 fortunoe
2306 3052 2613 3115 inclinatio

405 3150 740 3214 videbatur.
842 3154 898 3214 6.
957 3154 1397 3216 Demosthenes
1447 3155 1689 3235 privatis
1744 3155 1931 3235 copiis
1991 3153 2308 3214 Thebanos
2363 3149 2613 3230 adjuvit,

407 3267 815 3330 magnumque
867 3271 1163 3314 armorum
1218 3274 1525 3315 numerum
1581 3253 1767 3334 gratis
1822 3250 2354 3313 subministravitz⁰
2391 3249 2616 3330 quibus

405 3348 721 3426 perarmati
749 3349 849 3429 qni
879 3349 1154 3433 Philippo
1182 3353 1480 3414 adimente
1505 3372 1614 3413 sua
1637 3351 1975 3422 amiserant,
1998 3348 2279 3409 Cadmeae
2301 3346 2614 3429 proesidia-

410 3443 512 3504 riis
538 3445 751 3506 acriter
779 3448 1143 3511 institerunt.
1230 3454 1287 3511 7.
1317 3441 1887 3531 Peloponnesiorum
1914 3447 2077 3507 haud
2106 3446 2369 3507 invalida
2394 3465 2607 3507 manus

405 3542 484 3602 ad
511 3544 804 3605 Isthmum
832 3545 1260 3608 convenerat:r
1296 3549 1374 3609 ad
1416 3569 1568 3629 quos
1611 3568 1746 3608 cum
1790 3546 2121 3625 Antipater,
2149 3564 2326 3623 quem
2348 3543 2607 3617 inter-im,

403 3640 545 3700 dum
589 3641 843 3715 abesset,
886 3641 1263 3705 Macedoniae
1302 3646 1653 3727 praefecerat
1697 3664 1822 3716 rex,
1868 3643 2127 3703 misisset
2164 3641 2434 3721 petitum,
2479 3650 2496 3678 ‘
2529 3662 2608 3701 ne

401 3751 609 3798 contra
633 3759 945 3803 commune
974 3741 1226 3805 Groecioe
1256 3743 1560 3806 decretum
1587 3763 1723 3804 cum
1750 3741 2033 3824 professis
2061 3739 2387 3804 Alexandri
2415 3739 2613 3801 hosti*

402 3834 514 3894 bns
556 3835 806 3898 consilia
852 3840 1223 3911 miscerent3’
1265 3842 1649 3908 nihilominus
1677 3842 2090 3901 Thebanorum
2120 3846 2387 3898 oratores
2417 3838 2617 3898 admi-2

467 4021 491 4046 ²
524 4014 734 4069 Arrian.
753 4033 794 4069 r.
816 4023 866 4069 7.
885 4019 1081 4074 Justin.
1103 4035 1188 4073 xx.
1213 4028 1266 4074 2.
1287 4028 1337 4073 8.
1616 4031 1637 4058 e
1663 4025 1809 4075 Plnt.
1852 4021 2119 4073 Demosth.
2173 4037 2227 4086 p.
2287 4025 2402 4072 856.
2447 4020 2608 4072 Diod.

472 4092 496 4127 δ
530 4094 741 4147 Arrisn.
763 4097 796 4147 l.
820 4099 851 4146 Ι.
1552 4114 1692 4151 xvn.
1714 4115 1765 4164 p.
1791 4103 1902 4151 665.

461 4176 488 4279 ἑ
521 4168 806 4300 ξάἰοειιιδίο.
827 4187 972 4227 xvir.
996 4190 1049 4241 p.
1069 4179 1181 4225 460.
1612 4175 1634 4210 f
1662 4177 1907 4227 Dinarch.
1933 4180 2100 4226 contr.
2121 4173 2396 4225 Demosth.
2412 4168 2435 4178 “
2591 4251 2619 4282 ’ἰ
