2978 4933
506 374 641 441 468
971 388 1038 448 Q.
1086 382 1350 436 cunru
1401 384 1583 435 num
1634 387 1785 437 ms.
1833 389 1936 437 vl.
1982 389 2149 440 cAP.
2190 376 2251 443 8.

514 534 980 609 aestimaretur,
1023 535 1043 565 ‘
1064 528 1458 599 Cebalinum
1501 530 1772 615 quidem
1820 534 2026 599 scorti
2086 547 2459 603 sermonem
2515 539 2604 606 ad
2638 560 2711 606 se

512 638 886 717 detulisse3
931 632 1055 699 sed
1109 634 1331 718 ipsum
1394 640 1533 699 tam
1578 635 1713 700 levi
1764 638 2022 702 auctori
2069 639 2235 704 nihil
2292 640 2715 708 credidisse'

512 739 881 825 respondit,
909 742 930 772 ‘
954 737 1258 814 veritum,
1287 755 1373 801 ne
1400 737 1698 822 jurgium
1719 737 1895 804 inter
1922 759 2218 808 amorem
2246 752 2313 811 et
2341 746 2712 824 exoletum,

510 863 648 909 non
691 843 836 909 sine
884 843 1022 908 risu
1067 841 1362 920 aliorum,
1423 841 1796 909 detulisset.
1885 845 1993 910 34.
2039 845 2212 912 Cum
2258 849 2570 934 Dymnus
2616 851 2717 914 in-

512 949 850 1013 teremerit
899 958 978 1012 'se
1019 948 1264 1030 ipsum,
1294 947 1812 1033 qualiacumque
1855 957 2070 1030 erant,
2114 970 2249 1017 non
2291 952 2509 1019 fuisse
2550 953 2714 1019 reti-

512 1051 729 1117 cenda
757 1050 796 1117 :⁹
842 1051 1379 1136 complexusque
1398 1047 1425 1086 ¹¹
1473 1070 1714 1134 regem,
1747 1070 1941 1130 orare
1987 1054 2218 1138 coepit,
2273 1058 2296 1088 ‘
2316 1050 2715 1140 ut‘praeteri-

510 1165 648 1221 tam
681 1156 887 1220 vitam
929 1155 1153 1239 potius
1200 1173 1403 1239 quam
1454 1153 1748 1239 culpam,
1794 1155 2046 1221 silentii
2089 1163 2339 1236 tamen,
2369 1178 2507 1223 non
2546 1159 2713 1225 facti

511 1259 741 1338 ulliuS,
786 1257 1193 1323 intueretur.’
1276 1257 1384 1322 35.
1434 1258 1647 1323 Haud
1691 1259 1889 1324 facile
1934 1260 2238 1338 dixerim,
2271 1262 2713 1328 credideritne

511 1364 576 1428 ei
609 1383 752 1442 rex,
780 1374 872 1428 an‘
894 1363 1092 1428 altius
1136 1362 1302 1427 iram
1350 1362 1844 1445 suppresserit:
1892 1362 2202 1429 dextram
2249 1364 2711 1430 reconciliatae

510 1467 747 1551 gratiae
780 1468 1034 1550 pignus
1056 1465 1316 1544 obtulit,
1345 1473 1415 1529 et
1446 1470 1464 1498 ‘
1486 1473 1892 1532 contemtum
1914 1467 2149 1549 magis,
2180 1488 2385 1553 quam
2416 1468 2708 1559 celatum

510 1571 828 1635 indicium
851 1590 1002 1636 esse
1039 1570 1249 1637 videri
1281 1569 1414 1634 sibi
1435 1570 1453 1597 '
1481 1570 1676 1636 dixit.
1954 1659 1957 1662 .
2176 1642 2183 1647 ,

599 1691 763 1739 vm.
808 1676 871 1738 1.
946 1674 1303 1740 Advocato
1353 1681 1573 1739 tamen
1634 1674 1913 1740 consilio
1974 1676 2365 1756 amicorum,
2414 1677 2530 1741 cui
2576 1681 2709 1741 tum

508 1774 826 1844 Philotas
888 1778 1225 1844 adhibitus
1296 1798 1433 1843 non
1512 1785 1638 1857 est,
1715 1777 2255 1845 ‘Nicomachum
2324 1777 2711 1845 introduci'

498 1885 713 1983 jubet.
804 1882 878 1946 Is
909 1882 1170 1960 eadem,
1194 1902 1350 1967 qua}
1378 1881 1707 1947 detulerat
1734 1882 1821 1948 ad
1850 1901 2098 1965 regem,
2115 1882 2340 1947 ordine
2365 1883 2709 1966 exposuit.

509 1988 574 2052 2.
629 1985 790 2051 Erat
837 1984 1155 2051 Craterus
1201 1985 1341 2069 regi
1387 2003 1583 2049 carus
1625 1985 1695 2048 in
1742 1985 2009 2068 pauciS,
2053 1992 2118 2051 et
2158 2005 2240 2050 eo
2289 1984 2581 2050 Philotae
2626 1987 2711 2050 ob

512 2090 1001 2156 aemulationem
1074 2089 1428 2171 dignitatis
1486 2088 1863 2155 adversus:
1936 2090 2000 2154 3.
2062 2109 2273 2174 neque
2332 2089 2708 2172 ignorabat,

510 2213 696 2277 saepe
726 2192 1099 2258 Alexandri
1142 2193 1419 2258 auribus
1464 2192 1675 2256 nimia
1708 2191 2090 2275 jactatione
2118 2190 2441 2257 virtutis⁰
2498 2201 2706 2277 atque

509 2304 736 2379 operae
786 2316 1053 2379 gravem
1102 2295 1337 2375 fuisse,
1384 2300 1453 2360 et
1499 2297 1587 2361 ob
1633 2317 1715 2362 ea
1759 2316 1892 2360 non
1938 2296 2208 2381 quidem
2254 2296 2561 2373 sceleriS,
2591 2297 2706 2360 sed

509 2400 952 2464 contumaciae
1007 2409 1228 2464 tamen
1292 2417 1447 2463 esse
1504 2405 1914 2484 suspectum.
2001 2399 2070 2464 4.
2119 2398 2185 2462 N
2191 2418 2275 2461 on
2315 2396 2524 2461 aliam
2565 2419 2707 2482 pre-

508 2503 729 2568 mendi
782 2503 1033 2567 inimici
1086 2504 1558 2569 occasionem⁶
1608 2505 1930 2588 aptiorem
1973 2503 2261 2567 futuram
2310 2507 2525 2580 ratus,
2553 2501 2706 2567 odio

572 2712 596 2736 ⁰
633 2703 797 2753 Nimia
813 2705 1123 2755 ostentatione
1129 2702 1439 2766 fortitudinis
1460 2704 1821 2767 meritorumque
1841 2717 2030 2752 suorum
2047 2702 2440 2763 odiosumfuisse.

571 2767 595 2801 ὃ
626 2769 870 2820 Perdendi
895 2769 1098 2820 Philotae
1117 2768 1534 2834 opportunitatem.

1411 2930 1785 2970 ..OOOOOOOO'OOO

509 3045 560 3090 2.
581 3040 913 3102 extimaretur,
936 3046 991 3089 et
1015 3040 1169 3105 paulo
1193 3045 1317 3105 post
1337 3040 1537 3091 omittit
1574 3040 1928 3099 aliorum—34
1962 3039 2193 3089 Florent.
2225 3036 2374 3088 Leid.
2413 3045 2469 3088 et
2490 3037 2639 3087 Voss
2665 3042 2706 3089 l.

510 3109 559 3154 2.
582 3105 877 3155 interemerit
898 3113 1042 3155 semet
1059 3121 1079 3162 ,·
1132 3104 1301 3155 Amat.
1321 3113 1377 3155 et
1394 3106 1562 3170 Lugd.
1583 3110 1728 3155 semet
1748 3104 2062 3154 interemerit.
2108 3103 2213 3152 Pro
2232 3108 2369 3154 erant
2388 3104 2559 3153 Bothe
2584 3105 2703 3167 legit

507 3170 627 3227 sint,
663 3169 745 3218 vel
768 3168 1107 3229 sumna-35
1143 3169 1291 3220 Leid.
1318 3171 1472 3222 Voss.
1498 3176 1550 3222 1.
1572 3179 1627 3220 et
1650 3172 1789 3220 Dan.
1819 3169 1997 3234 pignus
2030 3169 2218 3232 optulit.
2268 3169 2420 3218 Voss.
2442 3172 2493 3217 2.
2517 3169 2613 3219 eibi
2641 3169 2702 3217 vi·

509 3236 617 3285 deri
632 3251 653 3294 ,·
688 3235 920 3285 Florent.
943 3234 1139 3285 omittit
1159 3235 1253 3284 sibi
1266 3251 1286 3293 ‚·
1322 3235 1487 3286 Codd.
1511 3235 1892 3299 snakenburgii
1914 3235 2068 3283 videri
2087 3234 2179 3283 sibi
2200 3233 2397 3284 dia-erit.

576 3305 602 3349 1
640 3299 809 3350 Amst.
840 3302 1054 3352 concilio.
1121 3301 1349 3351 Floreat.
1376 3302 1524 3350 Leid.
1549 3302 1703 3351 Voss.
1726 3305 1774 3351 1.
1796 3304 1846 3351 2.
1885 3298 2221 3361 Bongarsiani
2245 3298 2396 3349 codd.
2421 3302 2476 3347 et
2498 3296 2698 3347 Gruteri

508 3380 720 3416 omnes:
755 3367 834 3416 cui
854 3371 1124 3416 tamem—3
1159 3365 1311 3415 Voss.
1334 3371 1385 3416 2.
1404 3382 1488 3416 nee
1508 3367 1778 3428 ignorabat.
1819 3364 1943 3414 ΑΜ.
1962 3364 2257 3414 Alexandro.
2312 3364 2419 3412 Pro
2427 3363 2703 3424 jactatione,

508 3431 740 3481 Florent.
777 3431 924 3481 Leid.
957 3434 1105 3481 Voss.
1130 3435 1177 3480 1.
1199 3445 1378 3480 omnes
1402 3431 1637 3492 Gruter-i,
1660 3429 1837 3494 Sigeb.
1862 3430 2050 3479 Venet.
2080 3431 2271 3479 Veron.
2302 3429 2428 3478 Vct.
2462 3443 2546 3478 an.
2574 3432 2704 3478 1474.

507 3496 629 3545 Ald.
652 3498 823 3547 Colin.
845 3497 1047 3562 Gryph.
1082 3497 1218 3547 Mer.
1240 3497 1358 3546 Bas.
1392 3503 1447 3546 et
1470 3497 1582 3546 Col.
1602 3497 1785 3545 actione
1800 3511 1820 3554 ,⁶
1880 3496 2060 3544 Colon.
2094 3494 2357 3555 taxatione,
2395 3499 2456 3542 et
2487 3508 2584 3557 pro
2613 3508 2654 3541 v.
2674 3494 2704 3540 1.

493 3563 776 3623 jactatione.
845 3562 996 3611 Voss.
1025 3567 1072 3613 1.
1097 3562 1233 3611 Mer.
1259 3562 1370 3611 Col.
1389 3563 1514 3611 Bas.
1536 3569 1592 3611 et
1612 3560 1736 3611 Ald.
1753 3575 1905 3624 opere.
1970 3562 2122 3609 Voss.
2143 3564 2192 3608 2.
2215 3564 2263 3609 et
2283 3559 2343 3607 ab
2363 3573 2437 3608 ea.
2504 3559 2639 3608 Pan.
2661 3562 2702 3606 1.

506 3631 557 3676 2.
580 3636 635 3676 et
658 3628 822 3691 Bong.
845 3626 1095 3677 Gruteri:
1136 3632 1239 3676 tum
1277 3642 1377 3677 esse
1411 3632 1678 3690 suspectum
1693 3642 1713 3685 ,·
1761 3626 1996 3675 Florent.
2021 3624 2170 3675 Leid.
2206 3626 2360 3674 Voss.
2387 3628 2435 3673 1.
2480 3624 2620 3673 Dan.
2648 3631 2701 3684 ¹et

506 3692 624 3742 Pal.
645 3696 694 3742 3.
719 3697 875 3742 tamen
896 3707 995 3742 esse
1015 3697 1296 3756 suspectum,
1316 3692 1456 3756 quod
1475 3693 1679 3757 recepit
1701 3690 2022 3742 Schmieder.
2089 3690 2295 3739 Ceterae
2316 3688 2439 3738 edd.
2463 3688 2641 3739 delent
2652 3685 2700 3736 τὸ

1419 3859 1424 3864 .
1500 3791 1715 3878 NoTAE

489 3908 516 3921 “”
569 3917 594 3952 ¹¹
616 3922 920 3986 Complexus]
944 3924 1110 3974 Nimis
1135 3924 1232 3975 hoc
1249 3922 1568 3984 festinatum,
1614 3924 1976 3976 'intercidisse
2015 3918 2209 3989 aliquid
2245 3928 2368 3971 ante
2405 3919 2495 3972 illa
2536 3914 2700 3979 verba,

502 4010 599 4047 nec
621 4000 747 4049 satis
772 4014 861 4050 reo
892 4017 952 4051 ac
985 4005 1211 4068 supplici
1234 4004 1567 4067 conveniens,
1645 4019 1749 4053 cum
1771 4004 2009 4069 Dymnus,
2025 4005 2108 4066 ἔμ’.
2132 4009 2242 4051 tum
2263 4001 2481 4062 alteram
2507 4010 2694 4064 quoque

500 4076 1199 4147 nondumimpetratavenia,
1217 4083 1442 4134 nondum
1458 4084 1566 4147 pla·
1646 4082 1881 4131 lacunam
1905 4080 2054 4145 sequi
2084 4086 2206 4129 ante
2242 4079 2364 4140 ista,
2407 4078 2695 4140 Complexus·

502 4162 622 4206 cato
646 4157 822 4206 multis
855 4155 1243 4209 defensionibus
1278 4167 1367 4210 aut
1400 4160 1563 4223 preci·
1645 4172 1766 4222 que:
1789 4156 1923 4222 quod
1952 4154 2161 4221 quidem
2182 4153 2318 4204 haud
2345 4166 2411 4203 ex
2435 4166 2565 4201 vano
2587 4164 2694 4200 con-

505 4232 600 4282 bus
634 4246 776 4296 rege,
798 4241 857 4282 ut
886 4234 1090 4297 quidem
1116 4236 1465 4286 Freinshemio
1489 4237 1564 4286 vi·
1633 4237 1831 4301 jectan-i
1854 4234 2108 4286 fatebitur
2135 4234 2365 4299 quisquis
2402 4232 2558 4282 totius
2591 4243 2690 4279 nar·

504 4325 614 4359 sum
654 4321 764 4374 est3
819 4311 904 4377 qui
953 4319 1229 4376 propterea
1272 4314 1565 4378 suspicatur
1648 4314 1864 4364 rationis
1889 4314 2074 4364 seriem
2097 4312 2351 4363 attentius
2372 4308 2578 4373 legerit.
