2978 4933
720 385 981 434 surm..
1028 384 1110 432 m
1161 386 1235 444 Q.
1277 383 1631 432 cunnum
1682 384 1831 433 ms.
1880 383 1963 433 11.
2299 370 2431 437 125

220 539 306 590 ter
332 549 481 590 usus
510 538 675 599 eran
718 511 937 590 multos
965 528 1195 603 lancea,
1225 528 1373 589 alios
1415 548 1560 595 ense
1606 529 1981 590 confecerat:
2023 528 2311 610 primique
2354 547 2430 592 ex

220 627 491 700 hostibus
521 629 723 708 fuga-m
749 627 1169 708 arripuerunt,⁸
1205 628 1308 708 qui
1349 639 1560 688 contra
1603 627 1799 707 ipsum
1833 628 2244 701 constiterant.
2288 654 2295 660 ·
2330 633 2429 693 30.

223 725 556 787 Consilium
602 745 838 806 quoque
876 722 1063 806 ipsius
1093 724 1308 786 audaci
1337 725 1555 805 specie,
1583 724 1717 804 plus
1746 735 1948 786 tamen
1976 725 2219 787 rationis
2249 745 2431 807 quam

220 824 567 885 temeritatis
610 823 852 884 habuit:
893 833 1263 905 pugnaturos
1300 823 1587 900 adversus
1615 823 1850 884 hostem
1877 842 2117 898 novum,
2147 844 2429 886 numero-

222 940 332 1000 que
379 919 566 1003 longe
609 921 991 1001 superiorem,
1039 922 1217 981 etiam
1267 920 1687 1001 desperatione
1742 940 1969 982 armare
2014 922 2303 998 voluerat,
2361 935 2431 985 ut

211 1015 535 1098 'praecisam
561 1018 795 1098 objectu
832 1018 1089 1078 fluminis
1126 1019 1331 1099 fugam
1373 1017 1724 1099 conspicati,
1752 1020 1989 1079 omnem
2018 1019 2229 1081 salutis
2260 1040 2429 1100 spem

219 1115 276 1174 in
312 1115 567 1177 victoria
610 1115 1022 1177 collocarent.¹²
1106 1118 1209 1180 31.
1250 1116 1672 1178 Thessalorum
1720 1116 1918 1189 etiam,
1959 1138 2096 1178 nam
2138 1118 2207 1178 -id
2251 1120 2430 1181 robur

220 1213 522 1293 equitatus
567 1222 713 1288 erat,
755 1211 1008 1293 insignis
1040 1232 1113 1274 eo
1159 1213 1255 1274 die
1305 1233 1485 1294 opera
1527 1212 1762 1275 extitit:
1805 1233 1998 1294 neque
2029 1215 2210 1275 ceteri
2231 1214 2431 1276 officio

222 1330 326 1371 sno
346 1310 705 1380 defuerunt:
737 1311 1065 1391 praesertim
1093 1312 1344 1392 equites,
1377 1331 1515 1372 nam
1537 1313 1794 1391 equestri
1816 1312 2193 1392 potissimum
2220 1313 2429 1393 praelio

220 1418 525 1470 transacta
571 1429 666 1470 res
719 1418 852 1470 est:
900 1409 1136 1489 pedites
1192 1430 1226 1470 e
1276 1409 1532 1490 vestigio
1580 1419 1910 1472 cesserunt.
1998 1413 2095 1471 32.
2142 1411 2429 1471 Ceterum

222 1505 562 1569 Alexander
606 1507 921 1567 Persarum
969 1506 1152 1567 etiarn
1192 1507 1593 1568 nobilissimos
1636 1508 1955 1586 sepulturae
1999 1508 2328 1579 tradidit;²
2368 1519 2430 1570 et

220 1613 514 1684 quotquot
542 1624 617 1664 ex
644 1602 870 1663 Graecis
897 1604 1274 1664 mercenariis
1298 1604 1572 1664 hostibus
1602 1615 1893 1666 merentes
1915 1606 2254 1667 ceciderant
2278 1627 2295 1669 :
2325 1609 2430 1688 qui

222 1711 418 1763 autem
446 1721 651 1763 eorum
675 1701 792 1761 vivi
819 1702 882 1760 in
901 1711 1257 1781 potestatem
1283 1702 1506 1763 redacti
1535 1703 1791 1776 fuerant,
1835 1712 1854 1738 ‘
1874 1723 1980 1764 eos
2006 1723 2114 1785 per
2139 1704 2427 1765 Macedo-

222 1800 376 1860 niam
405 1800 466 1859 in
498 1798 801 1878 ergastula
827 1798 1097 1860 distribui
1121 1800 1135 1824 '
1177 1798 1409 1878 jussit,‘¹
1449 1806 1467 1834 ‘
1491 1797 1653 1878 quod
1683 1810 1891 1860 contra
1911 1821 2225 1862 commune
2257 1801 2429 1864 Grae-

222 1917 422 1959 corum
459 1896 783 1971 decretum,
821 1916 928 1977 pro
967 1898 1352 1984 barbarorum
1389 1896 1788 1959 dominatione
1838 1899 2125 1962 adversus
2174 1901 2428 1980 patriam

222 1995 692 2077 pugnavissent!
771 1997 871 2057 33.
916 1995 1234 2057 Thebanos·
1275 2007 1475 2056 tamen
1516 1997 1789 2069 dimisae
1841 1997 1965 2077 qui,
2015 1997 2217 2058 excisa
2261 1999 2427 2071 urbe,

225 2094 469 2155 ademtis
516 2093 695 2172 agris,
739 2094 1096 2154 necessitate
1141 2093 1334 2173 magis
1380 2112 1562 2173 quam
1614 2104 1827 2174 sponte
1874 2104 2264 2173 peccassent:
2300 2093 2427 2174 jam

226 2191 376 2251 enim·
404 2200 499 2251 tot
539 2189 777 2250 illorum
823 2190 1268 2251 calamitatibus
1307 2192 1547 2271 expleta
1592 2190 1732 2251 odia
1769 2190 2188 2252 misericordiae
2232 2192 2429 2253 locum

223 2289 503 2350 fecerant.
591 2289 687 2348 34.
724 2287 1005 2348 Posthaec
1028 2287 1104 2348 de
1132 2289 1428 2348 manubiis
1458 2298 1754 2349 trecentos
1783 2289 2026 2370 clypeos
2059 2289 2291 2370 selegit,
2321 2290 2427 2370 qui

227 2385 510 2447 Minervae
538 2384 894 2445 Atheniensi
918 2384 1383 2460 dedicarentur,‘
1417 2387 1676 2469 superbo
1703 2406 1841 2447 cum
1869 2388 2082 2449 titulo:
2128 2396 2147 2424 ι
2166 2389 2430 2449 Alexan-

231 2482 395 2544 dmm
424 2483 685 2564 Philippi
728 2484 796 2543 F.
829 2483 1215 2563 Graecosque,
1236 2486 1506 2564 exceptis
1538 2484 2023 2559 Lacedaemoniis,
2054 2486 2129 2547 de
2156 2487 2427 2547 barbaris

229 2580 424 2641 Asiam
455 2580 854 2643 incolentibus
884 2579 1313 2662 suspendisse.’
1399 2585 1500 2641 35.
1547 2579 1617 2640 Id
1648 2600 1720 2641 eo
1766 2582 2009 2653 fecerat,
2052 2592 2122 2642 ut
2169 2602 2432 2642 commu-

225 2679 412 2739 nicata
438 2679 706 2739 victoriae
735 2678 915 2739 laude
948 2677 1177 2738 Graecis
1224 2676 1303 2736 ad
1341 2687 1570 2737 ceteras
1617 2676 1759 2736 belli
1810 2678 2197 2740 necessitates
2249 2680 2427 2739 obse-

224 2777 624 2855 quentioribus
652 2788 954 2838 utereturi
997 2775 1170 2836 simul
1200 2771 1785 2836 Lacedaemoniorum
1825 2775 2263 2835 contumaciam
2309 2788 2429 2837 tra-

225 2873 496 2947 ducebat,
540 2874 642 2955 qui
683 2894 950 2950 seorsum
997 2874 1162 2934 initis
1205 2874 1469 2934 consiliis
1529 2892 1566 2931 a
1619 2883 1817 2933 cetero
1874 2871 2127 2933 Graeciae
2184 2892 2428 2953 corpore

224 2972 468 3053 abrupti,
497 2971 764 3051 tantique
791 2970 1024 3032 decoris
1053 2980 1325 3052 expertes
1356 2971 1735 3031 mansissent.
1822 2971 1923 3032 36.
1968 2971 2179 3050 Neque
2199 2972 2427 3046 matri-s,

223 3088 395 3147 qnam
433 3070 656 3129 eximia.
692 3070 910 3148 pietate
953 3088 1186 3149 semper
1234 3069 1437 3142 coluit,
1491 3069 1731 3140 oblitus,
1784 3068 2045 3149 pocula,⁸
2084 3090 2427 3150 purpuram,

225 3166 453 3248 aliaque
480 3167 544 3227 id
572 3186 764 3248 genus
802 3167 1064 3247 pretiosa
1108 3167 1320 3248 spolia,
1365 3167 1574 3247 paucis
1621 3166 1857 3240 demtiS‚
1909 3166 1987 3226 ad
2032 3165 2196 3226 illam
2235 3178 2430 3227 trans-

229 3265 399 3325 misit.

299 3359 405 3422 VI.
476 3364 530 3425 1.
574 3363 724 3424 Post
749 3362 866 3424 hoc
894 3362 1163 3442 praelium
1192 3361 1389 3422 denuo
1420 3361 1499 3422 ad
1525 3361 1694 3421 llium
1716 3347 2018 3441 profectus
2038 3358 2430 3433 Alexander,⁸
2492 3366 2497 3370 “

230 3458 370 3520 Deae
400 3462 620 3540 gratias
649 3461 794 3541 egit,
820 3481 956 3540 quse
984 3459 1313 3539 gravissimi
1341 3458 1485 3519 belli
1520 3458 1836 3519 discrimen
1881 3451 2199 3526 aditurum,
2250 3457 2427 3515 armis

229 3567 285 3617 et
310 3558 600 3617 ominibus
618 3557 895 3638 juvisset.
948 3560 1005 3615 2.
1041 3557 1276 3637 Quippe
1306 3556 1591 3637 superiori
1620 3565 1880 3635 tempore
1908 3574 2045 3615 cum
2069 3552 2267 3612 statim
2291 3557 2430 3633 pest

228 3655 630 3715 transmissum
683 3654 1141 3734 Hellespontum
1191 3673 1263 3714 eo
1313 3653 1746 3725 contendisset,
1775 3655 1863 3713 uti
1894 3671 2072 3730 supra
2102 3650 2426 3723 retulimus,

231 3761 362 3811 ante
387 3752 589 3813 fanum
630 3752 917 3814 Minervae
952 3763 1211 3813 statuam
1245 3764 1578 3833 equestrem
1625 3751 1788 3809 humi
1838 3756 2196 3828 prostratam
2240 3742 2432 3824 vidit}

291 3951 314 3978 ⁸
346 3947 498 3998 Diod.
516 3950 551 3998 1.
577 3949 618 4000 1.
1430 3945 1450 3979 f
1475 3943 1685 3995 Arrian.
1710 3943 1744 3993 l.
1769 3944 1802 3993 l.
1836 3942 1981 3992 Plut.
2000 3942 2152 3993 Alex.
2178 3947 2364 4009 p.6·13.

288 4021 312 4055 b
347 4022 430 4073 ld.
448 4026 481 4073 l.
505 4028 541 4075 1.
1429 4033 1454 4067 s
1487 4023 1635 4072 Plut.
1665 4014 1820 4072 Alex.
1841 4022 1876 4071 l.
1899 4021 1935 4070 l.

291 4108 312 4131 ⁰
346 4101 544 4152 Arrian.
570 4117 609 4153 ι.
634 4107 714 4153 17.
1430 4108 1453 4133 ὃ
1484 4098 1661 4149 strab.
1687 4112 1813 4150 xm.
1837 4114 1892 4162 p.
1915 4101 2031 4148 593.

297 4176 321 4210 ἃ
351 4176 436 4227 Id.
455 4178 485 4228 1.
505 4181 540 4229 Ι.
1431 4178 1454 4212 ¹²
1488 4175 1772 4228 Diod-Sic.
1794 4185 1933 4226 xvir.
1953 4189 2008 4240 p.
2033 4178 2148 4225 571.

294 4262 316 4287 ‘
349 4255 490 4306 Plut.
515 4255 778 4322 Apophtb.
796 4271 842 4309 c.
865 4262 946 4309 4⁰.
2019 4287 2023 4294 ¹
