2978 4933
724 382 984 431 sueri..
1032 382 1114 431 m
1165 384 1233 443 Q·
1281 380 1629 431 culmum
1682 383 1830 431 ma.
1881 383 1930 431 1.
2336 367 2423 431 93

241 526 538 607 parricidae
577 527 638 585 in
680 546 853 587 cruce
901 525 1181 605 pendenti
1223 545 1504 588 coronam
1553 545 1789 586 auream
1840 526 2216 606 impositamq
2248 547 2441 587 nemo⁴

243 625 545 699 dubitavit,
571 624 804 704 aliaque
830 625 1094 685 facinora
1118 633 1454 704 perpetrata
1482 633 1642 696 sunt,
1670 643 1743 684 ex
1775 624 1988 704 quibus
2020 625 2219 684 totius*
2237 625 2424 684 scele-

242 722 314 780 ris
342 722 488 782 ordo
507 742 822 802 causaeque
839 721 1000 782 haud
1031 722 1278 781 obscure
1306 720 1803 800 perspicerentur.
1877 724 1978 780 22.
2012 721 2211 782 Dubia
2233 721 2427 783 adhuc

242 819 367 879 luce
398 819 688 878 theatrum
731 819 940 899 ingens
984 818 1287 878 hominum
1325 817 1648 877 multitudo
1697 818 2058 897 impleverat,
2089 829 2440 897 spectatura

242 916 432 990 ludos,
479 917 581 996 qui
624 915 1260 996 superiorumdierum
1307 916 1654 994 spectacula
1690 915 1830 977 luxu
1881 926 1942 976 et
1990 916 2433 996 magnificentia

243 1014 412 1092 longe
441 1014 768 1092 superaturi
798 1013 1186 1073 dicebantur.r
1267 1014 1368 1071 23.
1414 1013 1575 1072 Inter
1616 1013 1752 1085 alia,
1781 1014 1994 1093 quibus
2033 1012 2250 1073 divitiis
2292 1015 2427 1072 illu-

246 1110 377 1169 dere
416 1110 615 1170 solent
651 1110 918 1190 opulenti
971 1129 1162 1189 reges,
1219 1119 1281 1169 et
1322 1110 1576 1170 fortunae
1623 1130 1749 1170 suae
1792 1112 2257 1192 magnitudinem
2310 1132 2429 1171 non

187 1202 194 1220 “
244 1208 562 1287 capientes,
593 1208 910 1269 duodecim
956 1208 1217 1267 Deorum
1258 1207 1484 1286 effigies
1528 1207 1886 1281 eminebant,
1915 1210 1973 1269 in
2006 1209 2218 1288 quibus
2249 1210 2429 1268 artifi-

246 1324 374 1366 cum
416 1304 705 1366 industria
748 1326 884 1366 cum
931 1304 1531 1384 materiaedignitate
1576 1314 1921 1367 certaverat.
2006 1304 2432 1367 Tertiadecima

247 1402 498 1483 Philippi
525 1402 738 1464 thensa
765 1414 1131 1471 accesserat3
1175 1402 1342 1464 nulla
1367 1403 1426 1462 in
1454 1423 1518 1463 re
1546 1403 1754 1463 ceteris
1783 1404 1970 1466 vilior.
2055 1407 2169 1465 24.
2188 1403 2257 1463 Id
2280 1423 2443 1464 mor-·

245 1499 478 1561 talitatis
508 1499 806 1563 fastidium
849 1511 1080 1561 matura
1108 1501 1256 1561 ultio
1283 1509 1610 1561 consecuta
1654 1511 1782 1561 est:
1827 1514 1887 1562 et
1914 1522 2196 1562 successu
2239 1522 2431 1562 rerum

245 1598 714 1673 insolescentem,
743 1618 926 1678 seque
955 1598 1085 1658 Diis
1115 1598 1539 1658 immortalibus
1570 1609 1928 1677 aequantem,
1960 1601 2297 1679 priusquam
2341 1600 2432 1658 in-

247 1695 436 1757 debito
463 1697 687 1757 honore
725 1698 1031 1769 frueretur,
1076 1696 1264 1756 fatum
1311 1697 1647 1776 occupavit.
1730 1699 1833 1756 25.
1882 1696 2213 1757 Pausanias
2262 1697 2432 1757 thea-

246 1804 390 1853 trum
415 1795 634 1854 intrare
664 1795 1454 1856 volentemobservaverat?
1495 1805 1678 1874 utque
1718 1796 2040 1875 praemissis
2083 1795 2304 1866 amicis,
2333 1795 2436 1874 qui

248 1911 372 1951 eum
425 1891 819 1963 deduxerant,
862 1894 1197 1972 relictisque
1246 1913 1283 1953 a
1332 1904 1499 1972 tergo
1551 1892 1909 1953 satellitibus
1958 1895 2120 1970 (nam
2157 1893 2218 1951 in
2264 1902 2436 1953 tanta

250 1989 504 2050 omnium
531 1990 946 2051 benevolentia
987 1990 1128 2050 nihil
1166 1991 1237 2050 iis
1284 1978 1432 2069 opus
1463 2010 1595 2051 esse
1635 1988 1871 2050 volebat
1906 1990 2244 2065 ostendere)
2272 1991 2435 2050 solus

247 2085 712 2165 ingrediebatur3
756 2107 1070 2168 percussor
1098 2088 1448 2165 improvisus
1495 2086 1711 2159 assilit,
1754 2085 2070 2166 gladioque
2109 2087 2436 2157 barbarico,

251 2205 415 2264 quem
472 2187 587 2244 sub
642 2195 807 2245 veste
858 2184 1167 2257 habuerat,
1215 2185 1373 2244 latus
1432 2183 1576 2243 nihil
1625 2183 1742 2244 tale
1800 2185 2165 2263 expectantis
2219 2185 2437 2247 haurit.

250 2284 343 2343 26.
383 2282 504 2343 Hic
534 2282 647 2341 fuit
691 2284 883 2343 exitus
926 2282 1162 2342 maximi
1198 2281 1397 2342 aetatis
1427 2302 1554 2342 suae
1592 2301 1821 2361 regum.
1895 2282 2268 2343 Macedoniae
2310 2298 2449 2362 reg--

251 2399 381 2439 num
410 2399 696 2460 magnum
742 2399 815 2439 ex
861 2379 1024 2460 inopi
1071 2378 1448 2439 reddideratz
1493 2378 1931 2458 circumjectam
1974 2379 2301 2440 barbariem
2331 2379 2439 2439 do·-

250 2488 503 2542 muerat:
529 2477 798 2538 Graeciae
828 2478 1191 2557 imposuerat
1226 2478 1440 2557 jugum
1464 2487 1651 2538 :tum
1698 2479 1875 2538 etiam
1914 2477 2153 2538 Persico
2195 2478 2440 2557 imperio

252 2575 625 2637 imminebatt
661 2576 786 2655 jam
829 2573 1048 2634 auxilia
1084 2574 1432 2634 Graecorum
1475 2575 1757 2634 coibant:
1821 2576 1922 2632 27.
1960 2575 2088 2652 jam
2135 2575 2195 2633 in
2233 2575 2449 2634 Asiam.

168 2710 174 2718 =
252 2674 670 2755 transjecerant
690 2672 977 2753 praemissi
998 2673 1082 2731 'ab
1112 2691 1184 2731 eo
1213 2671 1431 2739 ducesz
1477 2691 1614 2730 cum
1655 2673 1715 2730 in
1745 2671 1875 2751 ipso
1912 2690 2100 2729 rerum
2151 2670 2439 2749 gerenda·

254 2789 371 2829 rum
428 2770 704 2840 articulo,
762 2769 1056 2848 prolixum
1099 2769 1362 2828 victoriae
1421 2768 1677 2827 fructum
1733 2766 1844 2826 sibi
1892 2766 2272 2847 pollicentem
2320 2768 2442 2828 vita

256 2866 538 2928 destituit.
622 2870 723 2927 28.
769 2867 862 2928 Ita
899 2867 1154 2927 maxima
1181 2886 1436 2945 quaeque
1466 2865 1525 2924 in
1559 2864 1782 2925 lubrico
1812 2873 1986 2931 sunt;
2030 2876 2087 2924 et
2114 2864 2440 2925 audacissi-

257 2982 376 3023 mas
399 2983 539 3044 spes
562 2963 866 3023 hominum
894 2964 1138 3044 quilibet
1165 2984 1240 3023 ex
1270 2963 1587 3042 improviso
1614 2982 1789 3023 casus
1818 2960 2027 3022 eludit.
2100 2963 2201 3020 29.
2237 2962 2453 3043 Olym-·

254 3064 374 3141 pias
417 3074 719 3142 comperta
762 3076 948 3123 morte
991 3064 1147 3142 regis
1178 3058 1560 3139 Cleopatram
1605 3062 1793 3121 Attali
1833 3080 2037 3121 sorore.
2073 3062 2333 3139 genitam
2362 3064 2441 3122 ad

258 3160 633 3241 suspendium
661 3160 862 3239 adegit
881 3179 917 3229 gt
955 3171 1161 3220 natum
1190 3180 1264 3220 ex
1283 3179 1356 3220 ea
1383 3160 1590 3239 paucis
1621 3170 1759 3219 ante
1788 3160 1969 3238 patris
1999 3178 2207 3218 necem
2233 3157 2441 3221 diebus

257 3276 495 3335 puerum
537 3257 813 3317 in-aenea
843 3257 998 3336 pelvi
1043 3258 1289 3317 torruit:
1339 3256 1398 3315 in
1447 3257 1696 3317 client'es
1740 3256 1915 3317 etiam
1965 3256 2455 3337 propinquosque

258 3354 378 3433 ejus
406 3354 701 3414 atrocibus
733 3353 1039 3434 suppliciis
1071 3355 1283 3426 saeviit,
1324 3364 1386 3413 et
1422 3354 1737 3415 occasione
1782 3351 2056 3413 vindictae
2101 3373 2204 3433 per
2237 3354 2444 3416 mulie-

257 3438 412 3510 brem
439 3450 844 3530 impotentiam
874 3450 1279 3511 crudelissime
1305 3470 1417 3510 usa
1431 3461 1557 3512 est.

333 3550 406 3608 X.
456 3552 509 3610 l.
550 3548 670 3607 Sed
698 3547 1058 3621 Alexander,
1085 3569 1189 3629 per
1218 3549 1385 3628 cujus
1428 3531 1760 3609 absentiam
1788 3561 1976 3609 mater
2001 3550 2118 3609 ista
2148 3560 2453 3629 perpetra-

262 3652 463 3716 verat?
489 3646 1054 3723 tanquamsalutare
1092 3644 1279 3716 siduS,
1307 3646 1755 3725 componendis
1785 3648 1963 3706 tantis
1991 3647 2269 3706 fluctibus
2298 3656 2453 3705 tem-⁹

263 3741 516 3821 pestivus
546 3741 787 3801 affulsit.
870 3744 928 3801 2.
972 3740 1205 3822 Quippe
1251 3744 1460 3802 erectis
1488 3746 1548 3802 in
1579 3763 1744 3823 spem
1784 3743 2069 3802 libertatis
2099 3743 2446 3802 Graecorum

258 3838 487 3910 animis,
526 3858 677 3918 quos
724 3838 1034 3918 Philippus
1078 3849 1471 3919 oppresserat,
1500 3851 1561 3901 et
1610 3838 2105 3899 tumultuantibus
2135 3840 2194 3900 in
2231 3841 2449 3901 vicinia

265 3935 536 4008 barbarie,
568 3956 640 3996 ne
681 3936 1053 3997 Macedo'niae
1080 3937 1320 4016 quidem
1346 3937 1680 4019 tranquillae
1708 3955 1802 3995 res
1830 3947 2017 3997 erant.
2104 3941 2161 4001 3.
2208 3938 2448 4001 Attalus

326 4119 350 4153 ⁸¹
381 4112 571 4165 Justin.
596 4129 683 4166 ιι.
707 4120 756 4167 7.
780 4072 860 4167 10.
1384 4127 1388 4132 ·
1453 4112 1471 4142 ⁸
1501 4108 1692 4162 Justin.
1716 4109 1805 4160 1.1.
1827 4109 2051 4159 Pausan'.
2073 4117 2199 4155 vur-

328 4195 348 4219 ¹’
377 4190 526 4242 Diod.
547 4193 651 4243 Sic.
677 4208 731 4256 p.
749 4197 866 4252 480.
1451 4198 1479 4224 ⁸
1513 4191 1658 4242 Plut.
1682 4189 1831 4241 Alex.
1856 4205 1906 4252 p.
1930 4192 2046 4237 67⁰.

329 4273 347 4297 ⁸
366 4265 577 4334 acsaph.
602 4268 813 4336 Antiqq.
835 4283 961 4323 ιιι.
986 4274 1033 4322 l.
