2978 4933
524 380 656 447 450
1005 394 1074 454 q.
1119 388 1388 441 cumn
1436 388 1621 439 num
1671 387 1817 439 mn.
1863 387 2178 438 veen.
2219 372 2288 436 5.

521 539 749 627 laquei
806 542 1144 625 perpetua.
1165 555 1343 620 sepe
1399 534 1537 600 iter
1572 533 1916 600 claudunt.
2003 533 2113 598 16.
2157 528 2317 598 Una
2361 533 2536 599 ratio
2580 537 2721 597 erat

519 642 852 712 caedendo
899 641 1153 726 aperire
1179 640 1482 704 saltum:
1528 637 1647 703 sed
1692 636 1825 702 hoc
1870 656 2145 722 quoque
2190 637 2414 721 magni
2458 636 2713 722 operis:

520 748 736 814 crebri
765 765 1058 830 namque
1100 743 1258 810 nodi
1287 743 1692 808 duraverant
1721 741 2042 825 stipites:
2085 748 2154 806 et
2178 742 2256 805 in
2280 761 2361 806 se
2395 739 2724 825 implicati

519 854 840 918 arborum
864 849 1056 928 rami,
1088 846 1438 933 suspensis
1458 844 1731 910 circulis
1755 845 2039 924 similes,
2068 844 2244 909 lento
2272 844 2524 909 vimine
2551 843 2724 907 frus-

521 957 866 1021 trabantur
895 950 1154 1018 ictus.s.
1225 951 1333 1016 17.
1377 950 1638 1015 Incolae
1670 956 1923 1028 autem,
1962 950 2091 1015 ritu
2121 949 2410 1015 ferarum
2436 945 2726 1030 virgulta

524 1059 753 1124 subire
798 1057 1005 1136 soliti,
1055 1063 1193 1120 tum
1228 1073 1491 1139 quoque
1536 1054 1955 1119 intraverant·
1985 1053 2258 1132 saltum,
2304 1050 2723 1134 occultisque

522 1161 674 1228 telis
720 1163 981 1226 hostem
1027 1160 1473 1225 lacessebant.
1564 1157 1718 1238 Ille,
1762 1158 2150 1223 venantium
2193 1155 2396 1222 modo
2438 1151 2722 1223 latibula

522 1268 882 1342 scrutatuS,
913 1264 1278 1349 plerosque
1304 1260 1643 1326 confodit:
1689 1259 1775 1325 ad
1800 1260 2105 1326 ultimum
2149 1264 2170 1295 ‘
2202 1258 2553 1325 circumire
2596 1255 2724 1327 sal?

521 1372 661 1432 tum
688 1368 934 1433 milites
960 1366 978 1394 ’
1019 1366 1240 1452 jubet,
1272 1369 1293 1399 ‘
1319 1369 1415 1444 ut,
1449 1365 1511 1429 si
1554 1380 1693 1448 qua
1737 1370 2022 1448 pateret,
2055 1359 2534 1446 irrumperent?
2578 1408 2583 1419 ,
2618 1358 2722 1431 18!

521 1470 661 1535 Sed
704 1471 949 1555 ignotis
994 1470 1165 1535 locis
1206 1467 1514 1553 plerique
1558 1468 2000 1533 oberrabant:
2041 1465 2324 1550 ‚excepti
2364 1471 2530 1529 sunt
2577 1465 2721 1551 qui·

520 1573 717 1654 dam;
772 1574 940 1637 inter
998 1590 1174 1657 quos
1218 1589 1436 1655 equus
1478 1570 1678 1653 regiS,
1722 1567 2257 1655 ‘Bucephalam'
2287 1576 2315 1616 ⁸
2354 1570 2721 1648 vocabant3

523 1697 721 1761 quem
764 1674 1151 1740 Alexander
1194 1673 1625 1752 noneodem,
1659 1693 1796 1758 quo
1839 1679 2102 1738 ceteras
2145 1672 2464 1758 pecudes,
2497 1672 2723 1741 animo

521 1781 936 1845 aestimabat:
978 1800 1132 1844 nam
1160 1779 1272 1843 ille
1314 1798 1437 1844 nec
1486 1777 1558 1843 in
1600 1777 1800 1842 dorso
1843 1777 2135 1843 insidere
2183 1796 2312 1842 suo
2345 1777 2725 1860 patiebatur

523 1883 754 1960 alium,
786 1887 853 1946 et
879 1901 1123 1965 regem,
1168 1900 1324 1946 cum
1368 1881 1574 1945 vellet
1625 1879 2019 1959 ascendere,
2051 1886 2290 1965 sponte
2336 1899 2465 1944 sua
2508 1898 2724 1963 genna

523 1986 925 2051 submittens
950 1984 1363 2070 excipiebat,
1390 1983 1918 2069 credebaturque
1940 1984 2183 2050 sentire
2206 2004 2407 2068 quem
2435 1982 2725 2048 veheret.

522 2089 630 2155 19.
676 2087 938 2173 Majore
966 2107 1144 2172 ergo,
1173 2107 1368 2171 quam
1400 2086 1703 2165 decebat,
1748 2087 1852 2152 ira
1895 2088 2094 2152 simul
2125 2107 2204 2152 ac
2232 2087 2462 2151 dolore
2494 2087 2723 2151 stimu—

519 2192 727 2269 latuS,
759 2194 780 2224 ‘
806 2178 1050 2275 eqnum
1106 2188 1423 2273 vestigari
1447 2187 1462 2214 '
1511 2188 1732 2273 jubet,
1776 2194 1797 2224 ‘
1818 2194 1887 2255 et
1921 2210 2054 2275 ‚per
2093 2191 2547 2275 interpretem·
2577 2210 2720 2275 pro-

519 2295 832 2372 nuntiari,
864 2295 936 2358 ni
965 2294 1438 2370 reddidissent,
1468 2292 1798 2358 neminem
1844 2314 1996 2378 esse
2043 2292 2416 2359 victurum?
2443 2306 2471 2343 ε
2563 2293 2712 2358 Hac

519 2397 1023 2462 denuntiatione
1069 2397 1281 2462 territi
1333 2416 1488 2462 cum
1547 2397 1786 2461 ceteris
1829 2397 2020 2465 donis
2065 2416 2317 2482 equum
2361 2396 2717 2462 adducunt.

585 2558 610 2582 ‘¹
637 2551 930 2614 Frequentes
952 2550 1065 2599 nodi
1085 2549 1426 2600 induraverant
1446 2555 1652 2599 truncos.

576 2613 610 2658 s
637 2615 1176 2681 Flexibilibusflagellis
1189 2616 1459 2666 cedentibus
1476 2615 1645 2665 irritos
1663 2615 1920 2680 reddebant
1939 2616 2172 2667 secur-inm
2190 2616 2330 2667 ictus.

580 2688 609 2723 δ’
643 2682 843 2734 Nullum
860 2681 1050 2732 ἰαοηυη
1069 2696 1163 2731 mm
1185 2681 1478 2732 trucidatum
1498 2680 1583 2731 iri.

1436 2810 1496 2833 ee
1501 2798 1799 2832 eeeeeeeeee

517 2904 714 2943 morum·
780 2894 1012 2945 Florent.
1039 2894 1184 2946 Leid.
1207 2877 1356 2945 Voss.
1383 2899 1429 2944 1.
1464 2895 1664 2944 Veron.
1686 2895 1881 2945 Venet.
1903 2892 2061 2945 Frob.
2082 2894 2218 2944 Mer.
2241 2894 2356 2945 Col.
2378 2895 2504 2946 Bas.
2528 2901 2583 2946 et
2608 2895 2721 2947 ΑΜΖ

517 2958 615 3007 iter
634 2958 1031 3026 clauditgvoss.
1052 2965 1102 3010 2.
1133 2961 1315 3020 claudit
1336 2960 1467 3019 iter-,⁶
1500 2961 1668 3024 Bong.
1697 2966 1744 3010 1.
1777 2960 1938 3009 habet
1970 2960 2384 3024 superscriptum
2411 2962 2558 3023 dunt,
2581 2971 2638 3011 ut
2659 2964 2722 3012 sit

503 3024 891 3084 ,claudiana-16
931 3025 1068 3074 Vana
1096 3027 1221 3075 ratio
1256 3027 1410 3075 Voss·
1436 3030 1484 3074 2.
1552 3025 1701 3075 Idem
1742 3025 1908 3075 codex
1949 3033 2003 3074 et
2043 3025 2157 3074 Pal.
2185 3029 2233 3074 1.
2267 3026 2519 3076 omittunt
2548 3028 2751 3090 magni«

519 3086 628 3140 Pro
650 3089 937 3138 duraverant
957 3090 1107 3139 Voss.
1130 3094 1178 3139 2.
1202 3097 1259 3140 et
1281 3090 1541 3140 nonnullae
1566 3090 1687 3141 edd.
1710 3092 2006 3140 nudaverunt
2018 3105 2040 3149 ,⁸
2071 3089 2185 3139 aliae
2208 3092 2517 3142 nudaverant.
2586 3093 2721 3142 Pith.

517 3152 708 3203 cirmlie
739 3152 1061 3203 similem-1⁷
1096 3156 1189 3205 Ille
1226 3157 1445 3206 venantie
1477 3156 1596 3206 Pal.
1621 3161 1669 3206 1.
1703 3158 1766 3205 ad
1787 3157 2010 3205 ultimum
2041 3155 2379 3205 circumvenire
2410 3158 2566 3209 Voss.
2589 3161 2638 3207 2.
2672 3161 2729 3207 et·

518 3215 635 3266 Pal.
661 3221 707 3266 1.
741 3219 804 3266 ud
837 3233 885 3267 u.
909 3218 1110 3269 circuire
1147 3219 1266 3270 edd.
1305 3229 1436 3271 vett.
1464 3224 1684 3283 paterent
1724 3221 1976 3270 Ald.-—18
2011 3219 2162 3270 Voss.
2187 3225 2233 3269 1.
2264 3223 2559 3285 exceptique
2583 3223 2726 3281 ml,-

517 3282 670 3333 Voss.
690 3287 741 3332 2.
774 3284 959 3347 excepti
981 3285 1168 3346 quidum
1187 3291 1316 3336 eunt.
1385 3285 1522 3336 Edd.
1551 3292 1680 3335 vett.
1703 3286 2058 3349 Bucephalum:
2079 3299 2256 3335 omnes
2279 3300 2404 3336 vero
2430 3287 2585 3338 codd.
2626 3289 2724 3337 Bu·

516 3348 770 3411 cephalam.
838 3350 1068 3400 Florent.
1091 3350 1241 3401 Leid.
1261 3352 1412 3402 Voss.
1436 3355 1483 3401 1.
1508 3356 1563 3400 et
1583 3351 1749 3414 Bong.
1766 3366 1973 3414 ,namque
1991 3351 2071 3400 ille
2091 3366 2109 3408 ,-
2139 3352 2292 3401 Voss.
2316 3356 2366 3402 2.
2389 3366 2504 3401 nam
2524 3369 2613 3403 nec
2631 3347 2721 3403 ille.

517 3412 636 3463 Pal.
663 3418 707 3464 1.
742 3415 936 3465 omittit
963 3416 1017 3465 in
1052 3422 1172 3465 ante
1194 3418 1348 3467 dorso.
1418 3416 1524 3466 Pro
1562 3418 1833 3480 ascendere,
1869 3416 2183 3465 membranae
2216 3416 2382 3466 Modii
2416 3419 2726 3478 descendere,-

516 3479 655 3528 nnde
680 3480 767 3528 ille
789 3483 1052 3545 escendere,
1082 3481 1221 3545 quod
1244 3482 1403 3531 babet
1425 3483 1593 3545 Bong.
1621 3487 1671 3533 1.
1705 3481 1797 3531 sed
1822 3482 2181 3546 superscripto
2202 3497 2250 3531 a.
2317 3483 2555 3532 Florem.
2578 3484 2722 3534 Leid.

515 3545 670 3594 Voss.
710 3549 758 3595 1.
792 3550 841 3595 2.
877 3546 1046 3609 Bong.
1068 3545 1232 3608 Lugd.
1274 3553 1329 3596 et
1362 3545 1534 3598 Amet.
1567 3551 1733 3610 sponte
1766 3561 1946 3609 genua,
1981 3550 2062 3610 ξε.
2097 3546 2279 3597 omisso
2308 3553 2553 3597 sum—19
2587 3551 2722 3599 Dan.

516 3608 660 3660 Pith.
684 3616 739 3659 et
760 3611 957 3662 Fauch.
981 3611 1233 3661 omittunt
1254 3626 1384 3675 ergo.
1446 3615 1462 3639 ‘
1488 3612 1590 3663 Vel
1613 3612 1979 3664 scribendum:
2013 3627 2120 3662 cum
2139 3611 2308 3663 celeria
2325 3612 2483 3679 (quos
2504 3628 2724 3682 excepe-

1403 3741 1412 3750 “
1510 3742 1728 3795 NOTAE

581 3844 607 3879 Β
642 3837 983 3904 Bucephalam]
1008 3839 1215 3891 Nobilis
1236 3841 1322 3892 bic
1343 3841 1575 3894 Alexan·
1652 3842 1744 3894 lib.
1769 3855 1810 3894 1.
1836 3857 1952 3908 cap.
1966 3846 2017 3895 4.
2058 3840 2346 3892 Alexandri
2369 3842 2722 3908 Bucephalam

516 3910 597 3959 dri
628 3927 790 3977 equus
812 3914 932 3979 fuit,
956 3931 1142 3967 nomen
1162 3918 1403 3982 adeptus,
1425 3926 1486 3969 ut
1504 3920 1577 3969 ait
1657 3917 1913 3968 domaniis
1937 3932 2225 3969 marmorea
2255 3926 2432 3968 statua
2456 3919 2672 3971 Romam
2693 3936 2722 3970 ι

515 3986 717 4037 Plinius
754 3990 845 4042 lib.
880 4005 1008 4042 vm.
1042 4009 1162 4059 cap.
1193 3998 1277 4045 42.
1320 3997 1336 4025 ‘
1358 3995 1469 4046 sive
1509 3997 1576 4046 ab
1660 3995 2005 4046 Constantino
2022 3997 2273 4046 translata
2290 4003 2373 4045 est
2388 3994 2719 4064 Alexandria,

515 4070 732 4127 aspectu
757 4073 923 4129 torvo,
954 4070 1063 4118 sive
1084 4070 1151 4120 ab
1175 4071 1363 4135 insigni
1388 4072 1578 4121 taurini
1659 4080 1717 4122 et
1749 4073 1803 4123 iu
1836 4072 2086 4126 Quirinali
2112 4074 2247 4123 colle
2270 4072 2442 4138 posita
2466 4075 2520 4123 in
2551 4074 2717 4124 medio

516 4141 706 4206 capitis
722 4158 866 4194 armo
890 4144 1168 4209 impressi!
1233 4148 1348 4200 Qua
1370 4150 1441 4198 sit
1463 4156 1579 4200 arte
1659 4152 1972 4203 thermarum
1985 4152 2313 4219 quesibidem
2327 4160 2716 4212 construxerim

514 4217 739 4271 domitus
761 4220 827 4270 ab
850 4220 1165 4282 Alexandro,
1185 4239 1303 4275 cum
1323 4232 1482 4279 antea
1501 4225 1578 4275 in·
1657 4243 1727 4279 ex
1768 4239 1871 4297 quo
1917 4244 2106 4281 nomen
2146 4229 2388 4294 inditum,
2432 4230 2715 4282 Monte-Ca·

517 4296 740 4349 domitus
777 4299 1078 4365 haberetur,
1120 4302 1262 4366 leges
1301 4303 1354 4353 in
1394 4304 1579 4369 Suppl.
1659 4304 1799 4358 bauo.
2652 4295 2660 4306 ³

1571 4496 1601 4509 α
