2978 4933
805 401 810 407 -
883 378 1003 427 οι..
1049 376 1240 426 cxu.
1285 361 1350 428 2.
1427 378 1499 426 Α.
1546 379 1670 427 cn.
1714 378 1790 428 N.
1836 361 1986 429 3231.
2416 366 2541 433 331

349 521 608 610 primus
651 522 720 588 in
752 521 1102 588 Persidem
1129 522 1396 605 intulit3
1439 523 1778 590 vindicate
1820 525 1908 589 ab
1952 520 2191 588 ultimo
2216 522 2550 592 dedecore

349 646 593 692 nomen
623 632 1015 711 gentemque
1041 625 1418 692 Persarum.
1491 627 1599 692 25.
1644 626 1754 692 Ite
1786 627 2051 691 alacres
2089 631 2155 690 et
2193 645 2321 711 spe
2340 628 2549 711 pleni,

348 736 447 808 ut,
475 747 674 812 quam
706 729 988 813 gloriam
1037 727 1400 811 accepistis
1443 748 1488 794 a
1530 728 1898 813 majoribus
1945 728 2210 808 vestris,
2258 732 2550 813 posteris

345 831 764 915 relinquatis,
851 831 937 896 In
959 829 1213 897 dextris
1244 831 1486 898 vestris
1508 832 1653 917 jam
1679 830 2073 909 libertatem,
2103 850 2327 914 opem,
2358 845 2550 917 spem

346 934 549 998 futuri
600 934 911 1018 temporis
962 934 1211 1017 geritiS.
1302 932 1552 1015 Effugit
1594 940 1894 1012 mortem,
1925 935 2235 1017 quisquis
2262 941 2522 1001 contem

348 1037 552 1101 serit:
606 1037 1103 1106 timidissimum
1151 1056 1484 1121 quemque
1537 1038 1998 1121 consequitur.
2064 1037 2172 1103 26.
2217 1037 2377 1124 Ipse
2417 1055 2550 1104 non

346 1140 575 1222 patrio
625 1158 806 1204 more
857 1140 1112 1219 solum,⁴
1145 1137 1266 1203 sed
1317 1138 1523 1206 etiam
1565 1146 1643 1203 ut
1692 1139 1995 1223 conspici
2032 1139 2311 1223 possim,
2353 1159 2550 1205 curru

346 1241 595 1306 vehor-t
634 1261 761 1334 nec
792 1260 1054 1321 recum,
1082 1262 1215 1327 quo
1243 1242 1466 1308 minus
1496 1240 1846 1308 imitemini
1874 1261 2006 1321 me,
2049 1242 2194 1308 sive
2221 1239 2551 1308 fortitudi-

349 1343 460 1408 nis
487 1344 891 1428 exemplum,
923 1345 1071 1409 sive
1097 1343 1388 1426 ignaviae
1417 1342 1652 1411 fuero?
2170 1365 2175 1369 ·

421 1459 556 1509 xv.
575 1447 636 1511 1.
668 1446 940 1511 Interim
964 1445 1376 1524 Alexander,
1396 1453 1556 1512 utet
1585 1444 2110 1512 demonstratum
2139 1465 2182 1511 a
2201 1448 2552 1532 transfuga

349 1549 746 1615 insidiarum
766 1557 792 1584 ⁸
832 1550 1052 1615 locum
1083 1549 1485 1638 circumiret,
1520 1555 1587 1614 et
1634 1549 1873 1630 Dario,
1903 1551 2019 1633 qui
2056 1549 2299 1614 laevum
2342 1569 2549 1616 cornu

348 1653 689 1732 tuebatur,
718 1657 1117 1731 occurreret,
1147 1671 1383 1736 agmen
1412 1656 1433 1686 ‘
1458 1653 1807 1738 obliquum
1830 1652 2137 1716 incedere
2161 1649 2182 1676 ’
2207 1651 2421 1736 jubet.
2477 1656 2547 1719 2.

353 1753 607 1820 Darius
656 1774 929 1840 quoque
985 1753 1221 1824 eodem
1277 1772 1475 1818 suum
1534 1755 1859 1835 obvertit3
1905 1753 2128 1818 Besso
2176 1753 2546 1833 admonito,

350 1861 369 1892 ‘
390 1867 470 1920 ut
501 1854 965 1940 Ma'ssagetasb
1009 1855 1269 1941 equites
1295 1856 1367 1919 in
1410 1855 1659 1921 laevum
1686 1854 2059 1921 Alexandri
2106 1875 2315 1921 cornu
2362 1877 2406 1922 a
2451 1858 2548 1921 la-

348 1965 486 2023 tere
512 1960 737 2025 invehi
753 1958 1065 2044 juberet.’
1149 1959 1217 2025 3.
1262 1959 1427 2044 Ipse
1459 1963 1614 2023 ante
1644 1978 1719 2024 se
1754 1958 2042 2023 falcatos
2070 1977 2310 2023 currus
2339 1958 2546 2024 habe-

1265 2109 1387 2130 ΜΟ
1391 2109 1630 2130 ‘NUNC‘

351 2220 470 2256 cum
506 2205 629 2256 edd.
664 2205 790 2284 Βίρ.
821 2207 980 2259 Barb.
1016 2215 1071 2259 et
1100 2207 1292 2259 Bothe.
1359 2209 1529 2259 Paulo
1557 2215 1676 2272 post
1698 2206 1821 2258 Ald.
1844 2206 2104 2258 vendicare.
2106 2212 2234 2257 —25
2271 2203 2354 2257 Itu
2373 2208 2552 2257 alacres

348 2271 502 2322 Leid.
545 2276 596 2321 et
633 2271 836 2335 spirim
864 2274 992 2337 plari
1028 2274 1261 2325 Floreat.
1292 2274 1520 2324 Theocr.
1553 2273 1707 2324 Leid.
1742 2273 1908 2337 Lugd.
1932 2280 1989 2322 et
2021 2272 2191 2322 Amst.
2225 2277 2274 2321 et
2309 2286 2390 2336 sps
2421 2274 2553 2336 pleni

349 2338 517 2399 Bong.
539 2345 596 2386 et
618 2338 768 2387 Voss.
792 2342 839 2391 1.
893 2339 955 2387 In
976 2339 1190 2389 manibus
1211 2339 1385 2389 vestris
1405 2341 1557 2390 Voss.
1577 2345 1627 2391 2.
1659 2339 1849 2404 quisque
1870 2339 2201 2402 cmaempeerit
2231 2338 2462 2387 Floreat.
2493 2344 2548 2387 et

352 2401 503 2451 Leid.
508 2406 638 2451 -26
670 2403 820 2451 Voss.
844 2407 894 2454 2.
921 2404 1226 2462 fortitudinis
1243 2405 1345 2455 sive
1365 2406 1551 2470 exempl
1553 2420 1647 2454 um.

370 2472 444 2517 1
467 2468 602 2519 Edu.
620 2474 749 2519 vett.
767 2474 820 2523 ut
839 2475 946 2529 εσυ
964 2471 1115 2521 Voss.
1132 2474 1181 2523 2.
1202 2472 1401 2531 omittit
1424 2477 1489 2521 et.
1526 2470 1662 2521 Edd.
1680 2475 1813 2520 vett.
1825 2468 2279 2517 σιινιίηείἀίανιωιὶ.
2291 2466 2550 2524 circuiret,-

349 2533 581 2583 Florent.
621 2533 766 2583 Leid.
801 2534 970 2599 Bong.
1003 2539 1054 2584 1.
1089 2543 1144 2585 et
1180 2536 1336 2586 Voss.
1360 2541 1408 2586 1.
1440 2536 1761 2585 circumirent.
1831 2534 1947 2582 Pal.
1973 2537 2019 2581 1.
2055 2534 2288 2584 Floreat.
2325 2531 2467 2588 Leid.
2495 2540 2551 2580 et

348 2598 504 2648 Voss.
530 2604 577 2648 1.
599 2603 648 2649 2.
672 2598 1125 2650 omittuntlaevum.
1191 2601 1359 2666 Bong.
1386 2604 1435 2650 1.
1471 2601 1668 2650 omittit
1698 2597 2041 2662 agmen,qnod
2066 2597 2316 2647 ennialiis
2336 2591 2552 2646 exbibet

346 2663 465 2713 Pel.
495 2668 540 2714 1.
574 2665 807 2728 obliquum
830 2680 1001 2727 agmen
1024 2666 1160 2714 Dan.
1181 2681 1354 2727 agmen
1374 2666 1591 2716 oblicum.
1594 2668 1691 2714 -2
1725 2665 1882 2714 Voss.
1917 2667 1967 2712 2.
2002 2662 2195 2711 omittit
2231 2663 2420 2720 eodem3
2491 2675 2550 2710 ro

348 2743 452 2792 quo
475 2728 615 2778 Dan.
646 2730 783 2779 inter
818 2731 980 2779 lineas
1010 2730 1275 2794 appictum
1299 2729 1459 2780 habet
1479 2731 1666 2779 dextro.
1736 2730 1967 2778 Floreut.
1992 2727 2136 2777 Leid.
2162 2727 2358 2775 Voss.l
2474 2739 2551 2775 er.

349 2793 475 2843 Bas.
500 2794 622 2843 And.
648 2802 703 2844 et
725 2794 835 2845 Col.
859 2797 1176 2857 Massagetes.
1243 2797 1261 2824 ‘
1286 2796 1495 2845 Curtius
1520 2794 1749 2843 seribere
1772 2793 2057 2842 debuerat.
2090 2791 2142 2840 in
2162 2793 2386 2841 dextrum
2400 2791 2549 2840 Alex-

277 2910 286 2919 ,
349 2860 673 2916 andricomu,
707 2858 795 2908 ubi
823 2861 1042 2937 primum
1069 2858 1432 2923 pugnabatur?
1457 2858 1744 2909 Schmieder.
1810 2857 1929 2908 Pal.
1955 2860 2001 2906 1.
2032 2870 2175 2905 cornu
2195 2857 2341 2905 latere
2358 2856 2549 2913 invehi,-

350 2926 506 2974 Voss.
531 2930 580 2975 2.
614 2940 758 2974 cornu
797 2925 939 2975 lateri
977 2925 1171 2984 inveh1'3
1219 2924 1367 2977 Mod.
1391 2925 1624 2975 Florent.
1649 2922 1794 2974 Leid.
1820 2924 1970 2973 Voss.
1996 2927 2043 2972 l.
2065 2929 2121 2970 et
2156 2922 2321 2983 Bong.
2352 2936 2494 2970 eor-rm
2521 2937 2553 2969 a

348 2990 498 3039 latere
530 2990 723 3048 ἱππῆές
763 2990 857 3040 Ed.
894 3005 974 3054 pr.
1018 2990 1237 3040 Venett.
1281 2991 1478 3040 Veron.
1513 2989 1635 3039 Ald.
1672 2989 1838 3039 Coliu.
1870 2986 2069 3051 Gryph.
2101 2985 2224 3036 Bas.
2266 2986 2402 3037 Mer.
2437 2986 2551 3035 Col.

333 3055 505 3105 Frob.
529 3054 698 3120 Lugd.
723 3065 779 3105 et
800 3055 970 3106 Amst.
1003 3070 1150 3105 cornu
1169 3055 1345 3108 invehi.
1349 3060 1444 3104 —3
1479 3055 1631 3107 Voss.
1655 3059 1704 3106 2.
1726 3062 1784 3104 et
1807 3055 1941 3104 Dan.
1973 3057 2085 3102 ante
2101 3052 2328 3112 falcatos,
2360 3051 2550 3101 omisso

1337 3176 1561 3230 NOTAE

347 3279 486 3332 Vide
511 3278 708 3331 sustin.
743 3278 833 3328 lib.
859 3292 899 3329 1.
940 3278 1006 3329 de
1029 3278 1208 3328 Media
1238 3278 1330 3330 lib.
1356 3291 1409 3329 v.

1553 3272 1933 3338 alnsidiarum]
1981 3271 2242 3321 Muricum
2264 3267 2551 3318 ferreorum

349 3374 468 3424 e·.p
490 3361 540 3407 7.
576 3356 644 3406 de
676 3355 835 3420 Lydis
873 3369 1153 3421 eorumque
1192 3355 1410 3419 imperio
1488 3354 1744 3405 subterra
1766 3351 2100 3402 defossorum-
2165 3345 2385 3409 Loevum]
2416 3344 2552 3395 Vide

350 3437 440 3487 lib.
458 3449 547 3486 ιιι.
573 3449 689 3498 cap.
706 3438 758 3486 4.
784 3441 839 3483 et
855 3434 949 3483 lib
967 3446 1048 3483 w.
1066 3447 1183 3495 cap.
1197 3437 1245 3481 5.
1295 3432 1413 3482 Pri·

349 3513 479 3578 mus]
501 3514 696 3562 Tamen
716 3510 936 3560 Suidas
923 3525 974 3560 ιιι
993 3507 1208 3575 Δαρεικοὶ
1230 3508 1413 3559 scribit

351 3591 579 3642 Daricos
612 3603 714 3638 non
755 3604 785 3637 a
819 3589 985 3638 Dario
1017 3588 1207 3639 Xerxis
1244 3595 1415 3651 patre,

350 3668 446 3717 sed
489 3666 557 3717 ab
602 3666 703 3714 alio
747 3664 1037 3730 antiquiore
1072 3665 1238 3713 Dario
1261 3678 1412 3714 cusos

351 3746 781 3812 appellatosque3
819 3742 956 3807 quod
980 3743 1147 3806 ipsum
1172 3758 1238 3792 ex
1258 3743 1424 3797 Schos

351 3827 507 3876 liaste
562 3822 730 3873 veteri
784 3821 1147 3887 Aristophanis
1188 3827 1412 3871 sumtum

353 3911 463 3953 est:
500 3900 771 3963 AEschylus
813 3912 937 3948 vero
976 3898 1162 3962 Poeta,
1190 3899 1277 3964 qui
1316 3897 1413 3947 sub

352 3980 521 4029 Dario
571 3975 849 4040 Hystaspis
904 3981 960 4025 et
1003 3976 1181 4025 Xerxe
1224 3973 1417 4035 floruit,

354 4065 476 4122 ante
504 4056 695 4119 Cyrum
712 4053 841 4102 duos
862 4060 1113 4103 memorat
1133 4052 1414 4102 Persarum

358 4148 528 4198 reges,
543 4145 760 4197 quorum
781 4129 1000 4194 primum
1022 4131 1038 4158 ⁴
1057 4129 1271 4189 Medum
1288 4129 1302 4152 '
1326 4143 1416 4192 ap·

360 4210 556 4273 pellat:
594 4206 661 4255 de
698 4220 803 4270 quo
840 4204 957 4254 vide
991 4205 1341 4256 Marshamum
1364 4204 1416 4253 in

360 4290 570 4338 canone
599 4281 996 4347 chronologico.

1491 3430 1747 3496 superiori
1784 3428 1974 3491 capite.
2056 3423 2139 3474 Ac
2180 3425 2222 3473 si
2269 3424 2458 3472 Darius
2499 3424 2552 3472 iu

1493 3510 1627 3558 laevo
1650 3514 1782 3567 erat,
1815 3518 1919 3554 nou
1954 3500 2164 3566 obliquo
2187 3499 2277 3549 sed
2301 3505 2448 3550 recto
2469 3499 2553 3548 iti·

1493 3599 1617 3635 nere
1640 3580 1986 3633 incedendum
2005 3576 2194 3641 fuit,u
2163 3582 2224 3626 ut
2259 3575 2338 3625 illi
2373 3589 2553 3625 occur-

1492 3669 1654 3712 reret.
1704 3659 1897 3710 Melius
1915 3670 2040 3719 ergo
2062 3654 2309 3703 Arrianus
2331 3653 2419 3718 qui
2440 3666 2557 3703 ver-

1493 3753 1579 3788 sus
1604 3739 1846 3803 dextrum
1871 3733 2029 3796 magis
2052 3730 2258 3780 duxisse
2280 3729 2458 3781 tradit.

1557 3816 1581 3851 ¹³
1612 3810 1938 3876 Massagetas]
1971 3811 2285 3874 Massageta
2305 3808 2400 3863 lib.
2422 3822 2553 3859 vm.

1496 3909 1613 3959 cap.
1634 3898 1680 3942 1.
1715 3891 1808 3941 sed
1831 3887 2087 3954 quomodo
2108 3888 2161 3936 iu
2187 3887 2372 3935 laevum
2394 3885 2553 3935 Alex-

1497 3970 1645 4021 andri
1667 3985 1695 4019 a
1717 3970 1881 4017 latere
1905 3964 2099 4014 invecti
2119 3971 2258 4025 sunt,
2294 3962 2380 4026 qui
2403 3968 2556 4011 eraut

1481 4048 1596 4113 *ipsi
1620 4049 1671 4097 in
1696 4049 1827 4095 laevo
1853 4042 2000 4092 Darii
2033 4054 2211 4103 cornu,
2240 4046 2300 4089 ut
2336 4038 2554 4089 vidimus

1496 4139 1615 4188 cap.
1652 4127 1730 4173 12.
1777 4118 2064 4186 praesertim
2098 4132 2219 4168 cum
2259 4115 2554 4166 Alexander

1496 4201 1740 4252 dextrum
1778 4212 1983 4248 suorum
2019 4196 2179 4244 cornu*
2217 4194 2272 4244 in
2310 4180 2551 4243 dextrum

1498 4279 1663 4344 magis
1682 4276 1828 4328 Darii
1852 4270 2201 4325 couverterit?
