2978 4933
816 404 933 455 οι..
983 403 1139 451 cxi.
1182 388 1248 451 4.
1320 407 1395 452 A.
1440 405 1563 453 cn.
1611 404 1685 453 N.
1729 387 1878 453 333.
2032 476 2036 480 η
2311 388 2442 455 221

264 550 496 636 ‘regis'
548 550 832 627 titulum,
861 568 988 614 nec
1036 545 1352 614 eundemi
1394 545 1772 612 Alexandri
1816 547 2065 612 nomini
2110 549 2444 636 ascripse-

262 663 377 721 rat.
458 655 520 721 8.
564 648 1002 721 Postulabatj
1034 659 1264 717 autem
1295 651 1512 734 magis
1542 670 1742 736 quam
1783 651 2143 736 petebat;⁶
2185 658 2295 719 ‘ut
2331 676 2444 720 ac-

262 769 449 842 cepta
490 740 1440 842 pecunia‚'quantamcumque
1499 759 1650 820 tota
1700 754 2109 820 Macedonia
2158 764 2445 840 caperet,

258 869 523 926 matrem
553 860 687 927 sibi
728 880 809 924 ac
841 859 1199 944 conjugem
1256 858 1637 942 liberosque
1677 859 2087 924 restitueret:
2136 860 2221 923 de
2247 881 2455 945 regno.

263 982 469 1046 aequ0‚
499 965 558 1029 si
586 966 810 1043 vellet,
836 963 1059 1028 Marte
1088 960 1594 1028 contenderet.⁶‘
1645 961 1710 1025 9.
1757 961 1831 1026 Si
1865 963 2134 1027 saniora
2163 966 2447 1030 consilia
2473 968 2477 975 ’

258 1066 509 1131 tandem
538 1054 685 1152 pati
714 1068 1052 1153 potuisset
1077 1087 1096 1147 ς
1142 1070 1494 1131 contentus
1522 1065 1767 1149 patrio,
1798 1065 2062 1131 cederet
2092 1066 2291 1132 alieni
2321 1070 2445 1134 im-

255 1169 413 1252 perii
457 1169 793 1237 finibus:⁴
834 1168 1064 1234 socius
1115 1169 1517 1251 amicusque
1548 1174 1767 1234 esset:
1813 1171 1878 1233 in
1919 1188 2001 1234 ea
2034 1189 2109 1233 se
2139 1169 2340 1235 fidem
2380 1176 2449 1236 et

257 1270 405 1336 dare
432 1279 744 1358 paratum
775 1277 839 1336 et
869 1270 1254 1356 accipere.'‘
1340 1272 1448 1336 10.
1480 1269 1727 1337 Contra
1757 1269 2151 1336 Alexander
2169 1274 2240 1338 in
2271 1273 2447 1339 hunc

227 1375 535 1453 ‚maxime
596 1375 873 1440 modum
941 1375 1338 1458 rescripsit:
1434 1379 1455 1409 ‘
1506 1373 1665 1440 Rex
1714 1372 2148 1441 Alexanderk
2209 1377 2445 1444 Dario.

256 1474 411 1556 Ille,l
455 1479 655 1564 cujus
705 1485 1012 1544 nomenm
1052 1477 1381 1560 sumsisti,
1435 1479 1710 1561 DariuS,
1755 1477 2059 1558 Graecos,
2105 1481 2219 1564 qui
2264 1480 2448 1547 oram

313 1671 334 1706 ὅ
365 1673 512 1730 Quasi
522 1674 725 1737 jubebat
739 1675 900 1739 potius
919 1692 1058 1740 quam
1080 1677 1300 1739 rogabat.
1529 1687 1551 1712 ⁶
1584 1680 1686 1729 Pro
1707 1679 1920 1744 imperio,
1940 1680 1985 1729 ei
2005 1679 2165 1741 vellet,
2175 1677 2311 1740 justa
2332 1678 2450 1727 bello

254 1737 506 1791 dimicaret.
765 1740 794 1775 ἆ
828 1743 1089 1792 Contentus
1106 1742 1413 1793 Macedonica
1434 1759 1602 1808 regno,
1622 1747 1781 1796 exiret
1805 1746 1989 1795 Persici
2008 1745 2168 1795 terris.

290 1813 341 1881 .‘.
361 1807 598 1882 Paratum
634 1821 685 1856 ae
719 1821 820 1858 esse
857 1810 920 1858 ad
952 1808 1051 1857 haec
1083 1812 1375 1872 praestanda,
1416 1824 1553 1860 auam
1585 1811 1863 1862 Alexandro
1885 1811 2040 1874 fldem
2074 1811 2207 1872 dare,
2229 1814 2276 1858 et
2315 1807 2373 1858 ab
2396 1823 2449 1857 eo

227 1909 230 1913 .
257 1884 453 1921 amaeam
473 1877 734 1936 acceptare.

1147 1971 1241 1991 m

1455 1971 1517 1991 Ν

256 2063 409 2127 quibus
426 2070 480 2114 nt
501 2067 740 2130 saperbae.
775 2067 890 2117 Pal.
916 2072 964 2117 1.
986 2083 1092 2117 cum
1109 2071 1362 2135 proecipue.
1409 2071 1578 2134 Bong.
1600 2074 1649 2120 1.
1671 2071 1857 2121 nuntiae
1878 2071 2314 2135 ὠσάμεναι-8
2338 2069 2454 2119 Pal.

259 2134 300 2178 1.
321 2135 675 2196 quantacunque
697 2138 847 2182 totam
866 2134 1215 2197 Macedoniam,
1230 2135 1367 2200 quod
1382 2150 1483 2185 non
1504 2136 1937 2186 contemnendum
1963 2144 2112 2199 putat
2135 2135 2453 2185 Schmieder.

254 2194 379 2246 Mer.
401 2203 776 2261 quantacumque
796 2203 897 2247 tota
911 2200 1212 2250 Macedonia.
1246 2203 1415 2266 Bong.
1441 2202 1591 2252 Leid.
1611 2209 1668 2251 et
1691 2203 1845 2251 Voss.
1870 2207 1914 2251 1.
1933 2206 1984 2251 2.
2006 2202 2102 2250 sibi
2123 2206 2171 2251 et
2191 2201 2455 2262 conjugem.

256 2260 270 2287 ‘
290 2260 411 2311 Mox
449 2261 593 2313 forte
633 2264 909 2327 legendum
947 2274 1062 2314 est:
1097 2267 1155 2315 de
1176 2281 1323 2329 regna
1346 2282 1497 2332 (τιμε,
1527 2269 1616 2331 (ac
1641 2267 1808 2316 adhuc
1841 2265 2046 2332 usque,)
2083 2267 2127 2315 si
2161 2265 2335 2328 cette&
2372 2268 2456 2328 &a

256 2324 667 2379 Sclimieder.—9
700 2328 969 2379 Sisaniora
1006 2331 1204 2381 consilia
1240 2338 1397 2383 tamen
1435 2334 1630 2383 Faucb.
1670 2333 1921 2395 probante
1961 2332 2279 2382 Schmieder.
2326 2331 2377 2379 in
2399 2345 2452 2379 eo

257 2390 369 2442 Bas,
391 2393 506 2444 Col.
530 2399 591 2443 et
612 2395 751 2444 Mer.
774 2395 826 2444 in
846 2410 904 2445 ea
910 2396 1065 2461 fidem
1088 2396 1258 2447 Amst.
1282 2398 1469 2447 omisso
1493 2414 1545 2447 se
1557 2416 1578 2458 ;
1613 2398 1756 2449 Pith.
1778 2401 2000 2448 daturum
2019 2403 2066 2447 et
2088 2398 2298 2460 accipere
2309 2410 2454 2460 para·

253 2459 490 2509 tum.-·-10
525 2461 643 2510 Rex
664 2462 941 2524 Alexander
965 2462 1156 2513 Dareus
1178 2464 1308 2526 cnjus
1337 2464 1570 2516 Floreat.
1595 2464 1742 2516 Leid.
1765 2473 1822 2515 et
1843 2464 1997 2514 Voss·
2023 2468 2071 2514 1.
2121 2464 2190 2513 R.
2206 2462 2274 2514 A.
2297 2461 2455 2512 Dario

253 2522 380 2582 cnjus
397 2525 553 2575 Voss.
577 2529 627 2575 2.
686 2527 751 2577 R.
770 2526 835 2577 A.
860 2527 940 2576 ille
962 2529 1094 2590 cnjus
1114 2530 1315 2579 Erasm.
1373 2531 1439 2580 R.
1463 2529 1531 2578 A.
1559 2531 1698 2580 Celes
1721 2530 1836 2580 Pal.
1860 2536 1909 2580 1.
1941 2529 2064 2579 Ald.
2087 2530 2224 2579 Mer.
2252 2530 2377 2578 Bas.
2400 2533 2457 2576 et

256 2587 361 2640 Col'.
400 2587 536 2641 Celes
560 2591 811 2642 omittunt
833 2593 1003 2656 Bong.
1029 2601 1084 2643 et
1106 2596 1246 2643 Dan.
1302 2595 1415 2644 Rex
1431 2595 1499 2644 A.
1523 2596 1697 2645 Dario.
1725 2597 1880 2658 Celes,
1902 2595 2051 2656 cuium,
2072 2596 2153 2657 ᾅο.
2178 2594 2298 2643 edd.
2325 2600 2455 2641 vett.

254 2666 361 2703 curn
384 2654 560 2707 Amst.
588 2661 731 2706 1629.
755 2658 991 2708 Freinsh.
1020 2660 1212 2710 Cellar.
1236 2659 1422 2709 Pitisc.
1459 2660 1623 2709 Barb.
1659 2660 1780 2724 Bip.
1802 2660 1961 2712 Snak.
1987 2661 2145 2709 Cunz.
2171 2666 2225 2709 et
2249 2659 2451 2717 Botlie3

261 2718 401 2770 ΕΑ.
425 2722 606 2771 Dario·
676 2723 768 2771 Ille
787 2723 937 2786 eujus,
959 2726 1041 2787 ᾄτ.
1089 2725 1320 2787 Mediae,
1361 2724 1527 2775 Amst.
1552 2728 1699 2774 1688.
1737 2726 1914 2774 Maitt.
1953 2731 2008 2773 et
2043 2724 2173 2774 Tell.
2208 2723 2326 2771 ‘Sic
2374 2737 2455 2771 re-

256 2786 428 2849 scripti
450 2802 574 2839 cum
599 2787 810 2839 Modio:
846 2789 1247 2854 snakenburgio
1273 2797 1446 2840 tamen
1479 2790 1774 2853 subscribo,
1809 2804 1909 2840 non
1936 2787 2276 2853 spernendam
2299 2788 2453 2851 plane

253 2849 521 2903 lectionem
559 2860 695 2904 vett.
730 2856 1048 2919 quorundam
1089 2855 1242 2905 codd.
1281 2856 1640 2905 exhibentium
1679 2856 1729 2907 h.
1767 2857 1800 2907 1.
1835 2868 2016 2905 vocem
2044 2856 2192 2904 Celes.
2258 2853 2474 2902 Forsan.

257 2928 474 2968 errorem
496 2932 616 2967 esse
641 2918 788 2968 scioli
811 2920 1029 2981 librarii,
1052 2922 1160 2985 qui,
1192 2921 1334 2972 huuc.
1353 2922 1739 2971 Codomannum
1764 2935 2102 2985 cognoscens,
2137 2933 2233 2982 per
2254 2918 2458 2968 literam

261 2981 313 3029 C.
338 2983 561 3033 voluerit
586 2983 883 3047 designare,
921 2986 1059 3035 unde
1087 2993 1267 3048 postea
1290 3002 1356 3036 ex
1399 2988 1458 3036 C.
1481 2988 1584 3048 ille,
1609 2987 1691 3037 vel
1721 2988 1778 3038 C.
1813 2987 1857 3035 is
1891 2985 2146 3035 coaluerit
2185 2984 2335 3034 Celes.
2401 2984 2456 3032 Si

254 3047 562 3111 conjecturae
605 3048 752 3099 locus
788 3056 946 3114 esset,
984 3052 1339 3101 Freinshemio
1381 3053 1656 3117 placebat:
1694 3052 1806 3102 Rex
1841 3052 1906 3101 A.
1940 3052 2094 3101 Dario
2131 3047 2299 3099 Celeti.
2367 3047 2460 3097 Ille

1241 3202 1457 3253 NOTAE

256 3337 269 3349 ·
309 3308 324 3341 ¹
357 3312 460 3361 Nee
481 3313 706 3377 eundem]
741 3313 1110 3379 Tamentapud
1134 3314 1314 3367 Arria·
1459 3317 1484 3351 ¹¹
1518 3318 1631 3369 Rex
1649 3313 1950 3378 Alexander]
1983 3312 2120 3366 Quia
2142 3309 2238 3361 sibi
2264 3308 2460 3359 Darius

251 3388 477 3440 numlib.
501 3406 572 3443 ιι.
611 3390 778 3455 prima
813 3392 911 3443 hac
944 3391 1208 3455 legatione
1245 3395 1317 3444 lo·
1396 3393 1539 3458 regis
1577 3395 1785 3444 titulum
1825 3392 2158 3454 ascripserat,
2196 3401 2297 3436 uon
2333 3385 2477 3435 item.

253 3479 405 3529 quens
427 3467 648 3532 Darius,
671 3469 745 3520 ait
780 3469 796 3497 ‘
817 3483 880 3518 se
914 3483 1092 3532 regern
1123 3485 1153 3519 a
1191 3486 1317 3535 rege
1398 3470 1718 3535 Alexandro,
1742 3467 1966 3519 vicissim
2002 3462 2299 3515 Alexander
2327 3461 2462 3525 regis

252 3549 466 3594 matrem
510 3560 683 3611 suam,
725 3560 961 3610 uxorem,
997 3547 1188 3597 liberos
1228 3563 1317 3613 pe·
1397 3548 1496 3598 sibi
1519 3563 1703 3598 nomen
1727 3546 1903 3607 sumit,
1926 3543 2085 3593 Dario
2113 3555 2213 3591 non
2239 3538 2442 3590 tribuit.
2475 3564 2479 3568 .

253 3620 397 3670 tere?
1468 3623 1480 3657 ¹
1500 3625 1614 3688 Ille]
1638 3626 1758 3674 Vox
1784 3624 1941 3683 Celes,
1965 3633 2117 3684 quam
2142 3632 2243 3666 non
2264 3623 2463 3666 temere

308 3696 326 3740 l
359 3698 672 3764 Postulabat]
722 3698 840 3748 Etsi
873 3699 973 3749 ista
1014 3714 1156 3764 saepe
1201 3714 1320 3764 pro·
1396 3702 1630 3752 hocloco
1653 3701 1897 3750 videntur
1917 3695 2116 3760 antiqui
2141 3694 2351 3744 codices
2375 3706 2464 3741 ex·
2500 3745 2519 3751 N

251 3772 443 3824 misene
467 3783 804 3839 usurpantur,
826 3775 842 3804 ‘
861 3780 1078 3839 petere,’
1112 3779 1127 3804 ‘
1142 3782 1319 3839 postu·
1395 3781 1598 3842 hibere,
1614 3779 1771 3829 variis
1787 3777 2056 3827 doctorum
2076 3771 2330 3821 hominum
2346 3785 2486 3821 ccu-⁴

255 3848 396 3912 lare,'
434 3851 735 3918 “posceress
797 3860 970 3902 tamen
1022 3855 1319 3904 accuratius
1386 3856 1610 3921 jecturis
1633 3857 1803 3905 locum
1828 3853 1995 3902 dedit.
2062 3850 2127 3899 In
2161 3863 2225 3899 eo
2254 3848 2463 3914 quidem

257 3926 692 3995 distinguentibus
727 3933 840 3995 plus
876 3938 956 3983 est
990 3933 1006 3961 ‘
1027 3934 1319 3997 postulare’
1398 3933 1717 3985 conveniunt
1739 3944 1935 3986 omnes,
1958 3928 2194 3978 celetem
2227 3924 2332 3975 dici
2355 3931 2467 3974 tum

260 4020 406 4070 quam
447 4010 463 4038 ‘
484 4009 747 4073 9⁰⁵00522'
785 4016 844 4060 ut
874 4009 973 4059 hoc
1011 4011 1126 4060 loco
1162 4013 1321 4062 mani·
1397 4024 1583 4076 equum
1607 4007 1974 4071 injugem‚quo
1994 4004 2108 4067 quis
2128 4001 2359 4051 insidens
2379 4015 2487 4050 ve-.

253 4080 440 4134 festum
482 4093 597 4137 est:
665 4088 780 4150 plus
824 4086 980 4136 etiam
1026 4091 1043 4117 ‘
1067 4089 1318 4151 poscere'
1397 4088 1560 4150 hitur,
1575 4085 1783 4136 Gallice
1801 4082 1961 4133 cheval
1977 4083 2035 4131 de
2053 4080 2184 4140 aelle,
2198 4085 2306 4128 turn
2325 4076 2489 4141 equi·-

258 4174 404 4224 ‘luam
448 4165 465 4193 ‘
490 4163 799 4229 postulare,’
842 4171 901 4214 ut
945 4163 1143 4216 indicat
1192 4166 1319 4216 illud
1401 4173 1511 4215 tem
1532 4164 1719 4227 ipsum.
1754 4161 1947 4210 Graeca
1964 4172 2064 4206 vox
2082 4154 2343 4217 est,cujus
2363 4167 2487 4203 me-.

264 4239 528 4302 Ciceronis
592 4243 645 4291 in
702 4241 959 4293 Verremt
1014 4242 1030 4271 ‘
1054 4242 1325 4309 Incipiunt
1403 4243 1604 4294 minere
1651 4238 1858 4300 Suidas,
1901 4232 2219 4298 Hesychius,
2258 4230 2468 4280 Favori-

264 4319 551 4384 postulare,
575 4334 813 4384 poscere,
829 4319 1055 4377 minari!
1404 4334 1538 4382 nus3
1571 4317 1776 4369 Plinius
1809 4313 1995 4365 Latine
2018 4309 2173 4360 etiam
2199 4308 2471 4372 usurpavit
