2978 4933
745 405 1006 455 surm..
1054 405 1137 454 m
1187 407 1258 466 Q.
1302 405 1652 455 cunnum
1702 405 1851 456 ms.
1900 407 1946 455 ¹.
2317 392 2449 459 109

244 548 547 610 Thebanis
577 548 795 611 auxilio
815 550 995 611 futuri
1026 569 1089 612 se
1118 559 1579 623 commoverant,
1608 555 1624 584 ‘
1650 548 1856 623 duces,
1885 568 2133 631 quorum
2161 550 2447 613 instinctu

247 646 323 706 ad
362 667 502 709 eum
541 648 795 709 furorem
843 647 1105 730 prolapsi
1144 658 1370 722 essent,
1410 647 1624 729 capitis
1672 667 1736 708 se
1780 647 2302 712 condemnavisse’
2343 668 2447 711 ex-

243 747 572 824 ponebant.
654 749 754 806 27.
798 746 928 806 Elei
974 752 995 780 ‘
1023 745 1294 807 exulibus
1340 745 1462 806 suis
1504 743 1757 806 reditum
1800 745 2192 820 concessisse,
2220 765 2341 806 non
2369 749 2447 808 ob

247 841 436 917 aliud,
465 843 579 903 nisi
606 843 769 924 quod
796 842 1138 905 Alexandro
1174 862 1344 905 caros
1386 842 1799 925 accepissent.’
1880 845 1983 904 28.
2028 844 2107 903 Et
2135 844 2314 905 AEtoli
2340 864 2448 906 ex-

246 950 625 1015 cusaverunt,
666 947 684 977 ‘
715 941 877 1023 quod
905 941 967 1001 in
994 939 1177 1001 tantis
1207 940 1460 1003 Graeciae
1491 940 1701 1014 turbis,
1744 940 2005 1021 ipsorum
2032 960 2269 1021 quoque
2297 961 2447 1024 gens

245 1056 537 1099 novorum
555 1037 933 1101 consiliorum
953 1056 1166 1118 expers
1183 1057 1302 1098 non
1319 1037 1604 1098 fuisset.'⁸
1645 1040 1745 1099 29.
1770 1038 2156 1119 Megarenses
2183 1040 2318 1101 novi
2346 1059 2450 1120 ge-

248 1135 406 1196 neris
434 1135 659 1198 honore
688 1136 872 1198 risum
900 1136 1048 1217 regi,
1066 1135 1283 1216 quique
1304 1136 1464 1196 circa
1485 1154 1620 1196 eum
1643 1147 1830 1208 erant,
1851 1145 2334 1211 commoverant,⁸
2353 1158 2444 1198 re-

248 1230 505 1294 ferentes
547 1239 565 1269 ‘
594 1235 674 1294 ob
702 1232 966 1295 studium
991 1244 1055 1295 et
1077 1234 1368 1296 beneficia
1395 1233 1721 1295 Alexandri
1747 1234 1808 1293 in
1837 1232 2107 1309 Graecos,
2130 1214 2447 1315 Megaren-

253 1329 330 1389 sis
380 1330 591 1411 populi
637 1332 786 1393 scito
835 1332 1133 1394 civitatem
1179 1331 1266 1393 illi
1312 1332 1615 1394 decretam
1666 1334 1801 1394 esse
1819 1333 1857 1394 τ’
1898 1333 2090 1394 donee
2124 1333 2451 1408 intellecto,

253 1434 271 1461 ‘
294 1428 520 1489 nemini
548 1428 624 1489 ad
655 1449 788 1491 eum
820 1429 999 1502 diem,
1019 1441 1270 1510 excepto
1292 1430 1570 1504 Hercule,
1592 1430 1656 1491 id
1682 1430 1923 1492 honoris
1950 1430 2256 1504 habitum,’
2274 1433 2448 1493 laetus

253 1524 507 1605 aceepit.
591 1529 691 1588 30.
734 1527 962 1591 Ceteris
992 1527 1319 1609 respondit,
1363 1537 1382 1564 ⁸
1410 1529 1554 1588 nihil
1588 1528 1698 1589 sibi
1725 1528 1923 1609 quiete
1961 1538 2020 1591 et
2047 1529 2451 1591 incolumitate

254 1621 509 1684 Graecioe
536 1624 835 1705 antiquius
864 1645 1032 1694 essez
1076 1626 1254 1688 modo
1301 1626 1363 1686 in
1410 1637 1712 1707 posterum
1757 1627 1927 1688 novis
1969 1627 2144 1688 rebus
2188 1626 2451 1688 abstine-

203 1770 206 1773 .
253 1730 421 1782 rent:
464 1722 895 1803 praeteritorum
943 1724 1172 1785 veniam
1214 1724 1388 1785 facile
1432 1724 1804 1797 concedere}
1885 1727 1984 1785 31.
2023 1723 2244 1784 Verum
2274 1725 2453 1806 Spar-

252 1819 403 1879 tanis
455 1819 709 1881 maxime
767 1815 1045 1893 diffisus,¹'
1083 1821 1375 1883 Philiadoe
1427 1823 1642 1883 liberos
1687 1822 2045 1894 Messenem,
2093 1821 2254 1882 unde
2294 1822 2451 1903 pulsi

253 1915 510 1990 fuerant,
556 1916 846 1978 restitnitt
889 1918 1173 1979 Pellenen
1212 1919 1564 1980 Achaeorum
1610 1918 1889 1979 Choeroni
1918 1916 2200 1979 tradidit:
2244 1917 2451 1999 Sicyo-

255 2034 410 2089 nem,
459 2013 693 2096 aliaque
734 2014 1131 2097 Peloponnesi
1178 2016 1399 2099 oppida
1443 2037 1552 2098 per
1598 2016 1846 2077 clientes
1895 2034 2035 2075 suos
2079 2013 2306 2087 habuit,
2349 2016 2452 2097 qui

258 2111 507 2173 consilia
535 2111 1113 2174 Lacedaemoniorum
1156 2133 1230 2174 ex
1265 2114 1597 2196 propinquo
1646 2113 2109 2193 specularentur.
2197 2114 2292 2172 32.
2336 2113 2452 2173 Tot

257 2208 557 2290 tantisque
602 2211 777 2271 rebus
817 2211 1191 2290 perficiendis
1232 2214 1407 2293 pauci
1436 2230 1669 2273 menses
1699 2206 2077 2271 suffecerunt.
2119 2210 2274 2270 intra
2299 2229 2450 2290 quos

251 2317 376 2367 tam
407 2325 588 2387 grave
616 2316 793 2387 atque
822 2309 1129 2389 multiplex
1174 2309 1399 2370 bellum
1436 2309 1650 2370 leviore
1698 2308 1939 2388 negotio
1967 2305 2245 2379 confecit,
2276 2325 2456 2386 quam

261 2405 410 2465 'alius
457 2405 805 2488 paravisset.
892 2409 990 2468 33.
1035 2408 1170 2488 Ipse
1218 2407 1457 2490 quidem
1503 2425 1632 2466 eam
1673 2403 1979 2466 victoriam
2025 2401 2354 2464 celeritati‘
2395 2425 2460 2465 se

263 2502 475 2564 debere
502 2503 836 2577 confessus,
863 2505 1269 2585 interroganti,
1312 2510 1328 2539 ⁴
1358 2522 1621 2584 quonam
1659 2502 1913 2563 maxime
1944 2498 2123 2561 modo
2152 2498 2448 2561 Graeciam

263 2598 668 2679 subegisset;'‘
696 2607 713 2635 ‘
743 2599 906 2661 Nihil
938 2599 1320 2673 cunctando,'
1357 2599 1685 2680 respondit.

324 2823 346 2852 ¹
376 2814 583 2866 Arrian.
606 2829 648 2865 1.
673 2818 755 2865 lo.
1105 2819 1112 2824 ’
1456 2808 1481 2844 b
1515 2807 1786 2859 Demostb.
1837 2806 1902 2858 de
1956 2805 2244 2859 Alexandr.
2302 2808 2431 2859 Foed

269 2905 276 2909 ⁴
327 2902 351 2928 ²
381 2892 525 2944 Plut.
556 2892 625 2942 de
655 2892 925 2943 Monarch.
965 2906 1010 2943 c.
1041 2895 1091 2944 2.
1115 2891 1315 2943 Seneca
1395 2888 1621 2939 Pausan.
1645 2900 1739 2936 vu.

268 2972 332 3023 de
349 2968 581 3022 Benefic.
602 2983 643 3020 1.
668 2973 749 3019 13.
1251 3023 1266 3028 ,
1461 2974 1484 3000 ⁶
1515 2965 1688 3016 Schol.
1713 2963 1776 3014 ad
1803 2963 2017 3015 Homer.
2040 2963 2193 3015 Iliad.
2215 2970 2268 3016 B.
