2978 4933
433 383 522 452 74
1237 399 1297 451 s.
1344 390 1846 450 rnnrnsnnmr

437 545 623 608 tentia
644 544 928 607 hactenus
949 544 1108 605 baud
1125 545 1399 626 impares,
1413 547 1720 627 oegerrime
1741 546 2021 617 tulerant,
2049 545 2159 604 sub
2180 562 2319 624 rege
2346 542 2630 604 bellicoso

436 645 720 723 vafroque
766 643 930 722 regni
975 663 1119 724 opes
1174 663 1461 717 crescere,
1511 645 1730 706 accolis
1785 643 2127 726 perniciem,
2179 651 2283 701 aut
2332 641 2632 701 servitium

439 742 742 804 allaturas.
833 744 926 804 14.
972 743 1130 822 Ergo
1173 759 1291 822 quo
1338 743 1754 804 infensioribus
1811 741 2022 802 animis
2067 749 2354 800 certatum
2399 748 2512 810 est,
2561 757 2632 798 eo

440 839 701 920 asperior
744 838 988 900 victoria
1031 840 1178 901 fuit:
1222 841 1428 901 urbem
1476 849 1714 922 captam
1759 839 2163 920 direptamque
2201 835 2330 896 solo
2380 834 2637 914 aequavit

441 938 790 1019 Philippus;
835 937 995 999 cives
1037 937 1309 999 veniere:
1354 939 1415 998 in
1443 936 1880 1023 reliquapetiam
1908 935 2146 996 ditionis
2171 953 2373 994 eorum
2416 932 2636 1012 oppida

442 1035 713 1097 saevitum
732 1045 843 1098 est.
929 1037 1090 1097 Inter
1107 1056 1242 1116 quae
1264 1036 1580 1117 Stagiram,
1604 1035 1763 1097 unde
1782 1033 2126 1111 Aristoteles
2151 1052 2338 1113 genus
2358 1029 2635 1102 ducebat,

381 1128 386 1134 ’
440 1153 548 1214 par
566 1135 875 1195 calamitas
905 1136 1201 1196 obruerat.
1288 1138 1385 1196 15.
1426 1135 1573 1195 Eam
1592 1144 1717 1196 tum
1736 1132 1892 1213 regis
1915 1131 2201 1213 permissu
2221 1138 2398 1208 atque
2424 1129 2635 1207 opibus

441 1252 516 1292 ex
543 1232 773 1314 integro
801 1232 1102 1302 condidit;
1144 1220 1550 1314 restitutaeque
1593 1233 1758 1314 leges
1801 1228 1960 1303 tulit,
2004 1229 2218 1308 quibus
2258 1225 2637 1308 postmodum

442 1349 555 1390 usa
582 1341 696 1392 est.
778 1332 870 1392 Ita
896 1351 1076 1412 quam
1104 1341 1360 1394 stantem
1387 1332 1816 1410 florentemque
1842 1336 1935 1390 tot
1959 1325 2195 1387 fortium
2226 1324 2480 1384 virorum
2515 1342 2640 1382 ma-

444 1447 558 1487 nus
585 1429 662 1488 ab
683 1427 913 1503 excidio
940 1428 1250 1509 prohibere
1279 1448 1396 1491 non
1427 1437 1782 1509 potuerant:
1828 1445 1959 1486 eam
1988 1423 2292 1484 incensam
2330 1432 2508 1503 atque
2552 1422 2642 1482 di-

443 1532 636 1584 rutam
663 1526 839 1586 unius
867 1525 1011 1586 civis
1040 1526 1319 1587 excitavit
1346 1526 1667 1606 ingenium.
1743 1525 1839 1584 16.
1882 1521 2104 1591 Quanti
2133 1530 2329 1581 autem
2352 1518 2644 1580 Aristote-

445 1620 563 1682 lem
618 1621 824 1683 fecerit
879 1622 1210 1704 Philippus,
1258 1624 1398 1684 binc
1450 1623 1627 1685 etiam
1672 1620 1953 1683 aestimari
2003 1611 2221 1699 potest,
2268 1616 2431 1699 quod
2483 1636 2644 1697 saepe

444 1718 626 1780 filium
659 1721 908 1795 monuit,
938 1732 1008 1781 ut
1035 1723 1146 1782 sub
1174 1731 1294 1782 tam
1323 1721 1541 1783 idoneo
1570 1720 1855 1801 magistro
1886 1717 2189 1798 sapientiae
2219 1735 2473 1797 gnavam
2501 1733 2644 1794 ope-

446 1835 573 1876 ram
601 1818 802 1888 daret3
848 1839 923 1881 ne
950 1839 1088 1879 mox
1107 1819 1292 1899 multa
1319 1818 1732 1891 committeret,
1757 1815 2018 1898 qualium
2050 1833 2230 1874 causa
2258 1811 2385 1891 ipse
2410 1804 2646 1891 ‘pudore

449 1922 511 1973 et
536 1916 881 1994 poenitentia
901 1926 1237 1997 angeretur.
1330 1919 1423 1978 17.
1465 1916 1659 1997 Igitur
1683 1924 1894 1998 postea
1912 1931 2146 1993 quoque
2174 1908 2440 1969 maximis
2470 1909 2646 1968 rebus

447 2011 710 2074 intentus
742 2014 1101 2095 Alexander,
1131 2036 1248 2077 non
1277 2015 1473 2077 omisit
1501 2015 1847 2095 magistrum
1869 2009 2167 2077 venerari;
2198 2009 2520 2086 crebroque
2543 2024 2650 2085 per

448 2108 649 2171 literas
676 2115 1058 2194 compellavit
1081 2115 1397 2185 hominem,
1426 2134 1537 2174 nec
1566 2111 2005 2193 disciplinarum
2036 2105 2214 2166 modo
2252 2122 2489 2176 arcana,
2540 2101 2648 2163 sed

450 2216 512 2267 et
556 2229 783 2271 morum
821 2215 1082 2274 remedia
1108 2213 1288 2294 petiit.
1377 2213 1471 2270 18.
1515 2210 1714 2290 Atque
1741 2206 1841 2267 ille
1868 2201 2188 2284 rescripsit,
2216 2201 2430 2287 quibus
2460 2194 2648 2280 ipsius

451 2314 629 2385 atque
679 2309 1050 2371 subditorum
1103 2307 1369 2371 felicitati
1412 2305 1752 2367 consultum
1796 2303 2170 2382 opinabatur,
2220 2306 2236 2333 ‘
2264 2297 2649 2368 meminisset,

451 2411 678 2463 tantam
701 2405 813 2485 ipsi
836 2427 1184 2469 concessam
1204 2426 1339 2469 esse
1367 2402 1715 2487 potentiam,
1736 2411 1804 2461 ut
1822 2399 2133 2483 prodesset
2147 2395 2504 2469 hominibus,
2528 2413 2653 2453 non

452 2510 520 2560 ut
546 2521 649 2583 eos
678 2500 959 2566 laederet:
991 2507 1093 2566 irae
1119 2504 1398 2587 quoque‚'
1426 2504 1487 2564 in
1515 2521 1693 2583 quam
1717 2500 1969 2561 maxime
1996 2495 2358 2577 praecipitem
2388 2497 2653 2564 noverat,

453 2606 472 2634 ‘
496 2600 737 2661 modum
785 2614 1069 2683 poneret:
1129 2624 1322 2685 neque
1379 2602 1534 2664 enim
1580 2598 1956 2662 irascendum
2003 2594 2407 2655 inferioribus:
2449 2610 2654 2672 parem

454 2710 650 2760 autem
677 2700 788 2781 ipsi
818 2722 951 2764 esse
987 2697 1344 2766 neminem.'¹‘
1430 2704 1525 2763 19.
1567 2700 1662 2761 Ad
1694 2707 2055 2780 postremum
2084 2702 2280 2754 tamen
2312 2690 2506 2749 animo
2526 2688 2655 2768 jam

454 2797 662 2859 elatior
689 2819 962 2879 spernere
992 2823 1124 2863 eum
1153 2801 1365 2882 coepit:
1407 2797 1734 2881 praesertim
1762 2814 1898 2856 cum
1916 2793 1995 2852 ob
2022 2786 2405 2850 Callisthenis
2432 2786 2656 2847 exitum

454 2895 735 2956 infestum
766 2898 910 2972 sibi)
939 2908 1000 2960 et
1025 2908 1239 2979 praeter
1264 2897 1573 2978 sapientiae
1599 2904 1920 2976 praecepta,
1950 2888 2129 2951 etiam
2160 2886 2433 2946 vindictae
2450 2902 2656 2955 causa,

457 2998 833 3060 ambitionem
861 2999 1181 3078 humanum
1210 2996 1514 3075 fastigium
1543 2989 1943 3073 despicientis,
1972 2983 2471 3065 disputationibus
2517 3000 2659 3042 exa·

459 3096 647 3173 gitare
684 3097 968 3157 crederet.
1036 3097 1137 3154 20.
1184 3092 1359 3153 Certe
1388 3090 1568 3171 paulo
1599 3100 1735 3149 ante
1758 3095 2024 3161 mortem,
2053 3079 2398 3141 Cassandro
2425 3078 2661 3158 objecta

459 3193 609 3272 patri
639 3213 748 3253 suo
776 3193 1023 3253 crimina
1047 3201 1360 3272 purgante,
1389 3189 1756 3248 exclamasse
1785 3184 2029 3252 fertur,¹¹¹
2075 3186 2093 3214 ‘
2113 3176 2505 3237 Aristotelicas
2527 3195 2658 3235 ver-

461 3291 631 3351 sutiae
661 3290 1194 3351 machinationibus
1223 3288 1574 3347 instructum
1597 3284 1852 3354 venisse,
1881 3289 1948 3340 ut
1975 3278 2171 3358 justas
2223 3275 2468 3334 aliorum
2488 3299 2491 3304 >
2510 3292 2661 3352 que-

460 3388 615 3449 relas
645 3389 955 3449 fallacibus
990 3386 1236 3467 argutiis
1284 3384 1555 3446 eluderet
1582 3383 1620 3444 :'
1688 3383 1790 3442 21.
1834 3376 2052 3438 deinde
2093 3373 2382 3452 ‘utrique,
2430 3370 2480 3430 si
2523 3381 2663 3460 vera

459 3506 595 3566 quae
640 3485 1006 3546 deferrentur
1051 3483 1457 3563 comperisset,
1503 3480 1757 3564 malum’
1795 3477 2081 3537 minatum
2120 3490 2289 3531 esse:
2333 3478 2454 3528 tam
2485 3467 2663 3527 vehe-

462 3585 644 3645 menti
672 3584 863 3656 vultu‚
892 3594 959 3643 ut
1000 3583 1104 3643 diu
1130 3592 1267 3663 post
1295 3582 1423 3668 ejus
1448 3580 1772 3651 interitum,
1799 3595 1933 3636 cum
1962 3574 2112 3633 forte
2145 3567 2507 3639 Cassander,
2535 3576 2661 3626 tum

462 3702 655 3742 rerum
684 3682 749 3741 in
778 3682 1010 3741 Graecia
1038 3690 1271 3760 potens,
1300 3678 1621 3759 imaginem
1651 3669 1976 3734 Alexandri
2008 3666 2259 3748 Delphis
2288 3663 2542 3744 positam
2570 3663 2660 3722 in·
2758 3729 2765 3732 ,

461 3789 747 3853 tueretur,
776 3789 1086 3839 revocatus
1126 3779 1185 3837 in
1224 3776 1469 3859 periculi
1498 3775 1585 3833 sui
1623 3769 1984 3839 memoriam,
2013 3775 2141 3824 toto
2180 3781 2426 3842 corpore
2454 3760 2663 3823 cohor-

465 3876 692 3938 ruerit.¹=
775 3880 873 3936 22.
925 3875 1078 3944 Quae
1120 3894 1215 3936 res
1262 3871 1567 3935 Aristoteli
1614 3871 1790 3931 etiam
1833 3884 2070 3943 magnae
2113 3859 2369 3920 infamiae
2425 3859 2662 3920 occasio

466 3974 622 4034 fuit:
661 3973 881 4054 quippe
924 3992 1239 4046 venenum,
1287 3991 1407 4052 quo
1449 3968 1790 4030 Alexander
1827 3963 2074 4045 periisse
2101 3957 2361 4021 creditus
2390 3966 2503 4029 est,
2541 3975 2660 4016 non

533 4148 558 4184 Ι*
580 4146 762 4199 AElian.
782 4148 817 4196 l.
840 4147 875 4197 1.
897 4149 982 4199 64.
1608 4142 1682 4191 sui
1702 4156 1748 4189 c.
1774 4142 1854 4187 19.

536 4224 549 4258 ¹
580 4227 714 4279 Plut.
748 4226 900 4275 Alex.
928 4240 978 4287 p.
998 4227 1112 4273 696.
1179 4222 1262 4272 Id.
1295 4222 1362 4271 de
1398 4221 1527 4270 Pro·
1671 4225 1707 4249 ¹¹¹
1727 4215 1868 4264 Plut.
1892 4210 2040 4261 Alex.
2066 4225 2116 4275 p.
2138 4212 2255 4258 766.

469 4309 619 4354 sactu
654 4303 786 4356 virt.
825 4304 974 4354 Sent.
1002 4316 1049 4351 c.
1081 4304 1159 4351 10.
1181 4307 1238 4351 et
1260 4300 1324 4354 de
1351 4298 1528 4374 Laude
1672 4303 1696 4328 ¹¹
1720 4291 1800 4344 Id.
1827 4290 1913 4340 Μ.
