2978 4933
422 350 512 416 56

426 486 571 564 Ac
623 512 775 564 uc.

455 760 568 806 sao.
631 732 745 806 418.

454 1093 567 1142 335.
632 1094 749 1142 419.

460 2468 574 2516 334.
639 2468 754 2515 420.

1224 366 1494 451 QUINTt
1545 369 1809 420 cun'rn

840 525 958 562 cum
999 510 1181 561 Attalo
1216 525 1434 576 cumque
1471 512 1717 578 Philippo
1745 510 2004 577 jurgium:
2050 524 2218 562 seces·
2285 512 2373 563 01.

842 593 919 643 sio
941 591 1005 642 ad
1024 592 1258 658 Illyrios:
1295 593 1513 653 reditus,
1536 605 1769 660 novaque
1786 594 1984 659 jurgia.
2253 603 2257 605 ’

906 674 1092 724 Caedes
1114 673 1370 739 Philippi.
2268 688 2381 726 cxl.

899 756 1027 808 Quis
1051 770 1221 806 rerum
1261 763 1429 806 status
1471 757 1774 809 Alexandro
1804 771 2018 822 regnum
2058 757 2228 822 auspi-

787 888 792 895 ,
842 847 1012 889 cante.
1087 838 1318 903 Philippi
1352 838 1719 891 interfectores
1752 854 1972 905 suosque
1993 839 2229 890 inimicos

839 917 1121 971 interficit:
1156 920 1470 971 Thessaliam
1495 921 1720 985 invadit,
1757 922 2056 986 Imperator
2079 920 2229 972 Gra:-

840 1001 937 1053 ciae
958 1007 1184 1052 creatur.

898 1091 963 1141 In
998 1090 1267 1141 Thraciam
1299 1099 1501 1144 movet:
1540 1092 1773 1143 Hoemnm
1810 1098 2036 1142 montem
2074 1104 2227 1156 supe·

839 1180 955 1222 rat:
993 1162 1246 1224 'Triballis
1278 1173 1474 1225 frustra
1518 1174 1855 1240 oppugnatis,
1886 1173 2050 1225 Getas
2092 1179 2231 1223 trans

839 1253 1034 1305 Istrum
1057 1256 1290 1307 colentes
1315 1256 1498 1308 vincit.
1540 1256 1788 1307 Triballis
1811 1255 2025 1321 aliisque
2047 1269 2229 1320 pacem

842 1336 1044 1387 annuit.

905 1417 1169 1467 Celtarum
1193 1418 1506 1482 legationem
1538 1417 1713 1470 audit:
1746 1417 1956 1483 Illyrios
1979 1417 2232 1468 rebellan-
2317 1420 2368 1466 2.

842 1504 925 1548 tes
948 1498 1269 1562 aggreditur.

904 1580 1100 1630 Thebae
1141 1578 1414 1632 deficiunt:
1455 1579 1759 1633 obsidentur
1798 1578 1864 1630 ab
1908 1577 2228 1642 Alexandro,

839 1660 1134 1725 capiuntur,
1156 1675 1216 1711 ac
1239 1659 1496 1712 delentur.
1558 1660 1833 1711 Timocleae
1866 1666 2119 1711 matronae
2152 1659 2229 1710 fa-

841 1742 1007 1800 cinus,
1045 1750 1195 1806 gesta
1231 1742 1371 1793 inter
1401 1742 1756 1793 Alexandrum
1789 1749 1845 1793 et
1883 1742 2229 1793 Athenienses

841 1838 903 1874 ac
925 1830 1129 1875 ceteros
1154 1825 1382 1876 Groecos.

1081 2004 1378 2072 LIBER
1438 2003 1968 2073 SECUNDUS.

896 2140 1119 2206 *Imperii
1151 2141 1357 2192 Persici
1393 2148 1563 2193 status
1586 2140 1652 2190 ad
1681 2140 1737 2190 id
1769 2138 2049 2204 temporis:
2077 2137 2226 2189 Darii

841 2230 1120 2287 apparatus
1137 2222 1204 2272 ad
1221 2222 1441 2273 bellum:
1459 2223 1751 2273 Memnonis
1762 2221 1947 2272 Rhodii
1959 2220 2228 2286 expeditio

841 2303 1089 2355 adversus
1113 2303 1352 2368 Cyzicum
1374 2303 1526 2353 irrita
1542 2320 1558 2353 :
1598 2304 1788 2354 ducum
1810 2301 2098 2353 Alexandri
2121 2301 2227 2352 Res

843 2389 1023 2448 gestae.

910 2463 1238 2516 Deliberatio
1258 2464 1374 2529 ejus
1397 2465 1464 2517 de
1488 2465 1627 2517 bello
1646 2462 2007 2531 suscipiendo:
2050 2463 2152 2514 iter
2172 2462 2230 2513 in

843 2546 1055 2607 Asiam:
1126 2548 1394 2612 copiarum
1438 2563 1701 2599 numerus.
1785 2548 1861 2599 Ut
1904 2545 2228 2596 Macedonia

842 2629 1170 2696 Graeciaeque
1195 2631 1538 2696 prospexerit,
1580 2638 1688 2681 tum
1734 2628 1853 2693 sibi,
1886 2627 1989 2679 suis
2032 2627 2229 2691 amicis,

841 2711 1096 2777 rebusque
1143 2711 1459 2763 domesticis.
1550 2712 1953 2776 Hellespontum
1995 2708 2225 2773 trajicit:

830 2792 1056 2844 Achillis
1096 2795 1350 2844 tumulum
1387 2794 1638 2848 honorat:
1682 2807 1826 2843 arma
1861 2806 1929 2841 ex
1974 2790 2229 2841 Minervas

845 2874 1042 2938 templo
1081 2874 1256 2938 sumit,
1298 2875 1466 2925 varias
1502 2875 1659 2928 urbes
1697 2875 1858 2939 capit.
1939 2871 2231 2922 Memnonis

845 2955 1113 3007 consilium
1136 2972 1168 3006 a
1192 2958 1466 3008 Persarum
1487 2956 1724 3021 Satrapis
1747 2954 1993 3020 rejicitur.
2044 2953 2232 3017 Pugna

843 3036 912 3086 ad
937 3036 1222 3088 Granicum
1245 3044 1302 3088 et
1324 3038 1601 3089 Persarum
1623 3037 1828 3088 clades:
1862 3036 2077 3086 honores
2097 3048 2231 3084 mor-

757 3131 777 3151 ‘
818 3161 825 3164 ,
845 3118 944 3167 tuis
965 3118 1341 3170 Macedonibus
1363 3120 1585 3172 redditi:
1620 3118 1809 3170 Sardes
1829 3116 2122 3182 proditione
2143 3115 2232 3165 de·

456 3935 572 3983 333.
637 3935 754 3983 421.

848 3200 1070 3250 duntur:
1117 3200 1354 3266 Ephesus
1393 3217 1424 3252 a
1461 3202 1641 3252 Persis
1678 3201 1884 3251 deserta
1914 3203 2227 3261 occupatur:

846 3280 1110 3346 popularis
1133 3282 1511 3336 administratio
1531 3285 1583 3334 in
1601 3282 1757 3334 urbes
1778 3280 1915 3332 Asia:
1938 3279 2220 3330 reducitur.

911 3363 1182 3429 Smyrnam
1203 3366 1488 3420 instaurat:
1522 3366 1763 3417 Miletum
1785 3362 2013 3425 obsidet,
2035 3375 2097 3411 ac
2120 3366 2231 3410 tau-
2296 3363 2347 3410 8.

841 3444 958 3494 dem
981 3453 1266 3510 expugnat.
1333 3447 1561 3499 Classem
1580 3460 1722 3496 suam
1738 3443 1983 3495 dimittit:
2018 3442 2225 3493 Cariam

839 3526 1068 3589 subigit:
1106 3526 1236 3579 Adae
1259 3529 1481 3579 Mausoli
1507 3528 1678 3579 viduae
1719 3538 1936 3591 regnum
1970 3522 2230 3577 restituit:

843 3606 1268 3660 Halicarnassum
1307 3609 1544 3671 obsidet:
1574 3608 1720 3660 varia
1752 3608 2023 3670 utriusque
2063 3604 2227 3670 partis

837 3686 1064 3739 fortuna.
1128 3690 1262 3741 Post
1282 3691 1481 3754 longam
1505 3690 1824 3741 obsidionem
1846 3689 2025 3739 Persae
2047 3686 2229 3738 urbem

845 3770 1110 3822 incensam
1132 3771 1400 3835 deserunt,
1421 3771 1550 3821 etin
1574 3769 1703 3820 duas
1729 3782 1874 3820 arces
1906 3782 2021 3819 sese
2039 3766 2226 3831 recipi·

847 3858 976 3914 unt:
1010 3867 1125 3917 quoe
1147 3853 1215 3903 ab
1238 3851 1530 3903 Alexandri
1552 3850 1769 3901 ducibus
1790 3854 1974 3914 postea
1996 3854 2185 3913 eaptae.

902 3933 1115 3995 Lyciam
1139 3934 1466 3998 ingreditur:
1509 3932 1794 3983 Alexandri
1826 3930 2085 3997 Lyncistae
2107 3928 2229 3979 insi·

843 4012 955 4063 dias
974 4015 1270 4079 cognoscit:
1295 4016 1347 4065 in
1369 4015 1725 4081 Pamphyliam
1741 4028 1839 4078 per
1856 4011 2101 4063 vadosum
2120 4025 2227 4062 ma-

842 4094 913 4144 ris
950 4094 1099 4145 littus
1135 4096 1485 4160 progreditur.
1554 4095 1827 4149 Quomodo
1868 4107 1984 4143 cum
2026 4092 2227 4144 Judaeis

847 4176 974 4226 alias
997 4176 1183 4241 egerit.
1242 4177 1417 4228 Sidem
1441 4185 1499 4229 et
1515 4176 1809 4243 Alpendum
1833 4179 2088 4240 occupat:
2116 4173 2227 4224 Sel·

843 4270 1028 4321 genses
1050 4257 1280 4325 aliosque
1299 4258 1461 4311 vincit
1477 4274 1494 4309 :
1528 4258 1777 4312 Memnon
1800 4254 2039 4316 Rhodius
2048 4254 2230 4327 Mace-3

2473 511 2614 563 Anni

2459 593 2620 653 Alex.

2413 674 2520 725 AEt.
2530 678 2590 724 21
2601 707 2616 723 .

2410 757 2545 820 Reg.
2565 759 2615 806 1.

2454 1414 2617 1466 AEtat.

2492 1499 2558 1545 22

2443 1529 2616 1642 Regni

2450 3357 2617 3408 AEtat.

2486 3442 2571 3489 23.

2428 3518 2617 3584 Reg.8.
