2978 4933
868 403 992 452 ot..
1037 399 1225 450 oxu.
1268 380 1333 449 3.
1409 400 1480 448 A.
1529 399 1650 448 cn.
1698 399 1774 447 u.
1811 383 1967 450 329.
2402 382 2569 466 573,

333 548 744 628 auctoribuS‚
791 552 1030 633 quarto
1075 549 1186 614 die
1236 547 1322 612 ad
1368 542 1614 612 flumen
1662 542 1934 610 Oxumh
1970 551 2357 631 ‚perventum
2391 553 2536 611 est:

329 652 464 730 hic,
517 653 681 737 quia
726 653 957 719 limum
1004 653 1213 732 vehit,
1264 651 1570 718 turbidus
1623 670 1884 735 semper
1929 657 1996 714 et
2043 649 2403 714 insalubris
2433 654 2541 714 est

328 760 513 839 potu.
593 758 700 821 14.
747 756 991 841 Itaque
1023 764 1269 841 puteos
1300 756 1489 820 miles
1522 761 1824 839 coeperat
1838 753 2109 819 fodere:
2155 772 2281 817 nec
2315 761 2537 819 tamen

329 856 534 923 humo
564 859 700 924 alte
732 867 960 942 egesta
979 860 1313 924 existebat
1330 858 1608 940 humor3
1655 876 1809 922 cum
1833 858 1902 921 in
1926 858 2078 941 ipso
2109 855 2536 921 tabernaculo

330 960 512 1041 regis
544 967 952 1046 conspectus
999 968 1102 1027 est
1143 958 1338 1041 fons}
1392 982 1614 1046 quem,
1661 961 1826 1046 quia
1875 960 2064 1026 tarde
2113 966 2540 1035 notaverant,

333 1066 355 1095 ‘
388 1063 615 1129 subito
646 1064 995 1130 extitisse’
1024 1064 1392 1130 finxerunt:
1438 1085 1699 1149 rexque
1728 1066 1880 1148 ipse
1912 1064 2095 1130 credi
2138 1064 2354 1130 voluit
2380 1067 2401 1098 ‘
2426 1064 2546 1129 do·
2600 1083 2605 1084 ⁷

332 1184 487 1230 num
524 1167 654 1232 Dei
704 1166 775 1231 id
822 1167 1074 1232 fuisse?
1161 1169 1265 1232 15.
1311 1167 1667 1252 Superatis
1714 1168 1958 1233 deinde
2008 1169 2318 1234 amnibus
2352 1165 2544 1233 Ocho
2608 1176 2614 1182 ’

339 1274 412 1334 et
444 1266 645 1349 0210,j
698 1269 786 1335 ad
833 1271 1063 1336 urbem
1112 1267 1560 1355 Marginiamk
1615 1273 1945 1355 pervenit.
2033 1271 2233 1337 Circa
2262 1289 2414 1336 eam
2445 1286 2546 1334 vr.

338 1368 653 1456 oppidis¹
706 1374 1076 1440 condendis
1124 1374 1343 1441 electa
1395 1374 1596 1441 sedes
1641 1382 1764 1442 est.
1854 1376 2017 1442 Duo
2064 1375 2150 1441 ad
2193 1373 2547 1441 Meridiem

1258 1561 1499 1581 “Nom
1503 1561 1622 1581 OO‘.O

349 1672 519 1723 oxion.
568 1672 714 1724 Leid.
738 1680 794 1724 et
816 1674 974 1724 Voss.
1001 1678 1047 1725 l.
1071 1679 1120 1724 2.
1143 1674 1388 1724 omittunt
1412 1681 1459 1725 et
1484 1684 1607 1725 ante
1628 1676 1901 1726 insalubris.
1957 1676 2107 1726 Voss.
2128 1679 2177 1725 2.
2199 1672 2394 1725 omittit
2416 1678 2554 1737 potu,

342 1752 441 1801 pro
466 1752 565 1802 quo
589 1739 820 1788 Florent.
844 1747 899 1789 et
921 1740 1066 1790 Leid.
1090 1739 1286 1790 habeut
1302 1746 1593 1805 potua—14
1627 1742 1776 1791 Voss.
1800 1748 1853 1791 2.
1878 1742 2062 1791 Puteos
2082 1742 2258 1803 itaque.
2324 1739 2472 1788 Idem
2492 1745 2550 1788 et

342 1802 465 1853 Ald.
491 1808 590 1853 tum
609 1805 782 1864 humen
838 1806 957 1854 edd.
980 1807 1155 1854 multae
1178 1815 1300 1860 ante
1328 1806 1564 1857 Freinsh.
1597 1821 1703 1856 cum
1724 1808 1899 1865 humm-
1947 1808 2180 1856 Florent.
2214 1804 2364 1855 Leid.
2398 1805 2552 1855 Voss.

344 1872 392 1917 l.
419 1868 559 1918 Dan.
582 1870 699 1920 Pal.
724 1875 770 1919 1.
805 1875 860 1920 et
898 1872 1065 1933 Bong.
1107 1876 1263 1921 tamen
1302 1872 1456 1920 humo.
1528 1873 1761 1922 Florem.
1783 1872 1933 1922 Leid.
1955 1878 2012 1922 et
2033 1872 2186 1922 Voss.
2213 1876 2259 1920 1.
2285 1870 2556 1920 tabernacu-

343 1934 459 1987 lum.
526 1934 641 1983 Pal.
667 1939 714 1985 1.
739 1936 894 1984 subito
916 1936 1119 1986 exivisse
1133 1953 1153 1995 ‚·
1209 1938 1362 1986 Voss.
1388 1941 1438 1987 2.
1458 1952 1499 1985 s.
1521 1939 1691 1987 exisse.
1732 1939 1886 1987 Voss.
1909 1941 1958 1987 2.
1984 1938 2181 2001 regique
2202 1936 2317 2001 ipse.
2364 1935 2479 1985 Pal.
2507 1939 2554 1985 1.

344 1999 557 2049 Deorum
578 2003 750 2049 donum
764 2017 785 2060 ,·
819 2002 1050 2051 Florent.
1090 2001 1237 2051 Leid.
1264 2002 1416 2051 Voss·
1441 2007 1488 2051 1.
1514 2008 1565 2052 2.
1599 2011 1655 2052 et
1685 2004 1858 2068 Bong.
1883 2002 2129 2052 omittunt
2153 2003 2398 2052 Dea—16
2435 2000 2557 2050 Flo-

345 2070 486 2128 rent.
504 2067 650 2116 Leid.
670 2064 828 2118 Voss.
850 2071 901 2118 2.
928 2068 1041 2118 Pal.
1068 2072 1113 2117 l.
1137 2074 1191 2118 et
1212 2068 1379 2133 Bong.
1401 2072 1450 2117 l.
1475 2070 1805 2132 Marganiam.
1843 2072 1858 2097 ‘
1878 2068 2103 2120 Videtur
2126 2081 2312 2118 nomen
2337 2080 2553 2134 corrup-

1336 2249 1555 2301 NOTAE

404 2379 431 2415 ¹¹
451 2381 720 2446 Adflumen
740 2381 925 2446 Oxum]
943 2384 1133 2433 Denuo
1156 2382 1281 2432 illud
1304 2388 1406 2433 tra·

334 2460 540 2525 jecerat
575 2459 905 2511 Maracandis
946 2463 1139 2513 Bactra
1183 2460 1407 2512 redienS.

347 2540 504 2595 Nunc
525 2537 706 2587 bruma
737 2538 841 2588 illic
866 2546 1148 2602 transacta,
1172 2547 1228 2588 ut
1249 2540 1410 2589 habet

1491 2399 1644 2434 saeam
1671 2383 1951 2448 Hyrcaniae
1974 2383 2270 2447 regionem:
2294 2382 2410 2446 ejus
2430 2396 2559 2446 quo·

1491 2478 1591 2528 que
1616 2463 1788 2513 fontes
1809 2463 2123 2514 Ptolemaeus
2144 2461 2316 2526 posuit
2339 2462 2389 2511 in
2415 2461 2559 2513 Ariae

1491 2541 1732 2592 confinio.
1798 2541 1999 2594 Quibus
2035 2555 2134 2604 ego
2175 2541 2368 2604 potius,
2406 2554 2560 2605 quam

344 2617 613 2680 Arrianus,
637 2617 947 2680 Sogdianam
985 2618 1248 2682 repetenti
1271 2618 1409 2667 idem

345 2689 538 2743 fium'en
601 2708 802 2743 rursum
873 2694 1221 2759 superandum
1292 2693 1394 2744 fuit

342 2772 357 2800 ‘
388 2770 563 2820 Oxus’
582 2785 702 2835 cap.
725 2777 775 2821 5.

411 2849 426 2884 ¹
458 2850 606 2916 Fons]
638 2849 787 2900 Idem
812 2851 1116 2901 miraculum
1149 2849 1221 2915 (si
1258 2851 1409 2901 mira·

347 2929 519 2979 culum
560 2926 685 2992 fuit)
723 2927 959 2978 referunt
1003 2928 1256 2978 Arrianus
1288 2944 1412 2993 quo-

346 3019 449 3072 que
468 3012 525 3056 et
547 3007 847 3055 Eustathius
870 3006 932 3054 ad
959 3006 1175 3070 DionyS.
1199 3021 1274 3057 vs.
1295 3011 1412 3057 747.

346 3084 661 3135 Plutarchus
698 3086 750 3135 in
788 3083 945 3135 Alex.
987 3085 1181 3134 Strabo
1219 3083 1311 3134 lib.
1336 3097 1414 3135 xr.

346 3162 440 3213 sed
467 3162 714 3228 postremi
739 3161 840 3211 duo
865 3162 929 3227 de
965 3160 1064 3211 olei
1098 3161 1415 3226 scaturigine

351 3240 513 3290 solum
560 3246 814 3302 egerunt:
876 3238 1072 3301 priores
1118 3246 1171 3287 et
1215 3239 1313 3288 olei
1360 3245 1417 3287 et

352 3331 501 3381 aquae
545 3313 744 3364 fontem
792 3314 1153 3364 meminerunt.
1230 3314 1418 3362 Strabo

354 3401 529 3445 autem
584 3392 650 3442 ad
708 3393 932 3456 Ochum,
979 3407 1082 3443 non
1132 3391 1196 3441 ad
1244 3390 1419 3441 Oxum

354 3469 627 3521 emersisse
650 3468 883 3520 tradidit.

418 3546 437 3590 ³
478 3547 610 3596 Ocho
645 3552 693 3596 et
724 3546 857 3610 Oxo]
905 3545 1073 3596 Valde
1109 3561 1198 3596 nos
1231 3545 1421 3597 fallunt

356 3630 618 3691 quotquot
651 3632 771 3673 sunt
806 3625 1123 3688 Geographi‚
1148 3623 1188 3672 si
1213 3625 1421 3674 Bactris

354 3704 409 3753 in
445 3701 756 3766 Sogdianam
787 3701 931 3750 eunti
969 3699 1308 3763 trajiciendus
1339 3707 1422 3750 est

360 3780 539 3831 Ochus
572 3776 777 3828 fluvius.
845 3779 959 3826 Etsi
1000 3777 1138 3826 enim
1173 3776 1240 3827 de
1274 3777 1423 3842 hujus

357 3858 501 3909 fluvii
526 3858 742 3920 origine,
763 3872 1018 3921 cursuque
1039 3862 1094 3906 et
1113 3857 1257 3906 ostiis
1284 3857 1427 3906 varia

362 3934 836 3998 referunturapud
877 3934 1205 3998 Strabonem,
1254 3934 1308 3983 in
1362 3949 1428 3984 eo

367 4022 542 4063 tamen
565 4013 915 4075 consentiunt,
938 4014 1096 4062 multo
1129 4012 1265 4062 hunc
1300 4010 1430 4061 infe-

362 4091 468 4140 rius
503 4090 700 4140 Bactro
735 4091 844 4139 sive
880 4087 1132 4153 Dargido,
1171 4088 1234 4138 ad
1276 4103 1429 4152 quem

365 4171 564 4223 Bactra
602 4174 744 4230 sunt,
784 4169 835 4216 in
876 4168 1050 4218 Oxum
1093 4173 1185 4216 aut
1217 4167 1267 4215 in
1308 4166 1430 4215 Cas-

367 4247 506 4309 pium
542 4258 683 4294 mare
711 4244 867 4308 juxta
903 4244 1218 4308 Hyrcaniam
1255 4240 1430 4291 influe·

367 4336 459 4383 re;
507 4321 681 4386 immo,
722 4328 781 4370 ut
825 4321 903 4371 ait
938 4320 1150 4382 Strabo,
1191 4319 1434 4383 perNe-

1491 2619 1578 2668 uni
1603 2619 1803 2676 Curtio,
1825 2619 2151 2669 crediderim.

1556 2695 1580 2730 ¹¹
1621 2697 1938 2765 Marginiam]
1987 2694 2283 2745 Emendant
2325 2693 2562 2745 Ortelius

1492 2781 1547 2824 et
1583 2774 1985 2830 Freinshemius,
2023 2773 2364 2833 Margianam,-
2409 2786 2563 2836 quam

1494 2852 1717 2916 regionis
1739 2852 2059 2915 cognominis
2077 2850 2254 2899 urbem
2274 2847 2434 2899 fuisse
2453 2856 2562 2898 tum

1497 2928 1745 2992 temporis
1782 2927 2070 2992 principem
2095 2932 2384 2976 autumant.
2451 2925 2563 2988 Ego

1498 3020 1627 3054 vero
1663 3018 1764 3052 non
1801 3003 2070 3054 assentior.
2135 3003 2270 3052 Nam
2304 3002 2432 3052 licet
2473 3016 2567 3053 no-

1498 3096 1615 3131 men
1656 3095 1769 3131 esse
1802 3087 1981 3145 putem
2018 3086 2109 3129 aut
2144 3085 2445 3144 corruptum
2475 3086 2569 3128 aut

1497 3159 1760 3225 fictitium,
1802 3168 1946 3209 certe
1992 3159 2170 3209 urbem
2212 3159 2400 3223 ipsam,
2427 3172 2569 3222 quae·

1499 3251 1719 3301 cumque
1757 3244 1855 3299 est,
1880 3237 1932 3285 in
1970 3236 2242 3298 Margiana
2265 3235 2569 3298 neutiquam

1499 3313 1679 3376 reponi
1721 3327 1870 3377 posse
1914 3313 2084 3360 video.
2151 3311 2382 3360 Primum
2429 3311 2568 3359 enim

1499 3390 1611 3455 quis
1632 3404 1732 3438 non
1758 3389 1906 3438 videt
1929 3404 1995 3438 ex
2018 3388 2230 3437 Bactris
2261 3387 2315 3437 in
2339 3387 2570 3451 Margia-

1501 3481 1617 3520 nam
1656 3466 1984 3516 venientibus
2027 3465 2203 3514 Oxum
2236 3462 2428 3522 flumen
2468 3477 2571 3516 non

1503 3561 1617 3595 esse
1643 3543 2042 3609 trajiciendum?
2074 3543 2276 3593 Deinde
2298 3544 2450 3593 urbes
2467 3543 2572 3593 illae

1502 3621 1645 3672 circa
1659 3622 1970 3685 Margiuiam
1989 3621 2204 3671 modicis
2228 3621 2365 3671 inter
2383 3635 2435 3670 se
2455 3635 2574 3686 spa-

1507 3700 1591 3750 tiis
1615 3699 1861 3764 conditae‚
1880 3714 1982 3748 non
2018 3699 2070 3748 in
2105 3698 2380 3762 Margiana
2403 3697 2495 3746 sed
2521 3694 2574 3745 in

1508 3779 1800 3828 Bactrianis
1831 3775 2208 3840 Sogdianisque
2248 3776 2576 3825 collocantur

1507 3855 1572 3905 ab
1615 3854 1855 3916 Arriano,
1897 3854 2174 3915 Strabone,
2206 3851 2439 3915 Justiuo,
2476 3855 2583 3904 &m

1510 3932 1665 3982 immo
1689 3932 1752 3982 ab
1782 3933 1895 3997 ipso
1919 3945 2124 3996 quoque
2159 3928 2341 3979 Curtio
2374 3926 2467 3980 lib.
2493 3942 2576 3981 11.

1510 4026 1626 4074 cap.
1649 4014 1698 4069 7.
2152 4054 2160 4060 ,
2326 4050 2329 4057 .

1575 4086 1592 4127 ¹-
1620 4087 1719 4136 Sex
1738 4085 1947 4150 oppidis]
1988 4085 2130 4136 Octo
2163 4081 2324 4137 fuisse
2359 4083 2577 4146 legimus

1512 4163 1649 4229 apud
1689 4163 1994 4214 Strabonem
2042 4161 2132 4212 lib.
2170 4174 2255 4214 Χῖ.
2305 4159 2581 4211 duodecim

1512 4240 1657 4306 apud
1674 4240 1872 4292 sustin.
1894 4239 1981 4291 lib.
2004 4253 2109 4292 ιιι.
