2978 4933
499 379 628 442 500
964 392 1031 449 Q.
1079 355 1340 438 cnn‘ru
1393 389 1577 439 num
1632 387 1774 438 ms.
1825 390 1958 439 vn.
2006 389 2168 448 βΑι».
2213 374 2277 437 l.

499 541 519 571 ‘
549 543 623 600 ut
654 535 1023 619 Lyncestes
1054 531 1462 612 Alexander,
1520 535 1638 617 qui
1685 535 1897 599 multo
1948 542 2099 600 aute
2155 554 2354 619 quam
2400 534 2721 600 Philotas

505 658 720 718 regem
749 637 1078 703 voluisset
1129 636 1458 713 occidere,
1500 637 1955 703 exhiberetur!
2037 639 2103 703 6.
2150 635 2216 702 Α
2245 638 2512 702 duobus
2544 636 2726 702 indi-

505 741 715 814 cibuS,
745 738 924 801 sicut
977 757 1182 821 supra
1225 738 1568 816 diximus:
1627 738 1918 817 delatuS,
1961 743 2228 805 tertium
2267 739 2411 826 jam
2464 758 2729 804 annum

504 841 1014 905 custodiebatur
1044 841 1111 904 in
1145 841 1471 906 vinculis:
1515 841 1802 905 eundem
1847 842 1915 905 in
1948 843 2246 926 Philippi
2281 861 2555 926 quoque
2585 860 2731 905 cae·

508 944 664 1007 dem
710 944 1105 1027 conjurasse
1154 963 1305 1006 cum
1349 938 1741 1020 Pausania:
1784 961 1906 1026 pro
1950 952 2293 1028 comperto
2342 944 2504 1008 suit:
2563 941 2727 1017 sed,

504 1047 669 1131 quia
699 1046 955 1129 primus
987 1044 1446 1110 Alexandrum
1498 1049 1518 1079 ‘
1543 1044 1800 1128 Regem
1824 1045 1840 1070 '
1880 1047 2317 1124 salutaverat,
2369 1045 2727 1129 supplicio

507 1149 723 1232 magis
753 1168 958 1232 quam
986 1147 1239 1212 crimini
1285 1146 1503 1214 fuerat
1533 1155 1866 1213 exemtus.
1951 1145 2017 1214 7.
2064 1149 2239 1213 Tum
2270 1168 2543 1232 quoque
2578 1144 2726 1210 An-

507 1252 781 1334 tipatri⁸
812 1251 1034 1315 soceri
1079 1251 1224 1334 ejus
1271 1272 1506 1334 preces
1535 1252 1799 1336 justam
1840 1251 2011 1334 regis
2054 1252 2219 1316 iram
2265 1252 2723 1316 morabantur.

509 1352 815 1419 Ceterum
856 1353 1193 1419 recruduit
1239 1361 1599 1439 soporatus
1647 1354 1877 1419 dolor:
1900 1354 1923 1391 ⁸
1968 1354 2218 1438 quippe
2266 1353 2510 1419 veteris
2542 1353 2724 1438 peri-

510 1456 644 1520 culi
690 1456 1077 1520 memoriam
1107 1458 1452 1540 praesentis
1479 1477 1641 1521 cura
1672 1458 2056 1548 renovabat.
2143 1457 2204 1521 8.
2254 1456 2471 1540 Igitur
2504 1455 2724 1521 Alex·

514 1557 720 1621 ander
751 1577 840 1622 ex
888 1559 1203 1623 custodia
1246 1559 1578 1638 educitur,
1615 1561 1985 1645 jussusque
2033 1558 2273 1636 dicere,
2322 1578 2521 1642 quam
2565 1565 2721 1622 toto

510 1661 795 1726 triennio
817 1658 845 1697 ¹¹
869 1660 1227 1726 meditatus
1259 1669 1401 1728 erat
1427 1662 1903 1738 defensionem,
1932 1662 2257 1726 haesitans
2289 1670 2358 1726 et
2405 1661 2715 1744 trepidus

511 1784 730 1848 pauca
773 1784 859 1829 ex
905 1763 1017 1840 iis,
1052 1784 1204 1848 quae
1236 1773 1729 1849 composuerat,
1759 1766 2035 1848 protulit
2063 1785 2077 1824 ε
2126 1764 2214 1829 ad
2247 1763 2558 1828 ultimum
2587 1785 2720 1830 non

512 1867 828 1933 memoria
859 1866 1101 1946 solum,
1144 1867 1267 1931 sed
1315 1868 1516 1931 etiam
1555 1886 1745 1930 mens
1792 1886 1945 1932 eum
1987 1866 2312 1930 destituit.
2398 1865 2471 1928 9.
2520 1864 2592 1929 N
2595 1852 2717 1932 u'ui

513 1976 657 2034 erat
708 1970 1006 2049 dubium,
1055 1971 1222 2053 quin
1265 1969 1630 2054 trepidatio
1676 1967 2103 2034 conscientiae
2151 1967 2468 2031 indicium
2517 1982 2718 2048 esset,

517 2090 651 2137 non
698 2074 1034 2138 memoriae
1085 2074 1357 2138 vitium:
1412 2074 1640 2156 itaque
1682 2092 1773 2137 ex
1814 2073 1925 2149 iis,
1972 2073 2088 2154 qui
2137 2070 2446 2153 proxime
2491 2072 2718 2136 astite-

581 2250 604 2282 θ
637 2253 737 2305 Sed
768 2256 846 2305 ira
867 2256 976 2319 jam
1007 2257 1175 2323 sopita,
1206 2263 1316 2307 tunc
1348 2261 1573 2305 renovata
1606 2259 1691 2304 eet.

1436 2397 1526 2418 ‘O‘
1530 2388 1801 2418 ‘nenne

514 2505 569 2548 et
611 2497 1680 2552 Ald.Lineestee.1.eid.eoeiberetur.—6
1713 2501 1865 2550 Voss.
1901 2504 1951 2549 2.
1999 2498 2195 2549 omittit
2234 2499 2287 2547 in
2321 2503 2444 2548 ante
2485 2500 2681 2564 Philipp
2683 2500 2717 2548 ἱ.

515 2564 662 2614 Pith.
684 2579 840 2614 necem
862 2580 955 2630 pro
976 2566 1152 2614 caedern
1154 2569 1267 2616 .-7
1306 2566 1436 2615 Tunc
1455 2580 1634 2630 quoque
1659 2566 1776 2616 Pal.
1804 2570 1853 2615 3.
1898 2566 2036 2613 Dan.
2062 2565 2291 2615 Floreat.
2318 2563 2466 2614 Leid.
2491 2573 2546 2614 et
2570 2566 2716 2613 Voss.

519 2634 565 2678 1.
588 2633 638 2678 2.
694 2630 817 2679 iram
838 2630 1110 2679 morabatur
1133 2630 1286 2681 vose.
1308 2635 1356 2680 2.
1424 2631 1553 2681 Mox
1586 2630 1704 2679 Pal.
1729 2634 1781 2679 3.
1815 2635 1872 2678 et
1908 2629 2046 2680 Mer.
2069 2630 2315 2678 recanduit
2338 2643 2436 2692 pro
2458 2631 2717 2679 recruduit.

518 2695 688 2757 Bong.
712 2699 760 2744 1.
794 2701 1097 2759 suppuratus,
1119 2696 1209 2746 sed
1235 2695 1556 2746 interlineas
1580 2702 1875 2745 correctum
1906 2698 2169 2758 soporatur.
2238 2694 2350 2742 Pal.
2372 2696 2421 2742 2.
2457 2709 2490 2742 a
2529 2709 2599 2745 m·
2640 2710 2714 2757 pr.

515 2763 689 2806 metum
713 2774 807 2821 pro
829 2761 1132 2820 memor-ianm·
1185 2762 1339 2811 Vuae.
1361 2764 1412 2810 2.
1449 2762 1761 2811 memori.—8
1797 2758 1941 2808 Pith.
1964 2759 2218 2821 jussusque
2238 2758 2353 2806 dici.
2421 2759 2531 2807 Pro

519 2823 655 2886 quod
680 2833 887 2874 servant
913 2825 1047 2875 Pan.
1072 2829 1116 2876 1.
1140 2830 1190 2875 2.
1213 2830 1261 2874 3.
1293 2826 1460 2888 Bong.
1483 2832 1545 2875 et
1575 2823 1701 2874 Ald.
1733 2824 1910 2873 multoe
1931 2822 2054 2872 edd.
2078 2837 2196 2872 cum
2221 2823 2359 2872 Dan.
2384 2823 2555 2885 Bong.
2580 2824 2715 2874 Gru-

519 2888 638 2949 teri,
676 2889 908 2939 Florent.
941 2889 1091 2940 Leid.
1124 2895 1179 2939 et
1199 2891 1346 2939 Voss.
1369 2894 1414 2939 1.
1437 2894 1485 2939 2.
1519 2888 1715 2939 habent
1736 2904 2017 2952 quanquam.
2086 2889 2256 2949 Bong.
2295 2888 2531 2937 Florem.
2569 2889 2715 2937 Leid.

516 2951 667 3001 Vose-
690 2957 736 2999 1.
760 2958 809 3003 2.
832 2960 887 3003 et
910 2955 1172 3019 pleraeque
1196 2953 1313 3003 edd.
1333 2960 1493 3004 tamen
1514 2954 1759 3003 hesitans.
1813 2953 1979 3016 Bong.
2008 2956 2054 3002 1.
2074 2966 2239 3001 musea
2260 2965 2354 3016 pro
2374 2967 2546 3016 pauca.
2604 2955 2717 3001 1²10-

522 3022 656 3064 rent.
682 3017 826 3065 Leid.
841 3019 991 3067 Voss.
1020 3024 1067 3067 1.
1092 3024 1139 3068 2.
1156 3019 1326 3083 Bong.
1351 3033 1529 3070 omues
1553 3017 1785 3080 Gruteri,
1809 3024 1864 3067 et
1891 3018 2024 3067 Mer.
2045 3031 2106 3066 ex
2128 3018 2220 3066 his.
2283 3017 2436 3066 Voss.
2457 3021 2509 3067 2.
2528 3018 2719 3067 omittit

518 3093 624 3126 eum
660 3087 779 3142 post
815 3082 1051 3132 destituit.
1054 3087 1152 3131 ——9
1186 3084 1420 3133 Florem.
1445 3082 1591 3133 Leid.
1628 3082 1781 3133 Voss.
1805 3086 1852 3132 1.
1878 3086 1927 3132 2.
1963 3083 2129 3145 Bong.
2165 3096 2343 3131 omnes
2385 3082 2623 3146 Gmteri,
2664 3091 2717 3132 et

519 3144 658 3194 Mer.
690 3160 753 3194 ex
770 3145 862 3195 his.
932 3147 1161 3197 Floreat.
1196 3146 1340 3197 Leid.
1361 3155 1414 3196 et
1436 3148 1591 3198 Voss.
1616 3152 1662 3198 1.
1683 3152 1734 3198 2.
1756 3147 2080 3211 quiproximi.
2146 3148 2311 3211 Bong.
2337 3150 2385 3197 1.
2409 3148 2714 3197 amciter-ant.

1510 3294 1729 3346 NOTAE

583 3412 606 3438 e
652 3404 811 3470 Supra
851 3407 1086 3472 diximus]
1155 3410 1438 3462 Perierunt
1474 3411 1578 3463 ista

520 3483 710 3544 Curtii,
729 3499 845 3548 quae
870 3485 1251 3537 Freinshemius
1274 3501 1340 3537 ex
1357 3487 1576 3538 Arriano

519 3561 937 3623 repraesentavit,
958 3562 1141 3627 Suppl.
1164 3563 1254 3615 lib.
1277 3578 1339 3614 11.
1363 3580 1481 3630 cap.
1496 3570 1576 3619 11,

1656 3418 1779 3462 ante
1814 3417 2114 3463 autumnum
2145 3411 2471 3476 contingere,
2493 3424 2612 3475 qnoe
2634 3408 2710 3459 hie

1657 3495 1955 3548 narrantur,
1973 3501 2075 3536 non
2098 3493 2394 3551 potuerunt.
2431 3487 2565 3539 Quae
2584 3486 2710 3535 enim

1657 3578 1687 3613 ιι
1709 3564 1855 3615 Darii
1877 3576 2005 3613 nece
2025 3565 2287 3629 (mortuus
2321 3571 2401 3613 est
2434 3564 2709 3614 Hecatom·

584 3633 606 3666 f
623 3636 890 3700 Pausania]
909 3638 1086 3695 Nobili
1104 3640 1192 3690 illo
1207 3641 1405 3705 juvene
1429 3657 1460 3692 a
1475 3657 1577 3708 quo

518 3713 793 3777 Philippus
815 3715 1026 3765 occisus.
1060 3716 1240 3780 Suppl.
1263 3718 1358 3768 lib.
1380 3733 1420 3768 1.
1444 3735 1492 3770 c.
1508 3725 1557 3770 9.

588 3796 614 3830 ¹
644 3789 918 3853 Antipatri]
949 3790 1268 3841 Macedoniae
1311 3793 1378 3843 ab
1419 3794 1582 3845 Alex·

521 3865 681 3915 andro
705 3867 963 3933 praefecti,
987 3868 1075 3921 lib.
1094 3884 1170 3919 νι.
1191 3885 1309 3935 cap.
1334 3876 1381 3922 1.
1416 3874 1576 3939 Iram]

522 3940 590 3990 In
612 3940 967 3994 Alexandrum
993 3947 1293 4010 Lyncisten.

583 4014 609 4048 ¹²
643 4017 888 4081 Triennio]
921 4021 1121 4084 Captus
1155 4029 1270 4073 erat
1302 4030 1360 4074 et
1390 4024 1442 4073 in
1465 4024 1577 4074 vin·

521 4092 639 4141 cula
662 4093 925 4156 conjectus
964 4096 1060 4146 sub
1089 4098 1311 4149 mediam
1339 4090 1576 4164 hyemem

523 4168 642 4218 anni
664 4174 711 4219 4.
748 4169 956 4235 Olymp.
979 4184 1090 4224 cxr.
1125 4164 1279 4226 Nunc
1302 4183 1472 4226 autem
1494 4176 1577 4226 hic

490 4256 682 4306 ,annue
708 4252 792 4296 est
815 4245 1025 4313 Olymp·
1047 4261 1187 4303 cxu.
1211 4252 1415 4318 tertius,
1430 4267 1575 4318 quus

1656 3640 1843 3690 baeone
1861 3652 2055 3703 mense,
2073 3639 2159 3704 qui
2182 3639 2328 3692 Junii
2347 3641 2512 3690 nostri
2530 3639 2616 3691 die
2635 3643 2710 3689 28.

1659 3721 1749 3766 aut
1768 3719 1852 3766 29.
1881 3713 2140 3779 coepcrat)
2159 3730 2296 3780 que,
2315 3716 2548 3781 inquam,
2571 3717 2635 3767 ab
2654 3731 2710 3766 ea

1657 3806 1788 3842 nece
1812 3798 1962 3855 gesta
1991 3799 2112 3841 eunt
2145 3791 2196 3841 in
2231 3791 2464 3855 Parthis,
2489 3794 2544 3842 in
2581 3793 2708 3856 Hyr-

1659 3868 1822 3930 cania,
1838 3867 1891 3917 in
1909 3866 2124 3925 Ariana,
2146 3874 2203 3918 et
2228 3868 2312 3918 hic
2327 3869 2378 3918 iu
2398 3869 2706 3933 Drangiane,

1660 3945 1814 3995 trium
1837 3958 1964 3994 sane
1986 3943 2235 3994 mensium
2260 3952 2463 4007 tempus
2482 3946 2707 4009 implent.

1656 4022 1787 4074 Plus
1809 4023 2073 4088 aliquanto
2093 4022 2254 4085 igitur
2269 4037 2420 4086 quam
2442 4023 2605 4073 tribus
2627 4036 2704 4072 an-

1657 4101 1736 4151 nis
1769 4099 1973 4150 habitus
2006 4099 2057 4149 in
2097 4098 2316 4150 vinculis
2355 4099 2548 4155 fuerat.
2610 4099 2703 4152 Sed

1657 4177 1775 4228 vide
1797 4190 2005 4243 quoque
2028 4176 2116 4226 lib.
2138 4184 2261 4227 vm.
2285 4192 2402 4242 cap.
2424 4182 2475 4228 8.
