2978 4933
515 342 604 406 94
1310 355 1366 402 J.
1415 352 1919 402 Paulusnssmn

514 501 678 565 haud
728 498 1044 581 spernendi
1089 499 1378 560 exercitus
1428 511 1668 580 praetor,
1717 492 2047 558 ambitioso
2077 497 2323 579 imperio
2365 496 2583 558 mirum'
2606 496 2719 559 sibi

513 600 775 660 favorem
802 599 959 680 apud
982 598 1232 659 militum
1259 598 1475 678 vulgus
1506 595 1928 658 conciliaverat
1946 595 1993 657 εὖ
2034 595 2397 677 principibus
2428 596 2718 656 Macedo-

516 717 659 757 num
688 696 1123 777 propinquitate
1152 698 1423 769 innexus‚
1454 697 1632 757 etiam
1663 694 1916 756 Philotae
1947 713 2208 756 sororem
2240 694 2352 754 sibi
2379 693 2718 773 desponde-

515 806 609 856 rat
631 815 673 854 :e
715 815 904 875 neque
934 806 1072 875 post
1101 804 1299 855 tantas
1346 795 1644 874 utrimque
1673 793 1934 854 offensas
1979 794 2172 853 inviso
2205 792 2536 872 infestoque
2565 791 2718 852 fides

515 893 720 953 haberi
744 905 995 973 poterat.
1076 898 1137 953 4.
1180 894 1495 973 Amyntas,
1524 913 1700 972 quem
1729 894 1908 953 fratre
1939 892 2225 952 Perdicca
2253 891 2542 970 genitum,
2570 889 2719 949 data

515 992 574 1050 in
596 991 1029 1051 matrimonium
1048 993 1243 1072 Cyna,
1265 991 1576 1072 Philippus
1600 1008 1883 1070 generum
1904 989 2149 1068 legerat,
2179 987 2254 1048 ad
2284 987 2521 1067 paterni
2552 989 2719 1068 regni

515 1090 954 1148 successionem
981 1111 1086 1170 per
1115 1089 1436 1149 Alexandri
1464 1089 1692 1149 caedem
1721 1089 2070 1169 aspirabam
2149 1092 2209 1148 5.
2253 1085 2468 1166 Populi
2495 1102 2717 1162 magna

514 1205 650 1264 pars
682 1185 1055 1267 Olympiadis
1087 1188 1460 1267 tyrannidem
1488 1207 1693 1259 exosa,
1725 1185 1825 1246 alii
1868 1206 2064 1246 rerum
2103 1204 2387 1245 novarum
2415 1183 2721 1264 cupidine,

513 1284 672 1343 varie
728 1285 788 1343 in
848 1285 1006 1344 hunc
1056 1295 1159 1344 aut
1199 1285 1367 1344 illum
1389 1303 1393 1307 ·
1413 1283 1784 1344 inclinabant
1833 1283 2086 1351 studiis;
2144 1301 2254 1342 nec
2300 1281 2567 1355 deerant,
2619 1281 2721 1359 qui

515 1389 531 1415 ‘
557 1381 896 1441 Alexandro
943 1382 1144 1460 AEropi
1190 1383 1311 1442 filio
1362 1368 1792 1443 restituendum
1847 1381 2110 1441 dicerent
2162 1379 2511 1458 fastigium:
2554 1377 2719 1458 quod

516 1477 756 1538 excluso
784 1478 1051 1557 legitimo
1091 1479 1258 1557 regni
1300 1479 1539 1551 herede,
1582 1480 1873 1560 Amyntas
1916 1479 2103 1559 prius,
2136 1477 2356 1538 deinde
2384 1475 2719 1556 Philippus,

513 1575 573 1633 vi
602 1595 672 1634 ac
700 1574 904 1634 fraude
933 1576 1337 1636 invasissent!
1419 1577 1479 1638 6.
1525 1576 1837 1637 Exercitus
1867 1595 2104 1656 quoque
2145 1574 2322 1635 variis
2357 1592 2433 1636 ex
2460 1573 2721 1633 nationi-

513 1673 629 1732 bus
656 1673 1067 1753 compositus,f
1088 1684 1153 1733 ut
1182 1673 1396 1753 cuique
1427 1674 1660 1734 animus
1700 1683 1804 1733 aut
1833 1692 1971 1754 spes
1999 1682 2145 1747 erat,
2173 1671 2545 1732 discordibus
2576 1692 2721 1733 con-

516 1769 661 1830 siliis
690 1780 752 1829 et
778 1772 1145 1831 sermonibus
1175 1771 1541 1850 agitabatur.
1622 1773 1682 1831 7.
1728 1771 1955 1831 Contra
1981 1770 2322 1831 Alexandro
2358 1774 2583 1831 novum
2609 1771 2717 1830 im-

514 1867 763 1945 perium,
793 1888 863 1928 ac
905 1870 1099 1928 subito
1129 1858 1386 1949 Philippi
1430 1889 1575 1929 casu
1621 1869 1764 1929 nihil
1805 1869 2092 1929 adversus
2130 1869 2475 1947 ingruentes
2518 1879 2717 1928 motus

513 1967 814 2042 provisum
844 1980 1006 2026 erat:
1050 1976 1111 2025 et
1136 1985 1477 2045 quanquam
1508 1956 1725 2026 indolis
1754 1966 1915 2025 haud
1943 1965 2274 2045 poeniteret,
2296 1974 2445 2025 oetas
2474 1985 2717 2046 sperne-

512 2062 705 2129 batur.
787 2064 1016 2144 Viginti
1045 2084 1335 2124 annorum
1364 2065 1851 2130 adolescentem·
1894 2075 2079 2124 tantae
2117 2083 2308 2124 rerum
2343 2063 2485 2122 moli
2512 2063 2719 2124 hume-

512 2178 609 2219 ros
642 2162 1063 2242 subjecturum,
1095 2172 1199 2222 aut
1228 2163 1276 2222 si
1307 2162 1653 2241 recepisset,
1680 2180 1882 2241 parem
1911 2161 2171 2220 futurum
2199 2179 2321 2219 non
2349 2161 2718 2222 arbitraban-

512 2267 626 2317 tur.
713 2261 769 2318 8.
816 2258 1008 2318 Etiam
1041 2279 1255 2318 nervus
1285 2258 1677 2338 gerendarum
1715 2277 1909 2317 rerum
1935 2257 2191 2337 pecunia.
2215 2256 2553 2327 defecerat;
2600 2278 2719 2339 qua

511 2353 885 2414 abundantes
908 2357 1111 2416 Persae
1138 2358 1197 2414 in
1228 2376 1468 2417 omnem.
1492 2357 1615 2416 fere
1641 2355 1936 2415 Graeciam
1959 2365 2332 2434 corruptores
2359 2355 2720 2428 miserantu

514 2460 576 2508 et
602 2470 676 2510 ne
703 2451 846 2531 quid
877 2453 1043 2513 malis
1074 2452 1338 2526 deesset,
1370 2453 1745 2515 Macedoniae
1798 2452 2092 2513 maritima
2135 2452 2316 2513 Tusci
2360 2452 2569 2533 piratae
2615 2454 2718 2514 de-

512 2547 952 2627 praedabantur.
1025 2554 1085 2612 9.
1129 2552 1491 2613 Convocatis
1520 2551 1746 2626 amicis,
1772 2571 1910 2611 cum
1938 2550 2013 2611 de
2035 2550 2314 2631 praesenti
2337 2569 2530 2612 rerum
2554 2562 2718 2612 statu

512 2644 860 2708 deliberatio
889 2650 1160 2711 instituta
1188 2661 1368 2724 esset,
1396 2671 1518 2711 non
1549 2650 1886 2722 defuerunt,
1918 2649 2022 2728 qui
2068 2650 2429 2721 censerent,¹¹
2454 2655 2472 2685 ‘
2495 2649 2717 2708 omissa

512 2742 765 2805 Graeciae
793 2767 954 2821 cura,
983 2761 1209 2828 quanta
1237 2760 1444 2828 posset
1471 2749 1714 2810 lenitate
1744 2748 2088 2807 deficientes
2116 2747 2399 2806 barbaro·
2426 2744 2489 2804 in
2518 2745 2716 2805 officio

511 2842 906 2903 continendos
935 2864 1106 2905 esse:
1147 2857 1465 2924 postquam
1494 2845 1757 2905 intestini
1783 2853 1978 2904 motus
2009 2844 2448 2917 consedissent,
2474 2840 2712 2923 longin-

512 2955 632 3014 qua
660 2937 892 2999 facilius
922 2942 1427 3021 compositurum!
1518 2944 1612 3001 10.
1651 2942 1872 3020 Verum
1902 2941 2256 3008 adolescens
2284 2940 2503 3020 insigni
2533 2941 2715 3000 animi

510 3036 943 3113 magnitudine,
990 3048 1164 3097 cauta
1212 3039 1463 3098 consilia
1506 3059 1612 3118 pro
1656 3039 1886 3119 ignavis
1915 3039 2279 3100 fastidiebat.
2365 3045 2382 3073 ‘
2416 3038 2713 3119 Perpetuo

511 3133 771 3191 omnium
799 3136 1126 3194 contemtui
1152 3137 1468 3196 obnoxium
1501 3139 1646 3210 fore,
1677 3138 1726 3196 si
1754 3138 1821 3196 in
1844 3137 2143 3217 principio
2171 3136 2338 3215 regni
2377 3136 2620 3215 impune
2651 3156 2713 3195 se

511 3229 708 3308 sperni
733 3240 1064 3309 pateretur:
1114 3232 1189 3291 ad
1229 3251 1462 3294 omnem
1509 3234 1794 3313 deinceps
1827 3235 2006 3295 vitam
2034 3234 2340 3313 pertinere,
2365 3233 2604 3312 qualem
2639 3234 2712 3293 ‘de

512 3344 576 3385 se
633 3325 967 3405 opinionem
1024 3329 1082 3388 in
1134 3329 1345 3390 animis
1403 3332 1705 3390 hominum
1760 3330 2049 3410 incipiens
2104 3330 2423 3410 imperator
2476 3332 2710 3391 excitet.

517 3425 610 3481 11.
656 3422 915 3505 Philippi
961 3446 1167 3487 necem
1195 3427 1358 3487 haud
1387 3429 1580 3508 magis
1616 3430 1748 3503 sibi,
1786 3449 1966 3508 quam
2010 3428 2326 3488 rebellibus
2369 3429 2714 3508 inexpecta-

508 3533 632 3580 tam
662 3521 990 3583 accidisse:
1034 3524 1400 3603 trepidantes
1432 3527 1650 3601 adhuc,
1679 3537 1741 3586 et
1769 3526 1999 3587 consilii
2029 3526 2287 3586 incertos
2329 3523 2499 3583 nullo
2525 3544 2709 3603 nego*

508 3618 595 3679 tio
623 3617 873 3699 opprimi
903 3640 1118 3700 posse:
1163 3642 1265 3701 per
1311 3624 1711 3684 Macedonum
1759 3623 2198 3683 cunctationem
2227 3621 2375 3700 erigi
2403 3621 2706 3681 seditionis

509 3729 817 3785 auctores;
861 3729 923 3777 et
950 3720 1049 3797 qui
1082 3739 1238 3779 nunc
1270 3721 1444 3780 etiam
1484 3732 1761 3782 nutarent
1802 3720 2032 3792 animiS,
2072 3719 2564 3779 tumultuantibus
2610 3738 2704 3777 ac-

509 3832 802 3875 cessuros.
897 3818 991 3875 12.
1037 3818 1131 3877 Ita
1170 3830 1379 3879 contra
1425 3830 1668 3899 paratos
1710 3818 2208 3898 confirmatosque
2253 3837 2473 3897 anceps
2503 3816 2702 3876 discri-

570 4000 597 4034 Β
631 4002 787 4052 Diod.
806 4004 909 4053 Sic.
932 4019 1077 4057 xvn.
1102 4024 1154 4072 p.
1180 4015 1294 4062 563.
1720 4007 1738 4041 ⁶
1761 4010 1952 4062 Justin.
1976 4026 2057 4062 xr.
2082 4016 2130 4061 1.
2156 4018 2202 4063 1.

573 4084 595 4110 ⁰
631 4079 776 4129 Cui-t.
803 4085 957 4131 vr.-9.
982 4087 1060 4132 17.
1711 4096 1736 4133 8
1768 4088 1960 4140 Justin.
1984 4090 2018 4138 l.
2040 4090 2072 4137 1.
2096 4089 2308 4140 Art-ian.
2333 4104 2374 4139 ι.
2400 4093 2448 4139 1.

544 4152 597 4185 ·‘¹
628 4154 710 4203 Id.
736 4156 768 4203 1.
789 4156 823 4205 l.
852 4156 999 4208 Plut.
1021 4157 1086 4208 de
1109 4160 1251 4210 Fort.
1269 4161 1425 4212 Alex.
1450 4166 1568 4213 IAE.
1712 4172 1735 4219 †
1772 4165 1912 4214 Plut.
1936 4165 2208 4216 Demosth.
2235 4182 2286 4230 p.
2308 4170 2425 4217 8552

573 4239 595 4267 ‘
631 4235 769 4285 Plut.
801 4234 834 4285 l.
850 4248 888 4285 1.
911 4234 1117 4287 Ari-ian.
1143 4239 1179 4289 1.
1203 4243 1283 4289 26.
1709 4237 1734 4273 ¹¹
1767 4241 1912 4291 Plut.
1932 4240 2087 4294 Alex.
2111 4258 2162 4307 p.
2184 4247 2301 4294 670.
2323 4242 2519 4296 sustin.
2540 4246 2572 4294 l.
2597 4243 2632 4291 Ι.
