2978 4933
2373 383 2504 450 533

305 553 497 612 turno
517 545 541 583 ¹³
567 546 803 612 itinere
827 547 1200 611 exercitum
1230 545 1502 610 ducens.
1589 544 1650 609 2.
1683 542 2051 630 Aqnarum,
2082 549 2159 608 ut
2188 549 2342 610 ante
2364 545 2504 610 dic-

305 653 445 714 tum
486 656 617 727 est,
668 649 968 732 penuria,
1015 649 1202 732 prius
1240 646 1739 732 desperatione,
1781 666 1984 730 quam
2027 646 2358 712 desiderio
2407 649 2507 712 bi-

304 752 508 816 bendi
538 753 721 816 sitim
752 751 1082 817 accendit.
1168 751 1301 817 Per
1348 766 1548 814 cccc,
1598 749 1861 814 stadia⁰
1908 769 1993 814 ne
2018 750 2326 814 modicus
2359 751 2507 834 qui-

304 854 452 917 dem
481 854 721 918 humor
750 854 1005 918 existit.
1090 854 1155 918 3.
1199 851 1458 917 Arenas
1486 871 1698 934 vapor
1723 852 1938 917 aestivi
1968 852 2134 916 solis
2171 853 2507 930 accendit,

305 955 457 1042 quae
493 955 607 1020 ubi
636 955 915 1039 flagrare
945 965 1314 1040 coeperunt,
1345 955 1523 1020 haud
1554 974 1748 1020 secus
1779 970 1981 1037 quam
2012 953 2377 1020 continenti
2405 954 2507 1018 in-

305 1057 545 1122 cendio
574 1064 814 1123 cuncta
864 1065 1203 1123 torrentur.
1286 1060 1351 1122 4.
1396 1056 1637 1137 Caligo
1683 1058 2356 1137 deinde‚‘immodico
2382 1062 2509 1122 ter-

303 1180 399 1224 rae
427 1160 681 1226 fervore
713 1161 1041 1237 excitata,
1080 1162 1296 1227 lucem
1341 1162 1534 1243 tegit:
1556 1157 1583 1195 ‘¹
1640 1153 2156 1245 camporumque
2201 1164 2336 1225 non'
2366 1160 2504 1224 alia

306 1282 510 1346 quam
548 1265 727 1328 vasti
772 1271 841 1329 et
879 1263 1195 1347 profundi
1241 1264 1534 1348 aequoris
1564 1264 1835 1346 species
1881 1270 2006 1329 est.
2096 1265 2160 1327 5.
2208 1262 2508 1326 Noctur-

305 1384 466 1429 num
496 1366 621 1430 iter
649 1367 993 1440 tolerabile
1024 1367 1396 1443 videbatur,
1438 1365 1604 1449 quia
1646 1384 1793 1429 rore
1823 1372 1891 1430 et
1920 1363 2247 1431 matutino
2272 1364 2509 1446 frigore

310 1487 598 1551 corpora
626 1470 1041 1535 levabantur.
1131 1469 1440 1533 Ceterum
1473 1489 1626 1533 cum
1657 1469 1811 1552 ipsa
1839 1470 1986 1533 luce
2020 1472 2230 1534 aes'tus
2261 1465 2510 1530 oritur:

310 1589 701 1654 omnemque
729 1571 1096 1636 naturalem
1137 1572 1460 1637 absorbet
1489 1572 1833 1635 humorem
1867 1571 2188 1652 siccitas3
2229 1587 2345 1634 ora
2375 1570 2513 1633 vis-

309 1691 597 1754 ceraque
628 1674 894 1757 penitus
924 1681 1211 1738 uruntur.
1297 1674 1365 1738 6.
1413 1673 1658 1757 Itaque
1690 1674 1974 1756 primum
2003 1673 2227 1748 animi,
2271 1670 2511 1735 deinde

308 1783 599 1858 corpora
615 1774 899 1840 deficere
921 1783 1305 1860 coeperunt:
1334 1776 1611 1859 pigebat
1633 1781 1701 1838 et
1725 1775 2080 1839 consistere
2101 1780 2171 1839 et
2188 1772 2510 1859 progredi.

308 1877 379 1942 7.
423 1876 639 1941 Pauci
670 1898 712 1941 a
743 1879 978 1962 peritis
1007 1878 1295 1960 regionis
1338 1877 1656 1942 admoniti
1719 1883 2175 1961 praepararant
2223 1894 2508 1959 aquam:

851 403 969 452 οι..
1015 400 1202 451 exn.
1245 385 1312 452 3.
1385 401 1459 451 A.
1509 399 1630 449 cn.
1677 400 1748 449 N.
1790 383 1941 450 329.

1231 2026 1594 2047 ‘W‘NJO‘vO

309 2123 450 2167 rum5
482 2110 637 2160 vose.
679 2113 725 2159 1.
768 2114 816 2160 2.
852 2109 1201 2160 Susitanurum.
1206 2115 1302 2160 -2
1334 2112 1485 2161 Voss».
1532 2115 1583 2159 2.
1638 2111 1733 2159 Per
1771 2109 2090 2174 quadraginta
2131 2107 2322 2163 stadim
2368 2103 2514 2154 Pith.

309 2175 410 2223 Per
438 2174 702 2237 quingenta
735 2175 912 2236 stadia,
950 2191 1113 2224 nemus
1146 2176 1350 2239 quidem.
1415 2177 1554 2225 Mer.
1589 2176 1752 2224 humor
1780 2176 1963 2225 extitit.
1965 2177 2058 2222 —3
2095 2173 2209 2221 Pal.
2235 2176 2280 2221 1.
2312 2170 2518 2231 oestivz's,

310 2239 501 2288 omisso
535 2240 763 2289 salise-4
794 2242 809 2268 ‘
831 2241 938 2290 Pro
978 2241 1137 2290 verbo
1167 2242 1378 2293 excitata
1411 2241 1583 2289 editor
1607 2241 1923 2303 Gryphianae
1948 2239 2166 2302 margini
2190 2236 2366 2285 allevit
2388 2249 2511 2285 con·

298 2305 558 2367 jecturam
600 2305 776 2364 excita,
815 2319 916 2353 non
956 2304 1339 2367 spernendam?
1375 2305 1663 2355 Schmieder.
1664 2311 1758 2353 —5
1795 2304 1910 2353 Pal.
1950 2308 1996 2353 l.
2027 2318 2222 2366 corpora
2264 2302 2515 2356 levantur,-

314 2370 545 2418 Florent.
568 2385 613 2418 c.
631 2369 923 2419 lavabantur.
990 2371 1143 2420 Voss.
1166 2376 1215 2420 2.
1239 2372 1292 2420 in
1319 2384 1403 2419 ora
1439 2372 1729 2432 visceraque.
1731 2374 1828 2419 ——6
1861 2370 2000 2418 Dan.
2024 2369 2221 2418 omittit
2240 2368 2516 2440 coepemntj

310 2434 477 2500 Lugd.
496 2433 664 2486 Amst·
689 2435 755 2485 al.
792 2435 1018 2500 defecere,
1037 2436 1226 2486 omisso
1260 2435 1418 2487 etiam
1439 2440 1691 2501 caeperunt.
1694 2440 1789 2485 -7
1825 2434 1976 2487 Voss.
1996 2438 2046 2484 2.
2072 2432 2229 2484 Pauci
2248 2447 2279 2482 a
2295 2429 2515 2496 praeteri-

1310 2570 1524 2621 NOTAE

309 2667 526 2718 limitem
549 2666 767 2718 faciunt.
834 2666 938 2717 Sed
960 2666 1067 2729 alii,
1093 2673 1151 2716 ut
1172 2666 1373 2731 Diony-

311 2744 663 2808 sius‘Perieg.
698 2759 767 2794 vs.
791 2747 905 2794 747.
958 2743 1267 2807 Sogdianam
1304 2743 1373 2792 ci-

310 2828 395 2872 tra
419 2823 591 2872 Oxum
626 2819 949 2881 extendunt:
984 2833 1197 2884 quorum
1234 2817 1375 2869 forte

312 2899 629 2949 sententiam
657 2905 864 2947 secutus
887 2903 968 2946 est
991 2895 1221 2957 Curtius,
1253 2894 1375 2943 dum

311 2975 569 3025 scriberet
591 2972 948 3024 Alexandrum
990 2973 1133 3036 prius
1166 2972 1217 3020 in
1250 2971 1377 3034 Sog-

314 3051 583 3101 dianorum
622 3051 836 3100 deserta
894 3050 1179 3113 ingressum
1227 3062 1377 3112 quam

315 3129 491 3186 Oxum
526 3127 839 3192 trajecisset.
904 3127 991 3176 De
1025 3126 1139 3191 ipso
1166 3123 1377 3175 flumine

314 3198 435 3255 mox
460 3219 690 3269 agemus».

379 3279 405 3314 ¹²
438 3278 710 3342 Nocturuo]
747 3278 827 3328 An
852 3278 974 3343 quia
1005 3293 1098 3341 per
1118 3279 1231 3329 haec
1252 3278 1379 3342 Sog-

315 3360 584 3409 dianorum
604 3359 830 3410 deserta.
848 3364 907 3406 ut
932 3371 1024 3419 per
1041 3357 1128 3405 illa
1142 3356 1377 3405 Bactria-

313 3450 496 3486 norum
531 3449 649 3498 cap.
670 3437 723 3482 4.
753 3433 857 3482 iter
889 3440 1106 3495 aspectu
1147 3432 1376 3481 siderum

313 3511 600 3578 regendum
622 3511 737 3560 est?
762 3524 827 3559 an
847 3509 1019 3574 potius
1036 3509 1099 3558 ob
1123 3509 1378 3571 diurnum,

319 3594 378 3641 ut
414 3605 530 3640 mox
568 3588 821 3653 sequitur,
861 3587 979 3636 solis
1015 3586 1251 3635 ardorem
1276 3599 1402 3634 non·

311 3667 420 3716 nisi
453 3675 707 3717 nocturno
731 3665 916 3714 itinere
957 3663 1219 3726 peragrari
1256 3677 1379 3726 que·

318 3744 445 3793 unt?

384 3829 406 3855 0
441 3821 637 3870 CCCC.
659 3818 839 3882 stadia]
875 3818 1175 3882 Quingenta
1198 3817 1382 3866 millia-

319 3897 416 3946 ria.
481 3895 681 3958 AEstivi]
718 3897 847 3946 Cum
881 3896 1015 3944 enim
1051 3895 1147 3944 sub
1183 3895 1379 3959 hyemis

318 3972 543 4033 initium,
578 3973 631 4021 in
673 3972 1102 4034 Parapamisadas
1137 3974 1382 4032 venisset,

319 4051 393 4101 ibi
436 4051 567 4108 actis
605 4050 848 4114 hybernis
886 4050 1174 4098 Caucasum
1217 4057 1383 4098 trans-

318 4143 522 4193 gressus
561 4127 615 4175 in
660 4126 993 4177 Bactrianam
1034 4133 1279 4185 venerat3
1326 4133 1384 4174 ut

318 4205 677 4269 non‘potuerit
701 4213 822 4253 ante
847 4210 1081 4253 aestatem
1097 4205 1384 4268 Sogdianos

322 4283 487 4333 adire.
544 4283 647 4332 Hic
670 4297 825 4346 porro
848 4289 970 4341 nota
992 4287 1006 4310 ‘
1030 4280 1309 4349 vaporem‚'
1328 4289 1382 4330 ut

1435 3049 1598 3102 0tret!

1453 2665 1582 2714 alias
1607 2679 1764 2727 saepe,
1789 2677 1818 2711 a
1854 2659 2034 2710 Curtio
2071 2658 2249 2708 vocari
2279 2656 2401 2707 solis
2437 2670 2518 2704 ar·

1455 2746 1666 2806 dorem;
1698 2759 1798 2809 quo
1838 2742 1986 2792 modo
2026 2739 2172 2801 Virg.
2214 2736 2417 2789 AEneid.
2461 2749 2516 2785 ν.

1456 2828 1471 2854 ‘
1501 2827 1798 2887 Lentusque
1832 2821 2034 2869 carinas
2067 2819 2163 2867 Est
2202 2829 2361 2878 vapor
2379 2814 2411 2865 ι’
2461 2821 2519 2862 et

1456 2899 1742 2950 Columella
1763 2897 1852 2946 lib.
1873 2909 1924 2945 ν.
1945 2910 2072 2958 ειη).
2084 2898 2163 2943 10.
2195 2894 2210 2922 ‘
2238 2893 2517 2954 Minusque

1455 2975 1662 3039 vaporis
1680 2979 1863 3022 aestate
1883 2985 1977 3035 per
1993 2975 2264 3033 angustum
2284 2982 2340 3017 os
2362 2980 2520 3030 pene·

1664 3049 1869 3112 Nempe
1910 3047 1986 3096 sol
2021 3056 2126 3095 non
2159 3043 2314 3094 aliter
2335 3057 2521 3092 arenas

1457 3117 1622 3178 torret
1644 3141 1796 3192 quam
1832 3138 1928 3189 per
1970 3123 2104 3173 aeris
2143 3137 2385 3186 vaporem
2417 3121 2522 3169 suis

1458 3221 1728 3273 accensum
1754 3203 1939 3253 radiis:
1964 3210 2021 3251 et
2040 3201 2247 3252 flamma
2263 3201 2378 3263 ipsa
2395 3199 2522 3248 nihii

1456 3283 1596 3333 alind
1622 3296 1774 3346 quam
1796 3294 1956 3342 vapor
1980 3292 2241 3328 accensus.

1524 3359 1548 3394 ‘¹
1579 3360 1754 3408 Lucem
1773 3356 1919 3418 tegit]
1950 3355 2096 3404 Idem
2132 3353 2366 3416 superius
2396 3366 2522 3415 quo-

1456 3452 1558 3502 que
1582 3434 1808 3485 voluisse
1844 3432 2075 3482 Curtium
2113 3430 2432 3480 ostendimus
2456 3428 2524 3478 ad

1457 3526 1577 3575 cap.
1601 3515 1650 3561 4.
1674 3509 1766 3558 sed
1790 3522 1971 3556 vereor
1988 3514 2046 3555 ut
2066 3507 2389 3555 cohaerenter
2413 3504 2525 3566 ipse
2614 3501 2621 3509 '

1459 3589 1559 3637 sibi
1593 3588 1851 3651 loquatur.
1918 3584 1974 3633 Si
1997 3583 2132 3633 enim
2161 3584 2214 3631 in
2240 3581 2525 3630 Bactriana

1456 3665 1817 3728 Sogdianaque
1839 3662 1978 3730 idem
2002 3661 2178 3709 evenit
2199 3658 2334 3723 quod
2353 3656 2526 3706 multis

1461 3742 1619 3791 Zonae
1665 3739 1876 3790 torridae
1917 3735 2232 3800 regionibus,
2266 3739 2326 3783 ut
2370 3747 2527 3796 vapo-

1460 3834 1574 3867 rum
1618 3817 1771 3879 copia
1819 3822 2073 3879 perpetuo
2127 3811 2236 3862 fere
2293 3811 2524 3861 nubilum

1464 3895 1639 3945 aerem
1660 3894 1916 3954 habeant3
1945 3892 1995 3941 id
2020 3891 2180 3940 etiam
2203 3898 2528 3954 consequens

1463 3980 1560 4034 est,
1583 3980 1641 4022 ut
1669 3971 1945 4021 admodum
1970 3969 2412 4032 temperatocoelo
2436 3982 2526 4030 pa-

1467 4051 1595 4098 riter
1615 4047 1881 4108 fruantur-3
1914 4053 2097 4095 aestum
2130 4043 2525 4096 defendentibus

1465 4125 1664 4176 nebulis
1697 4124 2032 4186 densissimis,
2071 4129 2266 4189 praeter
2301 4120 2525 4171 noctium

1466 4202 1648 4268 frigus,
1666 4204 1762 4250 διο.
