2978 4933
475 398 559 463 10
1347 410 1793 461 rnommum.

475 552 659 631 dere,
687 572 814 618 nec
842 550 1166 619 affirmare
1193 552 1545 633 sustinere,
1569 554 1651 620 de
1678 554 1924 639 quibus
1943 552 2226 632 dubitet,
2256 573 2383 621 nec
2410 554 2675 624 subdu·

473 675 643 734 cere,
671 656 1185 741 quae,acceperit
1215 672 1324 720 rx.
1353 659 1417 724 1.
1449 656 1563 723 34.
1593 666 1684 737 et,
1718 678 1793 723 se
1820 657 2211 741 incorrupta
2236 658 2674 740 perferre-ut·⁴

473 777 759 842 cumque
787 757 1030 823 tradita
1060 774 1195 822 vn.
1223 758 1288 823 8.
1315 759 1421 823 11.
1511 757 1845 825 Interdum
1898 758 2072 825 adeo
2114 759 2372 825 lectori.
2395 762 2466 828 in
2501 780 2688 831 -suse

475 859 813 943 picionem
836 859 1060 925 venire
1087 866 1335 944 potest,
1382 861 1691 946 quaedam
1739 863 1894 928 ficta
1926 880 2101 939 esse,
2149 866 2222 929 ut
2259 863 2688 931 locuscessets

472 960 764 1046 politicae
794 961 1252 1046 descriptioni,
1281 980 1391 1027 ex.
1418 982 1487 1028 c.
1523 980 1627 1028 ιν.
1653 965 1719 1030 3.
1750 964 1858 1028 16.
1893 963 2119 1048 Βεερο
2147 964 2215 1028 in
2241 965 2439 1030 rebus
2468 966 2676 1049 parvi

476 1064 795 1129 momenti
825 1062 1161 1128 narrandis
1189 1064 1430 1148 longus
1472 1065 1621 1143 suit,
1665 1065 2047 1130 necessaria
2086 1064 2332 1130 omisit.
2393 1061 2674 1130 ‘Annos

475 1165 724 1232 addere
754 1165 974 1231 ubivis
1000 1166 1314 1250 neglexit,
1345 1167 1506 1232 anni
1543 1173 1848 1250 tempora
1877 1166 2293 1249 plerumque,
2378 1165 2673 1243 Deinde,

475 1268 784 1353 quamvis
816 1267 1106 1351 quidem,
1153 1268 1213 1333 si
1243 1272 1462 1335 totum
1493 1274 1787 1352 spectas,
1833 1266 2255 1332 laudatorem
2283 1265 2678 1335 Alexandri

474 1391 608 1436 non
638 1370 939 1436 videatur
962 1370 1327 1455 professus,
1369 1370 1618 1455 cupido
1647 1378 1872 1436 tamen
1894 1369 2298 1454 eloquentiae
2328 1376 2676 1442 ostentan-

474 1474 583 1541 dae
630 1474 973 1557 praevalet,
1025 1472 1137 1538 cui
1162 1473 1426 1557 quavis
1474 1471 1829 1538 occasione
1879 1470 2038 1535 data
2087 1472 2192 1541 ita
2225 1450 2550 1552 indulget,
2595 1477 2674 1541 ut

475 1595 649 1660 quae
644 1576 831 1640 forte
862 1575 991 1639 arti
1036 1554 1427 1641 exercendae
1470 1574 1712 1639 idonea
1749 1579 1992 1651 essent,
2020 1571 2353 1637 mirabilia
2380 1572 2673 1655 potissi-

474 1697 680 1755 mum,
735 1677 1126 1743 certioribus
1176 1676 1555 1760 praetulisse
1605 1673 1924 1739 videatur.
2027 1673 2334 1757 Denique
2380 1673 2673 1744 multum

473 1780 690 1858 abest,
715 1784 789 1845 ut
816 1780 903 1856 ei,
934 1779 1114 1862 quod
1142 1778 1562 1847 Historicum
1585 1777 1855 1854 deceat,
1882 1775 2219 1841 scribendi
2246 1775 2471 1855 generi
2500 1795 2671 1860 ope-

471 1900 614 1945 ram
657 1879 932 1946 dederit.
1020 1880 1375 1945 Orationes
1403 1880 1752 1963 elegantes
1783 1884 1850 1944 et
1877 1883 2128 1947 ornatae
2157 1876 2481 1942 artificem
2509 1897 2671 1961 pro·

472 1981 671 2062 dunt;
716 1981 786 2046 in
817 1981 1375 2066 descriptionibus
1415 2000 1604 2065 saepe
1631 1981 1984 2047 verborum
2016 1977 2288 2044 modum
2317 1998 2453 2044 non
2471 1985 2672 2051 ‚tenet

474 2083 996 2169 etampullatur,
1024 2083 1353 2150 rhetorico
1380 2085 1539 2149 fuco
1570 2102 1755 2168 saepe
1786 2082 2099 2148 abutitur.
2187 2081 2486 2163 Singula,
2505 2100 2668 2166 quae

472 2187 636 2252 mihi
680 2187 1029 2253 brevitatis
1079 2208 1287 2256 causa
1337 2189 1484 2253 sine
1536 2185 1941 2269 argumentis
1976 2183 2317 2269 praefanda
2368 2189 2544 2260 sunt,
2596 2184 2670 2248 in

472 2290 963 2353 commentariis
990 2290 1271 2371 probata
1309 2288 1676 2363 invenient,
1725 2287 1967 2370 quibus
1995 2306 2103 2350 res
2134 2304 2315 2349 curae
2346 2284 2669 2368 cordique

471 2395 594 2454 est.
681 2374 955 2453 Curtius
983 2388 1240 2474 itaque,
1264 2408 1416 2453 cum
1449 2386 1618 2452 nulli
1646 2386 1805 2470 legi,
1835 2406 1976 2471 qua
2006 2384 2339 2451 Historici
2367 2385 2674 2453 maxime.

473 2495 801 2570 tenentur,
829 2491 1258 2572 satisfecerit,
1285 2493 1566 2560 multam
1593 2491 1863 2576 quidem
1893 2489 2092 2558 fidem
2118 2490 2360 2555 habere
2386 2491 2623 2573 nequit
2645 2511 2666 2572 ;

471 2593 896 2677 negligendus
926 2599 1146 2670 tamen
1170 2614 1300 2660 non
1322 2601 1452 2674 est,
1471 2594 1838 2679 praecipue,
1864 2592 2046 2677 quod
2069 2592 2327 2677 passim
2349 2592 2670 2676 quaedam

471 2696 720 2774 retulit,
747 2714 902 2780 quae
932 2695 1117 2781 apud
1164 2697 1494 2764 neminem
1542 2695 1949 2781 reliquorum
1999 2696 2338 2767 memoriae
2390 2693 2669 2779 prodita

471 2800 779 2881 reperias.
869 2797 1104 2866 Multis
1153 2819 1330 2870 vero
1354 2804 1423 2863 et
1453 2798 1789 2882 juniorum
1821 2806 1893 2863 et
1915 2799 2232 2877 virorum,
2261 2798 2380 2883 qui
2420 2796 2674 2861 librum·

469 2900 720 2981 legunt,
749 2905 827 2963 ut
851 2900 1063 2964 otium
1108 2898 1347 2964 fallant
1392 2907 1467 2964 et
1497 2898 1930 2978 delectentur,
1958 2899 2296 3017 ‘quicquid
2339 2907 2668 2985 poscatur

474 2999 897 3079 HistoricuS,
945 3020 1181 3085 pamm
1211 3007 1546 3081 curanteS,
1598 3009 1878 3087 propter
1908 3002 2202 3085 vigorem
2233 3003 2347 3067 et
2328 3022 2401 3067 ιιι
2428 3002 2665 3070 multis

474 3101 876 3180 suavitatem
903 3103 1326 3172 vehementer
1351 3113 1420 3170 et
1449 3106 1683 3170 merito
1715 3105 1971 3190 placet.
2017 3103 2098 3168 In
2124 3105 2376 3170 scholis
2403 3106 2670 3188 itaque„

473 3203 535 3267 si
561 3211 938 3289 praeceptor
962 3225 1045 3270 eo
1073 3205 1172 3270 uti
1188 3223 1322 3270 non
1347 3207 1585 3286 nescit,
1607 3212 1680 3276 ‚et
1699 3205 1789 3271 ad
1819 3205 2130 3288 Latinam
2159 3205 2452 3289 linguam
2477 3211 2545 3270 et
2570 3205 2668 3282 ad,

474 3305 853 3376 Historiam
891 3305 1266 3373 Alexandri
1294 3307 1771 3390 addiscendam
1800 3307 2129 3393 prodesse
2171 3312 2417 3392 potest.
2501 3307 2548 3371 J
2552 3326 2665 3371 am

473 3409 638 3474 mihi
664 3410 1101 3494 conjecturam
1131 3409 1218 3475 de
1245 3411 1400 3476 libri
1433 3411 1687 3493 origine
1718 3409 2006 3495 adjicere
2033 3409 2259 3488 liceat,
2291 3427 2493 3494 quam
2515 3408 2663 3493 qui-

473 3510 652 3589 dem,
680 3510 842 3577 licet
870 3512 958 3577 ab
985 3512 1109 3578 illa
1132 3513 1179 3577 J
1184 3532 1246 3578 o.
1277 3512 1527 3579 Clerici
1556 3512 1724 3600 (Ars
1751 3513 1914 3579 Crit.
1946 3513 2031 3579 P.
2059 3527 2170 3576 ιιι.
2200 3531 2256 3576 s.
2285 3514 2353 3577 3.
2380 3530 2439 3578 c.
2468 3511 2533 3575 1.
2560 3508 2664 3595 4.)

470 3632 602 3677 non
631 3613 910 3686 multum
938 3614 1159 3692 abeat,
1209 3615 1395 3693 mihi,
1438 3615 1506 3680 ni
1555 3616 1707 3701 ipse
1747 3614 1964 3693 fallor,
2010 3633 2100 3680 ex
2151 3612 2458 3678 diuturna
2501 3632 2661 3677 cum

474 3714 716 3781 Curtio*
735 3715 1219 3786 consuetudine
1246 3723 1472 3783 natam
1502 3738 1674 3798 esse,
1705 3719 1887 3788 bona
1914 3717 2046 3786 fide
2074 3715 2406 3800 profiteor.
2492 3715 2665 3794 Erat

474 3815 736 3882 Rhetor
784 3819 1081 3901 quidam,
1122 3838 1362 3902 parum
1411 3819 1718 3899 interest,
1770 3819 1969 3904 cujus
2013 3817 2271 3894 saeculi,
2318 3817 2457 3901 qui,
2505 3837 2657 3882 cum

475 3920 638 3992 artis
667 3938 810 3983 suae
843 3919 1100 4003 insigne
1126 3929 1629 3988 monumentum
1656 3922 2033 4008 posteritati
2062 3919 2324 3986 tradere
2357 3925 2654 4002 cuperet,

473 4020 770 4094 fabulam
798 4020 1069 4103 quidem
1096 4022 1240 4105 ejus
1266 4025 1550 4107 generiS,
1596 4044 1751 4110 quae
1797 4023 1994 4089 hodie
2037 4022 2507 4096 Romanenses
2538 4041 2657 4094 voe

475 4131 733 4197 cantur,
764 4122 1161 4206 excogitare
1177 4126 1533 4208 potuisset,
1556 4128 1673 4193 sed
1698 4126 1917 4211 ipsius
1941 4126 2311 4209 argumenti
2333 4126 2657 4209 gravitate

476 4232 546 4292 et
588 4224 742 4291 luce
786 4223 948 4290 artis
992 4225 1404 4310 splendorem
1435 4230 1668 4314 augeri
1696 4227 2010 4294 malebat.
2101 4227 2357 4293 ldonea
2388 4226 2657 4292 videba-
