<?xml version="1.0" encoding="UTF-8"?>
<!DOCTYPE html PUBLIC "-//W3C//DTD XHTML 1.0 Transitional//EN"
    "http://www.w3.org/TR/xhtml1/DTD/xhtml1-transitional.dtd">
<html xmlns="http://www.w3.org/1999/xhtml" xml:lang="en" lang="en">
 <head>
  <title>
</title>
<meta http-equiv="Content-Type" content="text/html;charset=utf-8" />
  <meta name='ocr-system' content='tesseract 3.04.00' />
  <meta name='ocr-capabilities' content='ocr_page ocr_carea ocr_par ocr_line ocrx_word'/>
</head>
<body>
  <div class='ocr_page' id='page_1' title='image "./quinticurtiiruf03rufugoog_0415.png"; bbox 0 0 2978 4933; ppageno 0'>
   <div class='ocr_carea' id='block_1_1' title="bbox 731 352 2454 428">
    <p class='ocr_par' dir='ltr' id='par_1_1' title="bbox 731 352 2454 428">
     <span class='ocr_line' id='line_1_1' title="bbox 731 352 2454 428; baseline -0.003 -7"><span class='ocrx_word' id='word_1_1' title='bbox 731 389 736 392; x_wconf 90' lang='lat'>·</span> <span class='ocrx_word' id='word_1_2' title='bbox 801 371 921 421; x_wconf 78' lang='grc' dir='ltr'><strong>οι..</strong></span> <span class='ocrx_word' id='word_1_3' title='bbox 968 368 1152 418; x_wconf 84' lang='lat' dir='ltr'>cxu.</span> <span class='ocrx_word' id='word_1_4' title='bbox 1198 353 1264 419; x_wconf 87' lang='grc'>2.</span> <span class='ocrx_word' id='word_1_5' title='bbox 1340 369 1416 418; x_wconf 75' lang='lat' dir='ltr'>A.</span> <span class='ocrx_word' id='word_1_6' title='bbox 1459 370 1579 418; x_wconf 79' lang='lat' dir='ltr'>cn.</span> <span class='ocrx_word' id='word_1_7' title='bbox 1626 369 1700 419; x_wconf 76' lang='lat' dir='ltr'>N.</span> <span class='ocrx_word' id='word_1_8' title='bbox 1745 352 1895 418; x_wconf 83' lang='lat'><strong>331.</strong></span> <span class='ocrx_word' id='word_1_9' title='bbox 2324 359 2454 428; x_wconf 82' lang='lat'>369</span> 
     </span>
    </p>
   </div>
   <div class='ocr_carea' id='block_1_2' title="bbox 249 514 2527 1746">
    <p class='ocr_par' dir='ltr' id='par_1_2' title="bbox 249 514 2527 1746">
     <span class='ocr_line' id='line_1_2' title="bbox 268 514 2452 605; baseline 0.001 -19"><span class='ocrx_word' id='word_1_10' title='bbox 268 520 546 586; x_wconf 86' lang='lat' dir='ltr'>millibus</span> <span class='ocrx_word' id='word_1_11' title='bbox 575 516 897 605; x_wconf 79' lang='lat' dir='ltr'>peditum,</span> <span class='ocrx_word' id='word_1_12' title='bbox 926 520 997 581; x_wconf 91' lang='lat' dir='ltr'>et</span> <span class='ocrx_word' id='word_1_13' title='bbox 1026 514 1341 599; x_wconf 78' lang='lat' dir='ltr'>Agrianis</span> <span class='ocrx_word' id='word_1_14' title='bbox 1363 521 1574 601; x_wconf 87' lang='lat' dir='ltr'>atque</span> <span class='ocrx_word' id='word_1_15' title='bbox 1603 514 2001 581; x_wconf 81' lang='lat' dir='ltr'>Graeoorum</span> <span class='ocrx_word' id='word_1_16' title='bbox 2030 524 2452 588; x_wconf 84' lang='lat' dir='ltr'>mercenariis</span> 
     </span>
     <span class='ocr_line' id='line_1_3' title="bbox 268 619 2454 704; baseline 0.002 -17"><span class='ocrx_word' id='word_1_17' title='bbox 268 623 551 688; x_wconf 89' lang='lat' dir='ltr'>millibus</span> <span class='ocrx_word' id='word_1_18' title='bbox 582 638 694 687; x_wconf 85' lang='lat'><strong>111.</strong></span> <span class='ocrx_word' id='word_1_19' title='bbox 725 619 977 687; x_wconf 88' lang='lat' dir='ltr'>additis</span> <span class='ocrx_word' id='word_1_20' title='bbox 1001 619 1299 699; x_wconf 86' lang='lat' dir='ltr'>millibus</span> <span class='ocrx_word' id='word_1_21' title='bbox 1327 619 1689 700; x_wconf 82' lang='lat' dir='ltr'>Thracum,</span> <span class='ocrx_word' id='word_1_22' title='bbox 1741 620 1813 685; x_wconf 91' lang='lat' dir='ltr'>in</span> <span class='ocrx_word' id='word_1_23' title='bbox 1856 620 2201 704; x_wconf 81' lang='lat' dir='ltr'><strong>regionem</strong></span> <span class='ocrx_word' id='word_1_24' title='bbox 2233 623 2454 691; x_wconf 79' lang='lat' dir='ltr'>Uxio-</span> 
     </span>
     <span class='ocr_line' id='line_1_4' title="bbox 266 722 2452 810; baseline 0.002 -21"><span class='ocrx_word' id='word_1_25' title='bbox 266 734 431 791; x_wconf 83' lang='lat' dir='ltr'>rumc</span> <span class='ocrx_word' id='word_1_26' title='bbox 458 724 774 810; x_wconf 89' lang='lat' dir='ltr'>pervenit.</span> <span class='ocrx_word' id='word_1_27' title='bbox 861 722 1180 789; x_wconf 83' lang='lat' dir='ltr'>Finitima</span> <span class='ocrx_word' id='word_1_28' title='bbox 1204 724 1400 788; x_wconf 87' lang='lat' dir='ltr'>Susis</span> <span class='ocrx_word' id='word_1_29' title='bbox 1436 728 1562 803; x_wconf 86' lang='lat' dir='ltr'>est,</span> <span class='ocrx_word' id='word_1_30' title='bbox 1605 729 1674 788; x_wconf 87' lang='lat' dir='ltr'>et</span> <span class='ocrx_word' id='word_1_31' title='bbox 1702 723 1769 788; x_wconf 87' lang='lat' dir='ltr'>in</span> <span class='ocrx_word' id='word_1_32' title='bbox 1789 723 2074 808; x_wconf 82' lang='lat' dir='ltr'><strong>primam</strong></span> <span class='ocrx_word' id='word_1_33' title='bbox 2108 724 2452 794; x_wconf 80' lang='lat' dir='ltr'>Persidem</span> 
     </span>
     <span class='ocr_line' id='line_1_5' title="bbox 270 827 2454 917; baseline 0.002 -24"><span class='ocrx_word' id='word_1_34' title='bbox 270 830 565 907; x_wconf 83' lang='lat' dir='ltr'>excurrit,</span> <span class='ocrx_word' id='word_1_35' title='bbox 615 833 878 894; x_wconf 88' lang='lat' dir='ltr'>arctum</span> <span class='ocrx_word' id='word_1_36' title='bbox 923 827 1099 893; x_wconf 85' lang='lat' dir='ltr'>iuter</span> <span class='ocrx_word' id='word_1_37' title='bbox 1146 847 1221 893; x_wconf 92' lang='lat' dir='ltr'>se</span> <span class='ocrx_word' id='word_1_38' title='bbox 1272 833 1341 895; x_wconf 91' lang='lat' dir='ltr'>et</span> <span class='ocrx_word' id='word_1_39' title='bbox 1386 828 1716 895; x_wconf 80' lang='lat' dir='ltr'>Susianos</span> <span class='ocrx_word' id='word_1_40' title='bbox 1761 828 2017 895; x_wconf 88' lang='lat' dir='ltr'>aditum</span> <span class='ocrx_word' id='word_1_41' title='bbox 2047 829 2454 917; x_wconf 87' lang='lat' dir='ltr'>relinquens.</span> 
     </span>
     <span class='ocr_line' id='line_1_6' title="bbox 268 928 2456 1018; baseline 0.003 -23"><span class='ocrx_word' id='word_1_42' title='bbox 268 931 326 995; x_wconf 89' lang='grc'>4.</span> <span class='ocrx_word' id='word_1_43' title='bbox 366 929 675 998; x_wconf 84' lang='lat' dir='ltr'>Madates</span> <span class='ocrx_word' id='word_1_44' title='bbox 692 928 719 968; x_wconf 82' lang='lat'>‘¹</span> <span class='ocrx_word' id='word_1_45' title='bbox 769 936 909 996; x_wconf 91' lang='lat' dir='ltr'>erat</span> <span class='ocrx_word' id='word_1_46' title='bbox 936 931 1145 1017; x_wconf 89' lang='lat' dir='ltr'>hujus</span> <span class='ocrx_word' id='word_1_47' title='bbox 1164 932 1452 1017; x_wconf 80' lang='lat' dir='ltr'>regionis</span> <span class='ocrx_word' id='word_1_48' title='bbox 1479 934 1866 1018; x_wconf 71' lang='lat' dir='ltr'>praefectuS‚</span> <span class='ocrx_word' id='word_1_49' title='bbox 1894 932 2073 998; x_wconf 89' lang='lat' dir='ltr'>haud</span> <span class='ocrx_word' id='word_1_50' title='bbox 2103 954 2263 999; x_wconf 91' lang='lat' dir='ltr'>sane</span> <span class='ocrx_word' id='word_1_51' title='bbox 2286 944 2456 1001; x_wconf 89' lang='lat' dir='ltr'>tem-</span> 
     </span>
     <span class='ocr_line' id='line_1_7' title="bbox 267 1034 2458 1123; baseline 0.003 -24"><span class='ocrx_word' id='word_1_52' title='bbox 267 1054 489 1118; x_wconf 81' lang='lat' dir='ltr'>porum</span> <span class='ocrx_word' id='word_1_53' title='bbox 520 1034 938 1120; x_wconf 80' lang='lat' dir='ltr'>[multorum]</span> <span class='ocrx_word' id='word_1_54' title='bbox 963 1035 1168 1102; x_wconf 91' lang='lat' dir='ltr'>homo</span> <span class='ocrx_word' id='word_1_55' title='bbox 1192 1037 1250 1103; x_wconf 74' lang='lat'>:⁶</span> <span class='ocrx_word' id='word_1_56' title='bbox 1277 1038 1537 1123; x_wconf 89' lang='lat' dir='ltr'>quippe</span> <span class='ocrx_word' id='word_1_57' title='bbox 1568 1037 1799 1103; x_wconf 87' lang='lat' dir='ltr'>ultima</span> <span class='ocrx_word' id='word_1_58' title='bbox 1843 1056 1968 1121; x_wconf 89' lang='lat' dir='ltr'>pro</span> <span class='ocrx_word' id='word_1_59' title='bbox 2006 1035 2138 1103; x_wconf 90' lang='lat' dir='ltr'>fide</span> <span class='ocrx_word' id='word_1_60' title='bbox 2169 1040 2458 1123; x_wconf 86' lang='lat' dir='ltr'>experiri</span> 
     </span>
     <span class='ocr_line' id='line_1_8' title="bbox 266 1131 2459 1225; baseline 0.003 -23"><span class='ocrx_word' id='word_1_61' title='bbox 266 1131 657 1206; x_wconf 80' lang='lat' dir='ltr'>decreverat.</span> <span class='ocrx_word' id='word_1_62' title='bbox 744 1141 808 1205; x_wconf 89' lang='grc'>5.</span> <span class='ocrx_word' id='word_1_63' title='bbox 864 1140 997 1205; x_wconf 89' lang='lat' dir='ltr'>Sed</span> <span class='ocrx_word' id='word_1_64' title='bbox 1054 1141 1264 1225; x_wconf 86' lang='lat' dir='ltr'>periti·</span> <span class='ocrx_word' id='word_1_65' title='bbox 1312 1142 1619 1208; x_wconf 85' lang='lat' dir='ltr'>locorum</span> <span class='ocrx_word' id='word_1_66' title='bbox 1670 1141 2136 1208; x_wconf 81' lang='lat' dir='ltr'><strong>Alexandrum</strong></span> <span class='ocrx_word' id='word_1_67' title='bbox 2195 1141 2459 1222; x_wconf 77' lang='lat' dir='ltr'>docent,</span> 
     </span>
     <span class='ocr_line' id='line_1_9' title="bbox 268 1244 2459 1331; baseline 0.002 -24"><span class='ocrx_word' id='word_1_68' title='bbox 268 1247 288 1276; x_wconf 85' lang='lat'>‘</span> <span class='ocrx_word' id='word_1_69' title='bbox 307 1244 635 1310; x_wconf 87' lang='lat' dir='ltr'>occultum</span> <span class='ocrx_word' id='word_1_70' title='bbox 664 1244 789 1310; x_wconf 89' lang='lat' dir='ltr'>iter</span> <span class='ocrx_word' id='word_1_71' title='bbox 812 1264 965 1311; x_wconf 90' lang='lat' dir='ltr'>esse</span> <span class='ocrx_word' id='word_1_72' title='bbox 995 1246 1353 1330; x_wconf 86' lang='lat' dir='ltr'>per-calles</span> <span class='ocrx_word' id='word_1_73' title='bbox 1405 1253 1475 1313; x_wconf 86' lang='lat' dir='ltr'>et</span> <span class='ocrx_word' id='word_1_74' title='bbox 1517 1266 1828 1313; x_wconf 89' lang='lat' dir='ltr'>aversum</span> <span class='ocrx_word' id='word_1_75' title='bbox 1867 1248 1954 1311; x_wconf 89' lang='lat' dir='ltr'>ab</span> <span class='ocrx_word' id='word_1_76' title='bbox 1985 1246 2169 1325; x_wconf 90' lang='lat' dir='ltr'>urbe,</span> <span class='ocrx_word' id='word_1_77' title='bbox 2194 1247 2258 1312; x_wconf 90' lang='lat' dir='ltr'>si</span> <span class='ocrx_word' id='word_1_78' title='bbox 2287 1266 2459 1331; x_wconf 77' lang='lat' dir='ltr'>pau·-</span> 
     </span>
     <span class='ocr_line' id='line_1_10' title="bbox 265 1347 2459 1435; baseline 0.004 -24"><span class='ocrx_word' id='word_1_79' title='bbox 265 1365 375 1411; x_wconf 91' lang='lat' dir='ltr'>cos</span> <span class='ocrx_word' id='word_1_80' title='bbox 399 1347 689 1413; x_wconf 81' lang='lat' dir='ltr'>misisset</span> <span class='ocrx_word' id='word_1_81' title='bbox 713 1348 948 1415; x_wconf 90' lang='lat' dir='ltr'>leviter</span> <span class='ocrx_word' id='word_1_82' title='bbox 996 1355 1308 1430; x_wconf 80' lang='lat' dir='ltr'>armatoS‚</span> <span class='ocrx_word' id='word_1_83' title='bbox 1354 1369 1558 1435; x_wconf 88' lang='lat' dir='ltr'>super</span> <span class='ocrx_word' id='word_1_84' title='bbox 1604 1350 1835 1435; x_wconf 90' lang='lat' dir='ltr'>capita</span> <span class='ocrx_word' id='word_1_85' title='bbox 1880 1349 2178 1417; x_wconf 88' lang='lat' dir='ltr'>hostium</span> <span class='ocrx_word' id='word_1_86' title='bbox 2219 1372 2459 1419; x_wconf 87' lang='lat' dir='ltr'>evasu—</span> 
     </span>
     <span class='ocr_line' id='line_1_11' title="bbox 264 1447 2461 1538; baseline 0.005 -27"><span class='ocrx_word' id='word_1_87' title='bbox 264 1447 407 1513; x_wconf 65' lang='lat' dir='ltr'>ros?</span> <span class='ocrx_word' id='word_1_88' title='bbox 487 1450 555 1516; x_wconf 88' lang='lat'>6.</span> <span class='ocrx_word' id='word_1_89' title='bbox 600 1449 774 1515; x_wconf 87' lang='lat' dir='ltr'>Cum</span> <span class='ocrx_word' id='word_1_90' title='bbox 802 1452 1156 1517; x_wconf 85' lang='lat' dir='ltr'>consilium</span> <span class='ocrx_word' id='word_1_91' title='bbox 1187 1454 1582 1538; x_wconf 84' lang='lat' dir='ltr'>placuisset,</span> <span class='ocrx_word' id='word_1_92' title='bbox 1611 1454 1816 1519; x_wconf 90' lang='lat' dir='ltr'>iidem</span> <span class='ocrx_word' id='word_1_93' title='bbox 1856 1453 2160 1530; x_wconf 82' lang='lat' dir='ltr'>itinerum</span> <span class='ocrx_word' id='word_1_94' title='bbox 2197 1454 2461 1523; x_wconf 85' lang='lat' dir='ltr'>suerunt</span> 
     </span>
     <span class='ocr_line' id='line_1_12' title="bbox 266 1550 2527 1640; baseline 0.005 -25"><span class='ocrx_word' id='word_1_95' title='bbox 266 1550 481 1617; x_wconf 77' lang='lat' dir='ltr'>duces·</span> <span class='ocrx_word' id='word_1_96' title='bbox 548 1570 626 1620; x_wconf 85' lang='lat' dir='ltr'>M.</span> <span class='ocrx_word' id='word_1_97' title='bbox 659 1560 731 1619; x_wconf 84' lang='lat' dir='ltr'>et</span> <span class='ocrx_word' id='word_1_98' title='bbox 778 1572 849 1617; x_wconf 86' lang='lat' dir='ltr'>D.</span> <span class='ocrx_word' id='word_1_99' title='bbox 876 1555 1185 1620; x_wconf 86' lang='lat' dir='ltr'><strong>mercede</strong></span> <span class='ocrx_word' id='word_1_100' title='bbox 1216 1556 1531 1622; x_wconf 90' lang='lat' dir='ltr'>conducti</span> <span class='ocrx_word' id='word_1_101' title='bbox 1577 1561 1646 1623; x_wconf 86' lang='lat' dir='ltr'>et</span> <span class='ocrx_word' id='word_1_102' title='bbox 1675 1556 1955 1640; x_wconf 82' lang='lat' dir='ltr'>Agriani</span> <span class='ocrx_word' id='word_1_103' title='bbox 1978 1557 2115 1622; x_wconf 88' lang='lat' dir='ltr'>sere</span> <span class='ocrx_word' id='word_1_104' title='bbox 2170 1576 2248 1622; x_wconf 86' lang='lat' dir='ltr'>M.</span> <span class='ocrx_word' id='word_1_105' title='bbox 2279 1560 2460 1626; x_wconf 70' lang='lat' dir='ltr'>&#39;Fau-</span> <span class='ocrx_word' id='word_1_106' title='bbox 2520 1581 2527 1618; x_wconf 82' lang='lat'><em>:</em></span> 
     </span>
     <span class='ocr_line' id='line_1_13' title="bbox 249 1656 2460 1746; baseline 0.005 -27"><span class='ocrx_word' id='word_1_107' title='bbox 249 1656 396 1720; x_wconf 62' lang='lat' dir='ltr'>ueni</span> <span class='ocrx_word' id='word_1_108' title='bbox 425 1656 746 1740; x_wconf 85' lang='lat' dir='ltr'>praefecto</span> <span class='ocrx_word' id='word_1_109' title='bbox 792 1658 959 1736; x_wconf 83' lang='lat' dir='ltr'>dati,</span> <span class='ocrx_word' id='word_1_110' title='bbox 1010 1678 1094 1724; x_wconf 92' lang='lat' dir='ltr'>ac</span> <span class='ocrx_word' id='word_1_111' title='bbox 1148 1662 1350 1744; x_wconf 75' lang='lat' dir='ltr'>‘post</span> <span class='ocrx_word' id='word_1_112' title='bbox 1398 1661 1568 1726; x_wconf 91' lang='lat' dir='ltr'>solis</span> <span class='ocrx_word' id='word_1_113' title='bbox 1613 1681 1932 1727; x_wconf 86' lang='lat' dir='ltr'>occasum</span> <span class='ocrx_word' id='word_1_114' title='bbox 1983 1662 2112 1727; x_wconf 90' lang='lat' dir='ltr'>iter</span> <span class='ocrx_word' id='word_1_115' title='bbox 2158 1663 2416 1746; x_wconf 87' lang='lat' dir='ltr'>ingredi</span> <span class='ocrx_word' id='word_1_116' title='bbox 2443 1665 2460 1691; x_wconf 91' lang='lat'>&#39;</span> 
     </span>
    </p>
   </div>
   <div class='ocr_carea' id='block_1_3' title="bbox 322 1836 1309 1923">
    <p class='ocr_par' dir='ltr' id='par_1_3' title="bbox 322 1836 1309 1923">
     <span class='ocr_line' id='line_1_14' title="bbox 322 1836 1309 1923; baseline 0.003 -20"><span class='ocrx_word' id='word_1_117' title='bbox 322 1836 343 1883; x_wconf 66' lang='lat'><strong><em>⁶</em></strong></span> <span class='ocrx_word' id='word_1_118' title='bbox 373 1854 529 1904; x_wconf 84' lang='lat' dir='ltr'><strong>Homo</strong></span> <span class='ocrx_word' id='word_1_119' title='bbox 551 1868 845 1920; x_wconf 76' lang='lat' dir='ltr'>nequaquam</span> <span class='ocrx_word' id='word_1_120' title='bbox 863 1856 1161 1921; x_wconf 70' lang='lat' dir='ltr'>temporaria·</span> <span class='ocrx_word' id='word_1_121' title='bbox 1165 1856 1309 1923; x_wconf 84' lang='lat' dir='ltr'>fidei.</span> 
     </span>
    </p>
   </div>
   <div class='ocr_carea' id='block_1_4' title="bbox 1173 1983 1535 2007">
    <p class='ocr_par' dir='ltr' id='par_1_4' title="bbox 1173 1983 1535 2007">
     <span class='ocr_line' id='line_1_15' title="bbox 1173 1983 1535 2007; baseline 0.003 -1"><span class='ocrx_word' id='word_1_122' title='bbox 1173 1983 1535 2007; x_wconf 57' lang='lat' dir='ltr'>OOOOOOOOOOOO</span> 
     </span>
    </p>
   </div>
   <div class='ocr_carea' id='block_1_5' title="bbox 256 2081 2472 3202">
    <p class='ocr_par' dir='ltr' id='par_1_5' title="bbox 256 2081 2471 2984">
     <span class='ocr_line' id='line_1_16' title="bbox 262 2081 2468 2151; baseline 0.001 -19"><span class='ocrx_word' id='word_1_123' title='bbox 262 2081 483 2135; x_wconf 76' lang='lat' dir='ltr'>Floreat.</span> <span class='ocrx_word' id='word_1_124' title='bbox 517 2084 836 2136; x_wconf 55' lang='lat' dir='ltr'>Leimvoss.</span> <span class='ocrx_word' id='word_1_125' title='bbox 862 2091 910 2137; x_wconf 93' lang='lat' dir='ltr'>l.</span> <span class='ocrx_word' id='word_1_126' title='bbox 949 2090 999 2137; x_wconf 98' lang='grc'>2.</span> <span class='ocrx_word' id='word_1_127' title='bbox 1034 2086 1160 2137; x_wconf 85' lang='lat' dir='ltr'>Bas.</span> <span class='ocrx_word' id='word_1_128' title='bbox 1185 2085 1307 2137; x_wconf 81' lang='lat' dir='ltr'>Ald.</span> <span class='ocrx_word' id='word_1_129' title='bbox 1337 2088 1473 2138; x_wconf 86' lang='lat' dir='ltr'>Mer.</span> <span class='ocrx_word' id='word_1_130' title='bbox 1514 2093 1570 2136; x_wconf 86' lang='lat' dir='ltr'>et</span> <span class='ocrx_word' id='word_1_131' title='bbox 1609 2086 1722 2137; x_wconf 87' lang='lat' dir='ltr'>Col.</span> <span class='ocrx_word' id='word_1_132' title='bbox 1761 2092 1810 2139; x_wconf 76' lang='lat' dir='ltr'>et</span> <span class='ocrx_word' id='word_1_133' title='bbox 1849 2086 2082 2149; x_wconf 75' lang='lat' dir='ltr'>Agrianis</span> <span class='ocrx_word' id='word_1_134' title='bbox 2116 2085 2468 2151; x_wconf 59' lang='lat' dir='ltr'>Sati-ioniaque.</span> 
     </span>
     <span class='ocr_line' id='line_1_17' title="bbox 260 2148 2465 2217; baseline 0.001 -19"><span class='ocrx_word' id='word_1_135' title='bbox 260 2148 277 2176; x_wconf 76' lang='lat'><strong>⁴</strong></span> <span class='ocrx_word' id='word_1_136' title='bbox 294 2150 571 2199; x_wconf 79' lang='lat' dir='ltr'>Loccenius</span> <span class='ocrx_word' id='word_1_137' title='bbox 593 2165 693 2201; x_wconf 88' lang='lat' dir='ltr'>non</span> <span class='ocrx_word' id='word_1_138' title='bbox 716 2152 851 2202; x_wconf 83' lang='lat' dir='ltr'>male</span> <span class='ocrx_word' id='word_1_139' title='bbox 873 2151 1008 2217; x_wconf 87' lang='lat' dir='ltr'>conj.</span> <span class='ocrx_word' id='word_1_140' title='bbox 1031 2157 1080 2202; x_wconf 76' lang='lat' dir='ltr'>et</span> <span class='ocrx_word' id='word_1_141' title='bbox 1108 2153 1345 2215; x_wconf 77' lang='lat' dir='ltr'>Agrianis</span> <span class='ocrx_word' id='word_1_142' title='bbox 1366 2152 1732 2217; x_wconf 65' lang='lat' dir='ltr'>sagittariisque</span> <span class='ocrx_word' id='word_1_143' title='bbox 1743 2167 1765 2210; x_wconf 88' lang='lat'>,·</span> <span class='ocrx_word' id='word_1_144' title='bbox 1797 2167 1917 2203; x_wconf 89' lang='lat' dir='ltr'>nam</span> <span class='ocrx_word' id='word_1_145' title='bbox 1943 2151 2182 2216; x_wconf 79' lang='lat' dir='ltr'>Agrianis</span> <span class='ocrx_word' id='word_1_146' title='bbox 2206 2152 2465 2213; x_wconf 76' lang='lat' dir='ltr'>sagittarii</span> 
     </span>
     <span class='ocr_line' id='line_1_18' title="bbox 256 2212 2464 2283; baseline 0.002 -22"><span class='ocrx_word' id='word_1_147' title='bbox 256 2212 395 2279; x_wconf 80' lang='lat' dir='ltr'>jungi</span> <span class='ocrx_word' id='word_1_148' title='bbox 415 2218 601 2266; x_wconf 86' lang='lat' dir='ltr'>solent.</span> <span class='ocrx_word' id='word_1_149' title='bbox 667 2216 924 2267; x_wconf 83' lang='lat' dir='ltr'>Defendit</span> <span class='ocrx_word' id='word_1_150' title='bbox 955 2227 1131 2268; x_wconf 88' lang='lat' dir='ltr'>tamen</span> <span class='ocrx_word' id='word_1_151' title='bbox 1154 2218 1306 2268; x_wconf 88' lang='lat' dir='ltr'>codd.</span> <span class='ocrx_word' id='word_1_152' title='bbox 1325 2219 1602 2269; x_wconf 87' lang='lat' dir='ltr'>lectionem</span> <span class='ocrx_word' id='word_1_153' title='bbox 1629 2218 1937 2268; x_wconf 83' lang='lat' dir='ltr'>Holstenius</span> <span class='ocrx_word' id='word_1_154' title='bbox 1962 2219 2027 2268; x_wconf 88' lang='lat' dir='ltr'>ad</span> <span class='ocrx_word' id='word_1_155' title='bbox 2051 2219 2235 2282; x_wconf 85' lang='lat' dir='ltr'>Steph.</span> <span class='ocrx_word' id='word_1_156' title='bbox 2254 2219 2384 2283; x_wconf 81' lang='lat' dir='ltr'><strong>Byz.</strong></span> <span class='ocrx_word' id='word_1_157' title='bbox 2412 2232 2464 2281; x_wconf 89' lang='lat' dir='ltr'>p.</span> 
     </span>
     <span class='ocr_line' id='line_1_19' title="bbox 262 2282 2466 2346; baseline 0.002 -19"><span class='ocrx_word' id='word_1_158' title='bbox 262 2282 369 2329; x_wconf 81' lang='grc'><strong>285.</strong></span> <span class='ocrx_word' id='word_1_159' title='bbox 434 2282 683 2333; x_wconf 86' lang='lat' dir='ltr'>Oeterum</span> <span class='ocrx_word' id='word_1_160' title='bbox 718 2298 836 2333; x_wconf 90' lang='lat' dir='ltr'>cum</span> <span class='ocrx_word' id='word_1_161' title='bbox 877 2283 1231 2333; x_wconf 79' lang='lat' dir='ltr'>Freinshemio</span> <span class='ocrx_word' id='word_1_162' title='bbox 1268 2285 1438 2334; x_wconf 87' lang='lat' dir='ltr'>locum</span> <span class='ocrx_word' id='word_1_163' title='bbox 1477 2284 1553 2335; x_wconf 81' lang='lat' dir='ltr'>sic</span> <span class='ocrx_word' id='word_1_164' title='bbox 1592 2284 2010 2335; x_wconf 76' lang='lat' dir='ltr'>constituendum</span> <span class='ocrx_word' id='word_1_165' title='bbox 2042 2295 2267 2335; x_wconf 68' lang='lat' dir='ltr'>censeor</span> <span class='ocrx_word' id='word_1_166' title='bbox 2321 2288 2466 2346; x_wconf 78' lang='lat' dir='ltr'>atque</span> 
     </span>
     <span class='ocr_line' id='line_1_20' title="bbox 263 2344 2464 2414; baseline 0.003 -22"><span class='ocrx_word' id='word_1_167' title='bbox 263 2344 533 2397; x_wconf 79' lang='lat' dir='ltr'>Groecorum</span> <span class='ocrx_word' id='word_1_168' title='bbox 571 2348 879 2399; x_wconf 70' lang='lat' dir='ltr'>meremur-iis</span> <span class='ocrx_word' id='word_1_169' title='bbox 908 2348 1160 2414; x_wconf 74' lang='lat' dir='ltr'>militibus,</span> <span class='ocrx_word' id='word_1_170' title='bbox 1184 2350 1340 2400; x_wconf 69' lang='lat' dir='ltr'>tribus</span> <span class='ocrx_word' id='word_1_171' title='bbox 1370 2350 1555 2400; x_wconf 81' lang='lat' dir='ltr'>additis</span> <span class='ocrx_word' id='word_1_172' title='bbox 1577 2350 1786 2400; x_wconf 78' lang='lat' dir='ltr'>millibus</span> <span class='ocrx_word' id='word_1_173' title='bbox 1824 2349 2097 2400; x_wconf 61' lang='lat' dir='ltr'>Thracum?</span> <span class='ocrx_word' id='word_1_174' title='bbox 2140 2347 2464 2400; x_wconf 84' lang='lat' dir='ltr'>Schmie&#39;der.</span> 
     </span>
     <span class='ocr_line' id='line_1_21' title="bbox 260 2408 2468 2480; baseline 0.003 -23"><span class='ocrx_word' id='word_1_175' title='bbox 260 2408 390 2460; x_wconf 85' lang='lat' dir='ltr'>Dan.</span> <span class='ocrx_word' id='word_1_176' title='bbox 411 2413 555 2464; x_wconf 89' lang='lat' dir='ltr'>Pith.</span> <span class='ocrx_word' id='word_1_177' title='bbox 578 2421 633 2463; x_wconf 91' lang='lat' dir='ltr'>et</span> <span class='ocrx_word' id='word_1_178' title='bbox 657 2413 853 2464; x_wconf 89' lang='lat' dir='ltr'>Fauch.</span> <span class='ocrx_word' id='word_1_179' title='bbox 874 2415 1191 2465; x_wconf 77' lang='lat' dir='ltr'>mercenarios</span> <span class='ocrx_word' id='word_1_180' title='bbox 1202 2431 1224 2475; x_wconf 90' lang='lat'>,·</span> <span class='ocrx_word' id='word_1_181' title='bbox 1259 2416 1407 2466; x_wconf 88' lang='lat' dir='ltr'>Leid.</span> <span class='ocrx_word' id='word_1_182' title='bbox 1432 2416 1584 2469; x_wconf 85' lang='lat' dir='ltr'>Voss.</span> <span class='ocrx_word' id='word_1_183' title='bbox 1604 2421 1652 2466; x_wconf 89' lang='lat'>1.</span> <span class='ocrx_word' id='word_1_184' title='bbox 1674 2423 1728 2466; x_wconf 86' lang='lat' dir='ltr'>et</span> <span class='ocrx_word' id='word_1_185' title='bbox 1749 2417 1917 2480; x_wconf 85' lang='lat' dir='ltr'>Bong.</span> <span class='ocrx_word' id='word_1_186' title='bbox 1939 2415 2230 2466; x_wconf 73' lang='lat' dir='ltr'>mercenario</span> <span class='ocrx_word' id='word_1_187' title='bbox 2250 2430 2263 2444; x_wconf 93' lang='lat'><strong>·</strong></span> <span class='ocrx_word' id='word_1_188' title='bbox 2297 2414 2468 2478; x_wconf 86' lang='lat' dir='ltr'>Lugd.</span> 
     </span>
     <span class='ocr_line' id='line_1_22' title="bbox 264 2452 2469 2533; baseline 0.002 -8"><span class='ocrx_word' id='word_1_189' title='bbox 264 2483 312 2526; x_wconf 82' lang='lat' dir='ltr'>et</span> <span class='ocrx_word' id='word_1_190' title='bbox 331 2476 498 2530; x_wconf 80' lang='lat' dir='ltr'>Amst.</span> <span class='ocrx_word' id='word_1_191' title='bbox 520 2481 936 2530; x_wconf 57' lang='lat' dir='ltr'>mamam-um.</span> <span class='ocrx_word' id='word_1_192' title='bbox 1005 2482 1238 2532; x_wconf 72' lang='lat' dir='ltr'>morem.</span> <span class='ocrx_word' id='word_1_193' title='bbox 1266 2482 1412 2533; x_wconf 73' lang='lat' dir='ltr'>Lem.</span> <span class='ocrx_word' id='word_1_194' title='bbox 1436 2483 1588 2533; x_wconf 73' lang='lat' dir='ltr'>voss.</span> <span class='ocrx_word' id='word_1_195' title='bbox 1628 2487 1676 2532; x_wconf 89' lang='lat'>1.</span> <span class='ocrx_word' id='word_1_196' title='bbox 1711 2486 1762 2532; x_wconf 77' lang='lat'>2.</span> <span class='ocrx_word' id='word_1_197' title='bbox 1783 2483 1940 2533; x_wconf 77' lang='lat' dir='ltr'>Frob.</span> <span class='ocrx_word' id='word_1_198' title='bbox 1965 2489 2020 2532; x_wconf 78' lang='lat' dir='ltr'>et</span> <span class='ocrx_word' id='word_1_199' title='bbox 2053 2481 2167 2532; x_wconf 78' lang='lat'><strong>001.</strong></span> <span class='ocrx_word' id='word_1_200' title='bbox 2190 2452 2469 2532; x_wconf 56' lang='lat' dir='ltr'>dammi-</span> 
     </span>
     <span class='ocr_line' id='line_1_23' title="bbox 261 2541 2464 2615; baseline 0.003 -27"><span class='ocrx_word' id='word_1_201' title='bbox 261 2541 356 2603; x_wconf 80' lang='lat' dir='ltr'>bus,</span> <span class='ocrx_word' id='word_1_202' title='bbox 375 2546 462 2595; x_wconf 84' lang='lat' dir='ltr'>sed</span> <span class='ocrx_word' id='word_1_203' title='bbox 488 2546 747 2609; x_wconf 83' lang='lat' dir='ltr'>posterius</span> <span class='ocrx_word' id='word_1_204' title='bbox 767 2545 975 2596; x_wconf 84' lang='lat' dir='ltr'>millibus</span> <span class='ocrx_word' id='word_1_205' title='bbox 997 2547 1243 2596; x_wconf 83' lang='lat' dir='ltr'>omittunt</span> <span class='ocrx_word' id='word_1_206' title='bbox 1264 2548 1419 2597; x_wconf 84' lang='lat' dir='ltr'>Voss.</span> <span class='ocrx_word' id='word_1_207' title='bbox 1445 2552 1493 2598; x_wconf 93' lang='grc'>1.</span> <span class='ocrx_word' id='word_1_208' title='bbox 1514 2552 1564 2599; x_wconf 89' lang='grc'>2.</span> <span class='ocrx_word' id='word_1_209' title='bbox 1602 2548 1834 2599; x_wconf 86' lang='lat' dir='ltr'>Florent.</span> <span class='ocrx_word' id='word_1_210' title='bbox 1853 2547 2002 2598; x_wconf 88' lang='lat' dir='ltr'>Leid.</span> <span class='ocrx_word' id='word_1_211' title='bbox 2025 2547 2242 2615; x_wconf 79' lang='lat' dir='ltr'>Venett.</span> <span class='ocrx_word' id='word_1_212' title='bbox 2263 2547 2464 2596; x_wconf 84' lang='lat' dir='ltr'>Veron.</span> 
     </span>
     <span class='ocr_line' id='line_1_24' title="bbox 265 2607 2468 2676; baseline 0.003 -22"><span class='ocrx_word' id='word_1_213' title='bbox 265 2607 402 2657; x_wconf 79' lang='lat' dir='ltr'>Rom.</span> <span class='ocrx_word' id='word_1_214' title='bbox 421 2616 475 2661; x_wconf 86' lang='lat' dir='ltr'>et</span> <span class='ocrx_word' id='word_1_215' title='bbox 490 2611 732 2662; x_wconf 67' lang='lat' dir='ltr'>Men—4</span> <span class='ocrx_word' id='word_1_216' title='bbox 750 2613 941 2676; x_wconf 85' lang='lat' dir='ltr'>Vulgg.</span> <span class='ocrx_word' id='word_1_217' title='bbox 962 2619 1085 2661; x_wconf 83' lang='lat' dir='ltr'>ante</span> <span class='ocrx_word' id='word_1_218' title='bbox 1109 2612 1344 2664; x_wconf 83' lang='lat' dir='ltr'>Freinsh.</span> <span class='ocrx_word' id='word_1_219' title='bbox 1366 2613 1661 2671; x_wconf 69' lang='lat' dir='ltr'>Maduthe35</span> <span class='ocrx_word' id='word_1_220' title='bbox 1685 2613 1836 2662; x_wconf 81' lang='lat' dir='ltr'>Voss.</span> <span class='ocrx_word' id='word_1_221' title='bbox 1858 2617 1908 2664; x_wconf 83' lang='lat'>2.</span> <span class='ocrx_word' id='word_1_222' title='bbox 1930 2613 2205 2660; x_wconf 79' lang='lat' dir='ltr'>Mandatcs.</span> <span class='ocrx_word' id='word_1_223' title='bbox 2240 2610 2468 2661; x_wconf 84' lang='lat' dir='ltr'>Florent.</span> 
     </span>
     <span class='ocr_line' id='line_1_25' title="bbox 259 2670 2468 2745; baseline 0.003 -25"><span class='ocrx_word' id='word_1_224' title='bbox 259 2670 395 2722; x_wconf 86' lang='lat' dir='ltr'>Leid.</span> <span class='ocrx_word' id='word_1_225' title='bbox 412 2677 563 2726; x_wconf 84' lang='lat' dir='ltr'>Voss.</span> <span class='ocrx_word' id='word_1_226' title='bbox 584 2681 632 2727; x_wconf 91' lang='lat'>1.</span> <span class='ocrx_word' id='word_1_227' title='bbox 652 2681 705 2725; x_wconf 90' lang='lat' dir='ltr'>et</span> <span class='ocrx_word' id='word_1_228' title='bbox 726 2678 894 2745; x_wconf 65' lang='grc' dir='ltr'><strong>Βοῦς.</strong></span> <span class='ocrx_word' id='word_1_229' title='bbox 913 2676 1163 2728; x_wconf 86' lang='lat' dir='ltr'>omittunt</span> <span class='ocrx_word' id='word_1_230' title='bbox 1177 2678 1333 2740; x_wconf 73' lang='lat' dir='ltr'>hujus.</span> <span class='ocrx_word' id='word_1_231' title='bbox 1369 2678 1601 2728; x_wconf 84' lang='lat' dir='ltr'>Florem.</span> <span class='ocrx_word' id='word_1_232' title='bbox 1626 2678 1778 2727; x_wconf 84' lang='lat' dir='ltr'>Voss.</span> <span class='ocrx_word' id='word_1_233' title='bbox 1796 2683 1842 2728; x_wconf 90' lang='lat'>1.</span> <span class='ocrx_word' id='word_1_234' title='bbox 1860 2680 1910 2726; x_wconf 88' lang='grc'>2.</span> <span class='ocrx_word' id='word_1_235' title='bbox 1936 2676 2083 2727; x_wconf 70' lang='lat' dir='ltr'>[aeid.</span> <span class='ocrx_word' id='word_1_236' title='bbox 2107 2676 2224 2726; x_wconf 85' lang='lat' dir='ltr'>Pal.</span> <span class='ocrx_word' id='word_1_237' title='bbox 2244 2680 2292 2726; x_wconf 92' lang='grc'>1.</span> <span class='ocrx_word' id='word_1_238' title='bbox 2326 2677 2468 2727; x_wconf 80' lang='lat' dir='ltr'>Dan.</span> 
     </span>
     <span class='ocr_line' id='line_1_26' title="bbox 263 2736 2469 2806; baseline 0.003 -22"><span class='ocrx_word' id='word_1_239' title='bbox 263 2736 397 2788; x_wconf 79' lang='lat' dir='ltr'>Pith.</span> <span class='ocrx_word' id='word_1_240' title='bbox 438 2742 563 2792; x_wconf 79' lang='lat' dir='ltr'>Pur.</span> <span class='ocrx_word' id='word_1_241' title='bbox 604 2743 799 2792; x_wconf 83' lang='lat' dir='ltr'>Fauch.</span> <span class='ocrx_word' id='word_1_242' title='bbox 837 2742 986 2792; x_wconf 90' lang='lat' dir='ltr'>Mod.</span> <span class='ocrx_word' id='word_1_243' title='bbox 1012 2743 1129 2793; x_wconf 84' lang='lat' dir='ltr'>Col.</span> <span class='ocrx_word' id='word_1_244' title='bbox 1172 2747 1318 2793; x_wconf 83' lang='grc'><strong>1579.</strong></span> <span class='ocrx_word' id='word_1_245' title='bbox 1357 2743 1526 2806; x_wconf 82' lang='lat' dir='ltr'>Lugd.</span> <span class='ocrx_word' id='word_1_246' title='bbox 1559 2747 1706 2793; x_wconf 77' lang='lat'><strong>1584.</strong></span> <span class='ocrx_word' id='word_1_247' title='bbox 1742 2746 1890 2792; x_wconf 82' lang='grc'><strong>1588.</strong></span> <span class='ocrx_word' id='word_1_248' title='bbox 1930 2746 2076 2800; x_wconf 81' lang='lat'><strong>1591.</strong></span> <span class='ocrx_word' id='word_1_249' title='bbox 2115 2741 2287 2791; x_wconf 82' lang='lat' dir='ltr'>Amst.</span> <span class='ocrx_word' id='word_1_250' title='bbox 2325 2745 2469 2791; x_wconf 82' lang='grc'><strong>1621.</strong></span> 
     </span>
     <span class='ocr_line' id='line_1_27' title="bbox 264 2806 2468 2872; baseline 0.002 -21"><span class='ocrx_word' id='word_1_251' title='bbox 264 2806 401 2853; x_wconf 86' lang='grc'><strong>1628.</strong></span> <span class='ocrx_word' id='word_1_252' title='bbox 422 2811 570 2859; x_wconf 82' lang='grc'><strong>1629.</strong></span> <span class='ocrx_word' id='word_1_253' title='bbox 596 2811 743 2858; x_wconf 82' lang='grc'><strong>1686.</strong></span> <span class='ocrx_word' id='word_1_254' title='bbox 764 2807 958 2859; x_wconf 81' lang='lat' dir='ltr'>cellar.</span> <span class='ocrx_word' id='word_1_255' title='bbox 981 2807 1119 2858; x_wconf 83' lang='lat' dir='ltr'><strong>Tell.</strong></span> <span class='ocrx_word' id='word_1_256' title='bbox 1139 2809 1323 2859; x_wconf 86' lang='lat' dir='ltr'>Maitt.</span> <span class='ocrx_word' id='word_1_257' title='bbox 1338 2808 1688 2859; x_wconf 66' lang='lat' dir='ltr'>Snak.,Barb.</span> <span class='ocrx_word' id='word_1_258' title='bbox 1708 2813 1766 2865; x_wconf 84' lang='lat' dir='ltr'>et</span> <span class='ocrx_word' id='word_1_259' title='bbox 1788 2807 1908 2872; x_wconf 66' lang='lat' dir='ltr'>Rip,</span> <span class='ocrx_word' id='word_1_260' title='bbox 1928 2809 2182 2864; x_wconf 85' lang='lat' dir='ltr'>omittunt</span> <span class='ocrx_word' id='word_1_261' title='bbox 2197 2809 2468 2870; x_wconf 72' lang='lat' dir='ltr'>munorum,</span> 
     </span>
     <span class='ocr_line' id='line_1_28' title="bbox 261 2871 2471 2984; baseline 0.002 -66"><span class='ocrx_word' id='word_1_262' title='bbox 261 2871 389 2984; x_wconf 65' lang='lat' dir='ltr'>quod</span> <span class='ocrx_word' id='word_1_263' title='bbox 421 2880 599 2924; x_wconf 86' lang='lat' dir='ltr'>tamen</span> <span class='ocrx_word' id='word_1_264' title='bbox 632 2873 884 2923; x_wconf 82' lang='lat' dir='ltr'>exhibent</span> <span class='ocrx_word' id='word_1_265' title='bbox 921 2875 1091 2936; x_wconf 87' lang='lat' dir='ltr'>Bong.</span> <span class='ocrx_word' id='word_1_266' title='bbox 1127 2873 1226 2923; x_wconf 88' lang='lat' dir='ltr'>Ed.</span> <span class='ocrx_word' id='word_1_267' title='bbox 1266 2889 1345 2938; x_wconf 86' lang='lat' dir='ltr'>pr.</span> <span class='ocrx_word' id='word_1_268' title='bbox 1368 2875 1588 2931; x_wconf 81' lang='lat' dir='ltr'>Venett.</span> <span class='ocrx_word' id='word_1_269' title='bbox 1624 2875 1823 2924; x_wconf 71' lang='lat' dir='ltr'>Vero&#39;m</span> <span class='ocrx_word' id='word_1_270' title='bbox 1855 2874 2005 2924; x_wconf 86' lang='lat' dir='ltr'>Rom.</span> <span class='ocrx_word' id='word_1_271' title='bbox 2037 2874 2162 2936; x_wconf 84' lang='lat' dir='ltr'>Vet.</span> <span class='ocrx_word' id='word_1_272' title='bbox 2202 2888 2285 2923; x_wconf 89' lang='lat' dir='ltr'>an.</span> <span class='ocrx_word' id='word_1_273' title='bbox 2323 2877 2471 2926; x_wconf 83' lang='grc'><strong>1474.</strong></span> 
     </span>
    </p>

    <p class='ocr_par' dir='ltr' id='par_1_6' title="bbox 258 2938 2472 3202">
     <span class='ocr_line' id='line_1_29' title="bbox 297 2938 2472 3003; baseline 0.001 -19"><span class='ocrx_word' id='word_1_274' title='bbox 297 2944 401 2987; x_wconf 88' lang='lat' dir='ltr'>unt.</span> <span class='ocrx_word' id='word_1_275' title='bbox 427 2938 546 2990; x_wconf 81' lang='lat' dir='ltr'>Ald.</span> <span class='ocrx_word' id='word_1_276' title='bbox 571 2939 738 2988; x_wconf 87' lang='lat' dir='ltr'>Colin.</span> <span class='ocrx_word' id='word_1_277' title='bbox 768 2938 971 3003; x_wconf 85' lang='lat' dir='ltr'>Gryph.</span> <span class='ocrx_word' id='word_1_278' title='bbox 1004 2940 1127 2988; x_wconf 84' lang='lat' dir='ltr'>Bas.</span> <span class='ocrx_word' id='word_1_279' title='bbox 1157 2940 1295 2990; x_wconf 88' lang='lat' dir='ltr'>Mer.</span> <span class='ocrx_word' id='word_1_280' title='bbox 1320 2941 1433 2992; x_wconf 76' lang='lat' dir='ltr'>Coi.</span> <span class='ocrx_word' id='word_1_281' title='bbox 1474 2949 1529 2991; x_wconf 90' lang='lat' dir='ltr'>et</span> <span class='ocrx_word' id='word_1_282' title='bbox 1567 2940 1762 2989; x_wconf 82' lang='lat' dir='ltr'>Fauch.</span> <span class='ocrx_word' id='word_1_283' title='bbox 1801 2939 1937 2989; x_wconf 88' lang='lat' dir='ltr'>Vide</span> <span class='ocrx_word' id='word_1_284' title='bbox 1965 2940 2088 2990; x_wconf 89' lang='lat' dir='ltr'>Not.</span> <span class='ocrx_word' id='word_1_285' title='bbox 2112 2938 2335 2989; x_wconf 84' lang='lat' dir='ltr'>Var.—-5</span> <span class='ocrx_word' id='word_1_286' title='bbox 2371 2939 2472 2988; x_wconf 80' lang='lat' dir='ltr'>Sed</span> 
     </span>
     <span class='ocr_line' id='line_1_30' title="bbox 258 3003 2471 3068; baseline 0.002 -20"><span class='ocrx_word' id='word_1_287' title='bbox 258 3003 563 3062; x_wconf 78' lang='lat' dir='ltr'>periculosum</span> <span class='ocrx_word' id='word_1_288' title='bbox 585 3004 725 3054; x_wconf 88' lang='lat' dir='ltr'>Mer.</span> <span class='ocrx_word' id='word_1_289' title='bbox 746 3020 924 3068; x_wconf 79' lang='lat' dir='ltr'>paucos</span> <span class='ocrx_word' id='word_1_290' title='bbox 946 3004 1099 3055; x_wconf 86' lang='lat' dir='ltr'>deest</span> <span class='ocrx_word' id='word_1_291' title='bbox 1138 3005 1191 3054; x_wconf 86' lang='lat' dir='ltr'>in</span> <span class='ocrx_word' id='word_1_292' title='bbox 1215 3007 1366 3063; x_wconf 75' lang='lat' dir='ltr'>VosS.</span> <span class='ocrx_word' id='word_1_293' title='bbox 1403 3009 1453 3054; x_wconf 82' lang='lat'>2.</span> <span class='ocrx_word' id='word_1_294' title='bbox 1492 3006 1761 3056; x_wconf 77' lang='lat' dir='ltr'>immisisset</span> <span class='ocrx_word' id='word_1_295' title='bbox 1796 3004 1965 3055; x_wconf 74' lang='lat' dir='ltr'>leviter</span> <span class='ocrx_word' id='word_1_296' title='bbox 1988 3006 2142 3054; x_wconf 85' lang='lat' dir='ltr'>Voss.</span> <span class='ocrx_word' id='word_1_297' title='bbox 2173 3008 2221 3054; x_wconf 89' lang='grc'>2.</span> <span class='ocrx_word' id='word_1_298' title='bbox 2257 3011 2313 3055; x_wconf 90' lang='lat' dir='ltr'>et</span> <span class='ocrx_word' id='word_1_299' title='bbox 2346 3004 2471 3054; x_wconf 81' lang='lat' dir='ltr'>Ald.</span> 
     </span>
     <span class='ocr_line' id='line_1_31' title="bbox 263 3069 2469 3136; baseline 0.001 -21"><span class='ocrx_word' id='word_1_300' title='bbox 263 3072 351 3115; x_wconf 80' lang='lat'>——6</span> <span class='ocrx_word' id='word_1_301' title='bbox 384 3069 614 3120; x_wconf 82' lang='lat' dir='ltr'>Florem.</span> <span class='ocrx_word' id='word_1_302' title='bbox 640 3070 789 3121; x_wconf 88' lang='lat' dir='ltr'>Leid.</span> <span class='ocrx_word' id='word_1_303' title='bbox 814 3072 963 3121; x_wconf 58' lang='lat' dir='ltr'>Vos&amp;</span> <span class='ocrx_word' id='word_1_304' title='bbox 999 3076 1047 3122; x_wconf 89' lang='lat'>1.</span> <span class='ocrx_word' id='word_1_305' title='bbox 1079 3076 1128 3120; x_wconf 91' lang='grc'>2.</span> <span class='ocrx_word' id='word_1_306' title='bbox 1166 3071 1307 3121; x_wconf 75' lang='lat' dir='ltr'>idem’</span> <span class='ocrx_word' id='word_1_307' title='bbox 1328 3072 1365 3121; x_wconf 90' lang='lat' dir='ltr'>i.</span> <span class='ocrx_word' id='word_1_308' title='bbox 1390 3073 1441 3132; x_wconf 86' lang='lat' dir='ltr'>f.</span> <span class='ocrx_word' id='word_1_309' title='bbox 1480 3073 1636 3125; x_wconf 80' lang='lat' dir='ltr'>duces.</span> <span class='ocrx_word' id='word_1_310' title='bbox 1703 3072 1896 3136; x_wconf 79' lang='lat' dir='ltr'>Vulgg.</span> <span class='ocrx_word' id='word_1_311' title='bbox 1921 3071 2051 3122; x_wconf 82' lang='lat' dir='ltr'>MD.</span> <span class='ocrx_word' id='word_1_312' title='bbox 2076 3071 2214 3120; x_wconf 76' lang='lat' dir='ltr'>Dan.</span> <span class='ocrx_word' id='word_1_313' title='bbox 2248 3084 2469 3120; x_wconf 82' lang='lat' dir='ltr'>vacuum</span> 
     </span>
     <span class='ocr_line' id='line_1_32' title="bbox 263 3129 2468 3202; baseline 0.003 -23"><span class='ocrx_word' id='word_1_314' title='bbox 263 3129 410 3185; x_wconf 80' lang='lat' dir='ltr'>habet</span> <span class='ocrx_word' id='word_1_315' title='bbox 433 3136 659 3202; x_wconf 83' lang='lat' dir='ltr'>spatium</span> <span class='ocrx_word' id='word_1_316' title='bbox 682 3136 823 3187; x_wconf 90' lang='lat' dir='ltr'>inter</span> <span class='ocrx_word' id='word_1_317' title='bbox 845 3138 1053 3188; x_wconf 79' lang='lat' dir='ltr'>mercede</span> <span class='ocrx_word' id='word_1_318' title='bbox 1074 3144 1132 3187; x_wconf 88' lang='lat' dir='ltr'>et</span> <span class='ocrx_word' id='word_1_319' title='bbox 1153 3136 1389 3188; x_wconf 77' lang='lat' dir='ltr'>conducti.</span> <span class='ocrx_word' id='word_1_320' title='bbox 1424 3138 1572 3187; x_wconf 81' lang='lat' dir='ltr'>Voss.</span> <span class='ocrx_word' id='word_1_321' title='bbox 1598 3142 1645 3187; x_wconf 92' lang='lat'>1.</span> <span class='ocrx_word' id='word_1_322' title='bbox 1671 3138 1868 3188; x_wconf 87' lang='lat' dir='ltr'>omittit</span> <span class='ocrx_word' id='word_1_323' title='bbox 1900 3137 1977 3188; x_wconf 89' lang='lat' dir='ltr'>M.</span> <span class='ocrx_word' id='word_1_324' title='bbox 2002 3143 2121 3202; x_wconf 84' lang='lat' dir='ltr'>post</span> <span class='ocrx_word' id='word_1_325' title='bbox 2131 3135 2260 3197; x_wconf 82' lang='lat' dir='ltr'>sere.</span> <span class='ocrx_word' id='word_1_326' title='bbox 2330 3136 2468 3187; x_wconf 78' lang='lat' dir='ltr'>Pith.</span> 
     </span>
    </p>
   </div>
   <div class='ocr_carea' id='block_1_6' title="bbox 1246 3230 1468 3289">
    <p class='ocr_par' dir='ltr' id='par_1_7' title="bbox 1246 3230 1468 3289">
     <span class='ocr_line' id='line_1_33' title="bbox 1246 3230 1468 3289; baseline 0 -2"><span class='ocrx_word' id='word_1_327' title='bbox 1246 3230 1468 3289; x_wconf 74' lang='lat' dir='ltr'>No&#39;rAE</span> 
     </span>
    </p>
   </div>
   <div class='ocr_carea' id='block_1_7' title="bbox 263 3332 1323 3943">
    <p class='ocr_par' dir='ltr' id='par_1_8' title="bbox 263 3332 1323 3943">
     <span class='ocr_line' id='line_1_34' title="bbox 322 3332 1320 3400; baseline 0.002 -16"><span class='ocrx_word' id='word_1_328' title='bbox 322 3339 341 3364; x_wconf 77' lang='lat'><strong>⁰</strong></span> <span class='ocrx_word' id='word_1_329' title='bbox 373 3332 873 3400; x_wconf 70' lang='lat' dir='ltr'>Regiouem&#39;Uae-ior.]</span> <span class='ocrx_word' id='word_1_330' title='bbox 940 3334 1196 3387; x_wconf 82' lang='lat' dir='ltr'>Uxiorum</span> <span class='ocrx_word' id='word_1_331' title='bbox 1234 3337 1320 3386; x_wconf 88' lang='lat' dir='ltr'>alii</span> 
     </span>
     <span class='ocr_line' id='line_1_35' title="bbox 264 3414 1320 3480; baseline 0.007 -22"><span class='ocrx_word' id='word_1_332' title='bbox 264 3421 606 3476; x_wconf 68' lang='lat' dir='ltr'>campestre-⁶13</span> <span class='ocrx_word' id='word_1_333' title='bbox 629 3415 682 3464; x_wconf 89' lang='lat' dir='ltr'>hi</span> <span class='ocrx_word' id='word_1_334' title='bbox 705 3416 881 3465; x_wconf 84' lang='lat' dir='ltr'>statim</span> <span class='ocrx_word' id='word_1_335' title='bbox 905 3414 1209 3466; x_wconf 81' lang='lat' dir='ltr'>Alexandro</span> <span class='ocrx_word' id='word_1_336' title='bbox 1232 3431 1320 3480; x_wconf 87' lang='lat' dir='ltr'>pa·</span> 
     </span>
     <span class='ocr_line' id='line_1_36' title="bbox 263 3492 1322 3558; baseline 0.008 -24"><span class='ocrx_word' id='word_1_337' title='bbox 263 3496 506 3554; x_wconf 86' lang='lat' dir='ltr'>ruerunt;</span> <span class='ocrx_word' id='word_1_338' title='bbox 540 3492 629 3541; x_wconf 86' lang='lat' dir='ltr'>alii</span> <span class='ocrx_word' id='word_1_339' title='bbox 650 3493 903 3557; x_wconf 86' lang='lat' dir='ltr'>montani,</span> <span class='ocrx_word' id='word_1_340' title='bbox 929 3494 1018 3558; x_wconf 89' lang='lat' dir='ltr'>qui</span> <span class='ocrx_word' id='word_1_341' title='bbox 1044 3493 1322 3543; x_wconf 83' lang='lat' dir='ltr'>transitum</span> 
     </span>
     <span class='ocr_line' id='line_1_37' title="bbox 264 3561 1323 3636; baseline 0.008 -24"><span class='ocrx_word' id='word_1_342' title='bbox 264 3561 480 3616; x_wconf 83' lang='lat' dir='ltr'>daturos</span> <span class='ocrx_word' id='word_1_343' title='bbox 506 3578 769 3635; x_wconf 86' lang='lat' dir='ltr'>negarunt</span> <span class='ocrx_word' id='word_1_344' title='bbox 798 3571 896 3621; x_wconf 87' lang='lat' dir='ltr'>nisi</span> <span class='ocrx_word' id='word_1_345' title='bbox 932 3570 1185 3622; x_wconf 87' lang='lat' dir='ltr'>tributum</span> <span class='ocrx_word' id='word_1_346' title='bbox 1209 3572 1323 3636; x_wconf 86' lang='lat' dir='ltr'>ipse</span> 
     </span>
     <span class='ocr_line' id='line_1_38' title="bbox 263 3641 1322 3711; baseline 0.008 -22"><span class='ocrx_word' id='word_1_347' title='bbox 263 3641 529 3704; x_wconf 83' lang='lat' dir='ltr'>penderet,</span> <span class='ocrx_word' id='word_1_348' title='bbox 554 3647 690 3710; x_wconf 89' lang='lat' dir='ltr'>quod</span> <span class='ocrx_word' id='word_1_349' title='bbox 731 3662 761 3696; x_wconf 89' lang='lat' dir='ltr'>a</span> <span class='ocrx_word' id='word_1_350' title='bbox 795 3648 1080 3698; x_wconf 83' lang='lat' dir='ltr'>Persarum</span> <span class='ocrx_word' id='word_1_351' title='bbox 1116 3646 1322 3711; x_wconf 83' lang='lat' dir='ltr'>regibus</span> 
     </span>
     <span class='ocr_line' id='line_1_39' title="bbox 265 3719 1323 3788; baseline 0.008 -22"><span class='ocrx_word' id='word_1_352' title='bbox 265 3719 467 3785; x_wconf 82' lang='lat' dir='ltr'>exigere</span> <span class='ocrx_word' id='word_1_353' title='bbox 491 3739 588 3788; x_wconf 86' lang='lat' dir='ltr'>pro</span> <span class='ocrx_word' id='word_1_354' title='bbox 608 3730 901 3775; x_wconf 82' lang='lat' dir='ltr'>commeatu</span> <span class='ocrx_word' id='word_1_355' title='bbox 923 3724 1175 3775; x_wconf 85' lang='lat' dir='ltr'>solebant.</span> <span class='ocrx_word' id='word_1_356' title='bbox 1214 3725 1323 3787; x_wconf 87' lang='lat' dir='ltr'>Ita·</span> 
     </span>
     <span class='ocr_line' id='line_1_40' title="bbox 266 3801 1323 3864; baseline 0.006 -19"><span class='ocrx_word' id='word_1_357' title='bbox 266 3809 359 3859; x_wconf 91' lang='lat' dir='ltr'>que</span> <span class='ocrx_word' id='word_1_358' title='bbox 380 3814 531 3864; x_wconf 85' lang='lat' dir='ltr'>quem</span> <span class='ocrx_word' id='word_1_359' title='bbox 557 3801 633 3851; x_wconf 89' lang='lat' dir='ltr'>ait</span> <span class='ocrx_word' id='word_1_360' title='bbox 660 3801 871 3851; x_wconf 88' lang='lat' dir='ltr'>Curtius</span> <span class='ocrx_word' id='word_1_361' title='bbox 903 3802 1042 3851; x_wconf 88' lang='lat' dir='ltr'>inter</span> <span class='ocrx_word' id='word_1_362' title='bbox 1073 3801 1323 3852; x_wconf 85' lang='lat' dir='ltr'>Susianos</span> 
     </span>
     <span class='ocr_line' id='line_1_41' title="bbox 266 3875 1322 3943; baseline 0.009 -22"><span class='ocrx_word' id='word_1_363' title='bbox 266 3880 317 3922; x_wconf 89' lang='lat' dir='ltr'>et</span> <span class='ocrx_word' id='word_1_364' title='bbox 336 3875 496 3928; x_wconf 83' lang='lat' dir='ltr'>Uxios</span> <span class='ocrx_word' id='word_1_365' title='bbox 531 3884 731 3929; x_wconf 89' lang='lat' dir='ltr'>arctum</span> <span class='ocrx_word' id='word_1_366' title='bbox 766 3878 962 3930; x_wconf 88' lang='lat' dir='ltr'>aditum</span> <span class='ocrx_word' id='word_1_367' title='bbox 999 3895 1131 3943; x_wconf 84' lang='lat' dir='ltr'>esse,</span> <span class='ocrx_word' id='word_1_368' title='bbox 1153 3880 1198 3930; x_wconf 84' lang='lat' dir='ltr'>si</span> <span class='ocrx_word' id='word_1_369' title='bbox 1222 3880 1322 3930; x_wconf 89' lang='lat' dir='ltr'>Ar-</span> 
     </span>
    </p>
   </div>
   <div class='ocr_carea' id='block_1_8' title="bbox 266 3948 1362 4021">
    <p class='ocr_par' dir='ltr' id='par_1_9' title="bbox 266 3948 1362 4021">
     <span class='ocr_line' id='line_1_42' title="bbox 266 3948 1362 4021; baseline 0.015 -26"><span class='ocrx_word' id='word_1_370' title='bbox 266 3948 458 4004; x_wconf 87' lang='lat' dir='ltr'>rianum</span> <span class='ocrx_word' id='word_1_371' title='bbox 500 3954 759 4021; x_wconf 83' lang='lat' dir='ltr'>audimus,</span> <span class='ocrx_word' id='word_1_372' title='bbox 792 3957 1063 4008; x_wconf 87' lang='lat' dir='ltr'>Susianam</span> <span class='ocrx_word' id='word_1_373' title='bbox 1105 3972 1207 4008; x_wconf 89' lang='lat' dir='ltr'>non</span> <span class='ocrx_word' id='word_1_374' title='bbox 1244 3965 1323 4010; x_wconf 87' lang='lat' dir='ltr'>at·</span> <span class='ocrx_word' id='word_1_375' title='bbox 1357 3964 1362 3967; x_wconf 74' lang='grc'><em>“</em></span> 
     </span>
    </p>
   </div>
   <div class='ocr_carea' id='block_1_9' title="bbox 267 4027 1323 4179">
    <p class='ocr_par' dir='ltr' id='par_1_10' title="bbox 267 4027 1323 4179">
     <span class='ocr_line' id='line_1_43' title="bbox 267 4027 514 4094; baseline 0.036 -19"><span class='ocrx_word' id='word_1_376' title='bbox 267 4027 514 4094; x_wconf 81' lang='lat' dir='ltr'>tingebat.</span> 
     </span>
     <span class='ocr_line' id='line_1_44' title="bbox 323 4106 1323 4179; baseline 0.005 -20"><span class='ocrx_word' id='word_1_377' title='bbox 323 4106 346 4138; x_wconf 77' lang='lat'>‘¹</span> <span class='ocrx_word' id='word_1_378' title='bbox 377 4110 622 4177; x_wconf 70' lang='lat' dir='ltr'>Medates]</span> <span class='ocrx_word' id='word_1_379' title='bbox 655 4113 854 4164; x_wconf 85' lang='lat' dir='ltr'>Metem</span> <span class='ocrx_word' id='word_1_380' title='bbox 879 4120 1124 4178; x_wconf 82' lang='lat' dir='ltr'>corrupte</span> <span class='ocrx_word' id='word_1_381' title='bbox 1143 4115 1323 4179; x_wconf 87' lang='lat' dir='ltr'>appel-</span> 
     </span>
    </p>
   </div>
   <div class='ocr_carea' id='block_1_10' title="bbox 1401 3330 2476 4169">
    <p class='ocr_par' dir='ltr' id='par_1_11' title="bbox 1401 3330 2476 4169">
     <span class='ocr_line' id='line_1_45' title="bbox 1401 3330 2471 3393; baseline -0.006 -7"><span class='ocrx_word' id='word_1_382' title='bbox 1401 3335 1658 3386; x_wconf 85' lang='lat' dir='ltr'>Arrianus</span> <span class='ocrx_word' id='word_1_383' title='bbox 1711 3339 1938 3386; x_wconf 86' lang='lat' dir='ltr'>testetur</span> <span class='ocrx_word' id='word_1_384' title='bbox 1981 3337 2257 3393; x_wconf 68' lang='lat' dir='ltr'>montanos</span> <span class='ocrx_word' id='word_1_385' title='bbox 2308 3330 2471 3381; x_wconf 84' lang='lat' dir='ltr'>Uxios</span> 
     </span>
     <span class='ocr_line' id='line_1_46' title="bbox 1403 3408 2472 3479; baseline -0.007 -14"><span class='ocrx_word' id='word_1_386' title='bbox 1403 3415 1582 3466; x_wconf 88' lang='lat' dir='ltr'>Persis</span> <span class='ocrx_word' id='word_1_387' title='bbox 1601 3428 1857 3478; x_wconf 84' lang='lat' dir='ltr'>nunquam</span> <span class='ocrx_word' id='word_1_388' title='bbox 1878 3411 2100 3479; x_wconf 68' lang='lat' dir='ltr'>antehac</span> <span class='ocrx_word' id='word_1_389' title='bbox 2115 3409 2368 3474; x_wconf 84' lang='lat' dir='ltr'>paruisse,</span> <span class='ocrx_word' id='word_1_390' title='bbox 2379 3408 2472 3458; x_wconf 89' lang='lat' dir='ltr'>im-</span> 
     </span>
     <span class='ocr_line' id='line_1_47' title="bbox 1404 3485 2472 3552; baseline -0.005 -12"><span class='ocrx_word' id='word_1_391' title='bbox 1404 3507 1488 3541; x_wconf 89' lang='lat' dir='ltr'>mo</span> <span class='ocrx_word' id='word_1_392' title='bbox 1525 3490 1781 3543; x_wconf 88' lang='lat' dir='ltr'>tributum</span> <span class='ocrx_word' id='word_1_393' title='bbox 1815 3489 1880 3538; x_wconf 92' lang='lat' dir='ltr'>ab</span> <span class='ocrx_word' id='word_1_394' title='bbox 1906 3487 2032 3552; x_wconf 85' lang='lat' dir='ltr'>ipsis</span> <span class='ocrx_word' id='word_1_395' title='bbox 2065 3486 2277 3550; x_wconf 83' lang='lat' dir='ltr'>regibus</span> <span class='ocrx_word' id='word_1_396' title='bbox 2312 3485 2472 3551; x_wconf 85' lang='lat' dir='ltr'>pendi</span> 
     </span>
     <span class='ocr_line' id='line_1_48' title="bbox 1405 3563 2474 3634; baseline -0.008 -14"><span class='ocrx_word' id='word_1_397' title='bbox 1405 3570 1506 3620; x_wconf 86' lang='lat' dir='ltr'>sibi</span> <span class='ocrx_word' id='word_1_398' title='bbox 1531 3569 1802 3634; x_wconf 66' lang='lat' dir='ltr'>coegisse;</span> <span class='ocrx_word' id='word_1_399' title='bbox 1827 3581 1927 3615; x_wconf 88' lang='lat' dir='ltr'>non</span> <span class='ocrx_word' id='word_1_400' title='bbox 1955 3564 2080 3616; x_wconf 78' lang='lat' dir='ltr'>satis</span> <span class='ocrx_word' id='word_1_401' title='bbox 2104 3563 2329 3627; x_wconf 86' lang='lat' dir='ltr'>expedio</span> <span class='ocrx_word' id='word_1_402' title='bbox 2352 3577 2474 3629; x_wconf 90' lang='lat' dir='ltr'>quo-</span> 
     </span>
     <span class='ocr_line' id='line_1_49' title="bbox 1406 3641 2474 3707; baseline -0.007 -10"><span class='ocrx_word' id='word_1_403' title='bbox 1406 3646 1560 3697; x_wconf 89' lang='lat' dir='ltr'>modo</span> <span class='ocrx_word' id='word_1_404' title='bbox 1597 3661 1737 3697; x_wconf 86' lang='lat' dir='ltr'>nunc</span> <span class='ocrx_word' id='word_1_405' title='bbox 1777 3647 1984 3696; x_wconf 77' lang='lat' dir='ltr'>iliorum</span> <span class='ocrx_word' id='word_1_406' title='bbox 2002 3641 2265 3707; x_wconf 22' lang='lat' dir='ltr'>‘angustiis</span> <span class='ocrx_word' id='word_1_407' title='bbox 2296 3641 2474 3706; x_wconf 76' lang='lat' dir='ltr'>praesi-</span> 
     </span>
     <span class='ocr_line' id='line_1_50' title="bbox 1406 3719 2472 3790; baseline -0.002 -17"><span class='ocrx_word' id='word_1_408' title='bbox 1406 3723 1551 3781; x_wconf 84' lang='lat' dir='ltr'>dere,</span> <span class='ocrx_word' id='word_1_409' title='bbox 1595 3724 1970 3790; x_wconf 87' lang='lat' dir='ltr'>imperiumque</span> <span class='ocrx_word' id='word_1_410' title='bbox 2011 3721 2205 3771; x_wconf 82' lang='lat' dir='ltr'>habere</span> <span class='ocrx_word' id='word_1_411' title='bbox 2246 3719 2472 3771; x_wconf 86' lang='lat' dir='ltr'>dicatur.</span> 
     </span>
     <span class='ocr_line' id='line_1_51' title="bbox 1408 3801 2473 3871; baseline -0.006 -14"><span class='ocrx_word' id='word_1_412' title='bbox 1408 3805 1711 3871; x_wconf 76' lang='lat' dir='ltr'>Temporum]</span> <span class='ocrx_word' id='word_1_413' title='bbox 1745 3804 1964 3856; x_wconf 87' lang='lat' dir='ltr'>Addunt</span> <span class='ocrx_word' id='word_1_414' title='bbox 1987 3801 2168 3868; x_wconf 85' lang='lat' dir='ltr'>aliqui,</span> <span class='ocrx_word' id='word_1_415' title='bbox 2188 3803 2442 3852; x_wconf 67' lang='lat' dir='ltr'>nautiorum</span> <span class='ocrx_word' id='word_1_416' title='bbox 2454 3818 2473 3860; x_wconf 92' lang='lat'>,·</span> 
     </span>
     <span class='ocr_line' id='line_1_52' title="bbox 1405 3878 2474 3948; baseline -0.004 -14"><span class='ocrx_word' id='word_1_417' title='bbox 1405 3882 1545 3948; x_wconf 89' lang='lat' dir='ltr'>quod</span> <span class='ocrx_word' id='word_1_418' title='bbox 1570 3897 1671 3933; x_wconf 88' lang='lat' dir='ltr'>nec</span> <span class='ocrx_word' id='word_1_419' title='bbox 1708 3883 1867 3932; x_wconf 86' lang='lat' dir='ltr'>ullum</span> <span class='ocrx_word' id='word_1_420' title='bbox 1902 3880 2011 3931; x_wconf 86' lang='lat' dir='ltr'>fere</span> <span class='ocrx_word' id='word_1_421' title='bbox 2046 3894 2253 3931; x_wconf 87' lang='lat' dir='ltr'>sensum</span> <span class='ocrx_word' id='word_1_422' title='bbox 2291 3878 2474 3942; x_wconf 88' lang='lat' dir='ltr'>efficit,</span> 
     </span>
     <span class='ocr_line' id='line_1_53' title="bbox 1404 3956 2476 4026; baseline -0.003 -16"><span class='ocrx_word' id='word_1_423' title='bbox 1404 3968 1464 4010; x_wconf 90' lang='lat' dir='ltr'>et</span> <span class='ocrx_word' id='word_1_424' title='bbox 1498 3961 1765 4026; x_wconf 83' lang='lat' dir='ltr'>egregiam</span> <span class='ocrx_word' id='word_1_425' title='bbox 1809 3956 2100 4024; x_wconf 85' lang='lat' dir='ltr'>corrumpit</span> <span class='ocrx_word' id='word_1_426' title='bbox 2145 3958 2476 4008; x_wconf 87' lang='lat' dir='ltr'>sententiam.</span> 
     </span>
     <span class='ocr_line' id='line_1_54' title="bbox 1404 4035 2476 4101; baseline -0.005 -13"><span class='ocrx_word' id='word_1_427' title='bbox 1404 4040 1486 4088; x_wconf 89' lang='lat' dir='ltr'>De</span> <span class='ocrx_word' id='word_1_428' title='bbox 1539 4039 1638 4089; x_wconf 86' lang='lat' dir='ltr'>hac</span> <span class='ocrx_word' id='word_1_429' title='bbox 1687 4038 1973 4099; x_wconf 84' lang='lat' dir='ltr'>locutione,</span> <span class='ocrx_word' id='word_1_430' title='bbox 2019 4041 2275 4101; x_wconf 80' lang='lat' dir='ltr'>temporum</span> <span class='ocrx_word' id='word_1_431' title='bbox 2321 4035 2476 4096; x_wconf 74' lang='lat' dir='ltr'>homo,</span> 
     </span>
     <span class='ocr_line' id='line_1_55' title="bbox 1406 4113 2472 4169; baseline -0.006 -3"><span class='ocrx_word' id='word_1_432' title='bbox 1406 4117 1619 4169; x_wconf 83' lang='lat' dir='ltr'>consule</span> <span class='ocrx_word' id='word_1_433' title='bbox 1675 4116 1996 4168; x_wconf 86' lang='lat' dir='ltr'>Gronovium</span> <span class='ocrx_word' id='word_1_434' title='bbox 2056 4113 2217 4164; x_wconf 90' lang='lat' dir='ltr'>Obss.</span> <span class='ocrx_word' id='word_1_435' title='bbox 2281 4113 2372 4163; x_wconf 67' lang='lat' dir='ltr'>lib.</span> <span class='ocrx_word' id='word_1_436' title='bbox 2433 4126 2472 4160; x_wconf 89' lang='lat'>1.</span> 
     </span>
    </p>
   </div>
   <div class='ocr_carea' id='block_1_11' title="bbox 266 4182 1635 4332">
    <p class='ocr_par' dir='ltr' id='par_1_12' title="bbox 266 4182 1635 4332">
     <span class='ocr_line' id='line_1_56' title="bbox 266 4182 1635 4259; baseline 0.008 -27"><span class='ocrx_word' id='word_1_437' title='bbox 266 4182 336 4233; x_wconf 83' lang='lat' dir='ltr'>lat</span> <span class='ocrx_word' id='word_1_438' title='bbox 377 4186 659 4254; x_wconf 87' lang='lat' dir='ltr'>Diodorus,</span> <span class='ocrx_word' id='word_1_439' title='bbox 702 4189 936 4259; x_wconf 82' lang='lat' dir='ltr'>facitque</span> <span class='ocrx_word' id='word_1_440' title='bbox 978 4191 1139 4241; x_wconf 85' lang='lat' dir='ltr'>Dario</span> <span class='ocrx_word' id='word_1_441' title='bbox 1178 4200 1326 4243; x_wconf 86' lang='lat' dir='ltr'>arcta</span> <span class='ocrx_word' id='word_1_442' title='bbox 1408 4207 1527 4258; x_wconf 85' lang='lat' dir='ltr'>cap.</span> <span class='ocrx_word' id='word_1_443' title='bbox 1551 4195 1635 4243; x_wconf 82' lang='grc'>24.</span> 
     </span>
     <span class='ocr_line' id='line_1_57' title="bbox 266 4262 1436 4332; baseline 0.011 -24"><span class='ocrx_word' id='word_1_444' title='bbox 266 4262 647 4328; x_wconf 85' lang='lat' dir='ltr'>propinquitate</span> <span class='ocrx_word' id='word_1_445' title='bbox 671 4267 1023 4332; x_wconf 88' lang='lat' dir='ltr'>conjunctum.</span> <span class='ocrx_word' id='word_1_446' title='bbox 1080 4269 1181 4320; x_wconf 88' lang='lat' dir='ltr'>Sed</span> <span class='ocrx_word' id='word_1_447' title='bbox 1208 4285 1323 4320; x_wconf 88' lang='lat' dir='ltr'>cum</span> <span class='ocrx_word' id='word_1_448' title='bbox 1427 4318 1436 4331; x_wconf 56' lang='grc'><strong>,</strong></span> 
     </span>
    </p>
   </div>
   <div class='ocr_carea' id='block_1_12' title="bbox 391 4346 928 4412">
    <p class='ocr_par' dir='ltr' id='par_1_13' title="bbox 391 4346 928 4412">
     <span class='ocr_line' id='line_1_58' title="bbox 391 4346 928 4412; baseline 0.015 -17"><span class='ocrx_word' id='word_1_449' title='bbox 391 4346 569 4412; x_wconf 75' lang='lat' dir='ltr'>Delph.</span> <span class='ocrx_word' id='word_1_450' title='bbox 589 4354 636 4400; x_wconf 79' lang='lat' dir='ltr'>et</span> <span class='ocrx_word' id='word_1_451' title='bbox 665 4349 779 4401; x_wconf 80' lang='lat' dir='ltr'>Vur.</span> <span class='ocrx_word' id='word_1_452' title='bbox 798 4351 928 4404; x_wconf 78' lang='lat' dir='ltr'>Clas.</span> 
     </span>
    </p>
   </div>
   <div class='ocr_carea' id='block_1_13' title="bbox 1273 4335 1508 4408">
    <p class='ocr_par' dir='ltr' id='par_1_14' title="bbox 1273 4335 1508 4408">
     <span class='ocr_line' id='line_1_59' title="bbox 1273 4335 1508 4408; baseline 0.021 -9"><span class='ocrx_word' id='word_1_453' title='bbox 1273 4353 1336 4408; x_wconf 86' lang='lat' dir='ltr'>Q.</span> <span class='ocrx_word' id='word_1_454' title='bbox 1367 4335 1508 4404; x_wconf 72' lang='lat' dir='ltr'>Curi.</span> 
     </span>
    </p>
   </div>
   <div class='ocr_carea' id='block_1_14' title="bbox 2233 4344 2357 4398">
    <p class='ocr_par' dir='ltr' id='par_1_15' title="bbox 2233 4344 2357 4398">
     <span class='ocr_line' id='line_1_60' title="bbox 2233 4344 2357 4398; baseline -0.016 0"><span class='ocrx_word' id='word_1_455' title='bbox 2233 4344 2357 4398; x_wconf 70' lang='lat' dir='ltr'>2A&#39;</span> 
     </span>
    </p>
   </div>
  </div>
 </body>
</html>
