2978 4933
496 347 586 412 84
1033 404 1038 409 .
1289 358 1348 413 s.
1398 356 1899 413 snmusnnmr

494 506 702 588 flagitii
731 525 956 567 merces
984 504 1174 579 detur,
1214 505 1383 566 utilia
1410 526 1446 565 a
1472 507 1688 579 noxiis,
1731 518 1893 567 reeta
1931 506 2006 567 ab
2049 505 2378 566 inhonestis
2407 525 2527 566 non
2558 506 2683 567 dis-

493 606 809 685 tinguunt:
851 606 1037 676 lucro,
1080 624 1200 664 non
1255 603 1469 665 affectu
1517 605 1747 666 virtutis
1796 614 1900 664 aut
1927 604 2157 684 patriae,
2201 625 2396 687 neque
2427 604 2688 665 Deorum

495 703 866 764 hominumve
914 703 1237 763 reverentia
1285 703 1603 766 ducuntur.
1691 706 1784 763 18.
1831 704 2026 763 Nolite
2071 703 2305 762 honesti
2335 702 2561 783 aliquid
2591 712 2692 763 aut

499 801 718 880 egregii
768 809 1076 881 expectare
1125 800 1199 859 ab
1240 798 1334 859 his
1377 800 1752 860 hominibus:
1798 801 2011 860 vestris
2039 799 2387 859 utilitatibus
2417 818 2541 858 non
2567 818 2692 861 mo·

498 907 727 969 ventur,
768 898 872 976 qui
914 897 1122 978 patriae
1170 907 1292 957 tam
1342 897 1496 957 male
1545 897 1884 958 consulunt.
1973 898 2278 979 Implicare
2324 916 2429 956 vos
2483 896 2696 957 volunt

495 994 704 1055 iisdem
732 996 1190 1069 calamitatibus,
1231 1015 1305 1053 ex
1354 993 1568 1075 quibus
1617 995 1795 1055 modo
1843 994 2244 1058 Macedonum
2272 996 2487 1056 virtute
2518 1000 2707 1075 atque

498 1091 617 1152 fide
643 1092 872 1152 liberati
900 1092 1040 1153 estis
1067 1112 1082 1150 ε
1113 1103 1400 1171 tantoque
1426 1093 2023 1172 majoribus,·quanto
2053 1093 2480 1165 formidabilior
2507 1094 2696 1153 hostis

497 1190 730 1250 futurus
759 1201 918 1250 esset
946 1189 1275 1270 Philippus,
1306 1209 1485 1268 quam
1518 1189 1906 1262 Philomelus,
1938 1201 2040 1251 aut
2065 1190 2477 1250 Onomarchus
2509 1192 2695 1252 fuere.-

504 1289 601 1349 19.
631 1288 787 1347 Nam
814 1287 873 1345 in
903 1287 1165 1366 precario
1194 1285 1435 1365 imperio
1465 1287 1641 1346 etiam
1672 1287 1810 1346 boni
1839 1287 2008 1347 ducis
2032 1297 2281 1348 conatus
2310 1286 2473 1348 haud
2500 1288 2696 1347 minus

497 1384 657 1445 cives
707 1404 886 1465 quam
925 1383 1127 1444 hostes
1178 1383 1591 1464 praepediunt:
1654 1405 1860 1465 regum
1899 1385 2083 1464 jussis
2133 1404 2308 1445 nemo
2358 1384 2696 1457 intercedit,

497 1501 680 1541 nemo
699 1482 1067 1562 refragatur:
1110 1483 1284 1540 unius
1314 1483 1554 1543 arbitrio
1583 1484 1778 1543 cuncti
1807 1493 2112 1562 reguntur.
2194 1484 2263 1542 In
2319 1503 2459 1562 quo,
2503 1498 2694 1563 quan-

496 1588 624 1638 tum
652 1579 710 1637 in
740 1580 914 1640 rebus
942 1579 1171 1639 bellicis
1199 1590 1562 1639 momentum
1592 1579 1689 1653 sit,
1719 1600 1836 1640 non
1867 1580 2174 1660 ignoratis.
2246 1632 2249 1637 .
2275 1582 2373 1640 20.
2418 1579 2547 1639 Nec
2565 1579 2697 1658 jam

497 1675 559 1734 in
601 1696 721 1736 uno
761 1696 1001 1757 corpore
1052 1676 1483 1738 Macedonibus
1527 1677 1590 1737 id
1638 1678 1978 1757 praesidium
2021 1689 2135 1739 est.
2218 1677 2713 1758 Philippumsetsiv

500 1774 689 1834 satum
735 1775 1009 1849 auferret,
1037 1775 1389 1857 ‚Alexander
1437 1786 1762 1855 regenerat,
1804 1776 1906 1855 qui
1941 1776 2069 1856 jam
2097 1777 2156 1834 in
2186 1774 2549 1835 adolescenti
2581 1774 2696 1835 hae

499 1881 698 1945 aetate,
728 1893 811 1933 <ea
839 1872 1015 1932 animi
1055 1873 1393 1954 ingeniique
1445 1873 1807 1933 documenta
1851 1872 2059 1945 edidit,
2101 1883 2167 1931 ut
2209 1880 2391 1954 prope
2437 1881 2694 1943 constet,

499 1971 744 2030 summis
790 1970 1233 2050 imperatoribus
1278 1992 1480 2053 parem
1524 1991 1658 2031 esse
1703 1971 1984 2031 futurum.
2088 1972 2188 2029 21.
2253 1970 2478 2029 Contra
2531 1969 2693 2051 apud

498 2068 890 2130 Athenienses
918 2070 1083 2151 pacis
1114 2070 1372 2150 bellique
1402 2070 1722 2141 arbitrium,
1762 2068 1898 2148 quia
1923 2087 2107 2148 penes
2136 2085 2342 2126 omnes
2374 2077 2486 2139 est,
2527 2065 2692 2126 velut

495 2166 557 2225 in
580 2166 773 2226 medio
804 2167 1060 2246 positum
1084 2167 1515 2228 audacissimus
1544 2165 1797 2245 quisque
1820 2163 1897 2225 ad
1927 2184 1992 2224 se
2015 2164 2229 2224 trahit:
2259 2165 2482 2245 impetu
2504 2164 2691 2243 magis

496 2281 673 2340 quam
703 2263 949 2327 consilio
976 2274 1192 2323 cuncta
1222 2274 1513 2342 aguntur:
1560 2262 1825 2321 homines
1853 2260 2092 2340 maligni
2122 2260 2399 2334 suadent,
2443 2261 2692 2342 imperiti

495 2358 859 2418 decernunt:
889 2359 1107 2418 bellum
1138 2360 1385 2418 sumitur
1414 2358 1760 2427 animosius,
1788 2377 1966 2437 quam
1995 2358 2249 2437 geritur:
2277 2358 2499 2419 foedera
2525 2357 2694 2417 haud·

497 2454 707 2515 minori
738 2455 1018 2516 facilitate
1048 2475 1223 2536 quam
1241 2455 1492 2535 junxere
1521 2455 1762 2516 violant.
1849 2457 1950 2517 22.
1984 2456 2137 2516 Nam
2167 2464 2228 2517 et
2253 2477 2389 2517 eum
2416 2455 2699 2537 Philippo

495 2553 689 2614 foedus
735 2553 877 2636 ipsis
923 2566 1052 2615 est:
1098 2554 1258 2634 quod
1301 2573 1479 2633 quam
1516 2563 1731 2630 sancte
1781 2566 2034 2627 servent,
2078 2575 2137 2615 re
2186 2555 2316 2634 ipsa
2345 2553 2685 2614 declarant:

495 2653 789 2720 necenim
816 2673 923 2734 pro
952 2673 1016 2713 se
1045 2653 1219 2712 fidem
1248 2652 1502 2712 violasse
1533 2653 1677 2712 satis
1706 2652 1964 2719 habent3
2010 2651 2124 2711 nisi
2171 2672 2275 2733 per
2311 2651 2472 2732 ipsos
2511 2652 2700 2711 latius⁴

496 2760 693 2829 serpat
721 2751 837 2810 ista
865 2754 1163 2828 contagi0.
1235 2754 1347 2816 23.
1399 2752 1616 2811 Vestra
1642 2761 1838 2811 autem
1866 2751 2226 2820 constantia,
2253 2750 2542 2823 Thebani,
2568 2769 2719 2829 qua-<⁷

494 2865 612 2905 non
644 2847 835 2906 minus
866 2867 1043 2926 quam
1073 2848 1247 2906 rebus
1286 2848 1512 2907 fortiter
1553 2847 1916 2927 feliciterque
1964 2837 2145 2927 gestis
2186 2847 2387 2926 magni
2431 2846 2687 2927 clarique

494 2941 810 3014 habemini,
854 2963 970 3002 non
1001 2943 1481 3022 sinitambigere,
1524 2946 1664 3023 quin
1696 2945 1894 3005 multis
1926 2944 2345 3025 experimentis
2387 2944 2694 3023 cognitam

493 3042 652 3119 regis
681 3041 1013 3112 amicitiam,
1056 3056 1285 3119 semper
1314 3041 1549 3101 infestae
1579 3043 1928 3123 aemulaeque
1957 3042 2175 3102 civitati
2205 3041 2505 3120 praelaturi
2532 3041 2690 3101 sitis.»

493 3141 593 3197 24.
638 3139 847 3218 Neque
890 3157 1027 3197 vero
1059 3146 1469 3198 averruncator
1497 3140 1784 3199 malorum
1815 3140 2105 3200 Hercules
2138 3138 2354 3211 siverit,
2397 3148 2464 3197 ut
2511 3158 2684 3217 quem

492 3235 834 3314 indigenam
878 3236 1180 3315 civemque
1223 3235 1416 3295 Deum
1460 3237 1763 3318 praecipua
1806 3238 2090 3317 religione
2135 3237 2351 3309 colitiS,
2393 3236 2523 3315 ejus.
2549 3256 2693 3295 sana

493 3332 734 3411 guinem
757 3333 932 3413 impio
960 3333 1296 3414 injustoque
1322 3334 1481 3394 bello
1500 3335 1979 3415 persequamini,
2025 3335 2179 3394 Nam
2201 3346 2429 3394 ceteros
2449 3332 2685 3412 quidem

494 3431 707 3501 socios,
762 3450 937 3508 quam
985 3432 1261 3491 ‘amicitioe
1316 3433 1496 3511 regiae
1541 3453 1660 3493 non
1711 3433 2018 3513 poeniteat,
2062 3451 2135 3491 ex
2180 3430 2326 3510 ipsis
2375 3450 2482 3491 vos
2529 3431 2683 3490 malo

495 3529 897 3606 cognoscere.'
1005 3531 1103 3587 25.
1165 3529 1313 3587 Haec
1361 3528 1620 3609 Python.
1720 3529 1922 3591 Auditi
1966 3528 2100 3589 dein
2150 3527 2442 3588 sociorum
2483 3527 2687 3606 legati,

491 3625 715 3703 prolixe
764 3623 1176 3684 commendato
1216 3628 1370 3703 regis
1416 3627 1634 3700 anime,
1684 3628 2033 3707 petiverunt,
2094 3634 2110 3660 ‘
2146 3635 2211 3686 ut
2253 3626 2444 3704 ipsum
2489 3625 2691 3703 potius·

493 3721 745 3781 Graeciae
795 3721 1105 3794 vindicem,
1149 3739 1326 3800 quam
1375 3725 1810 3801 perturbatores
1854 3723 1983 3802 ejus
2032 3722 2423 3783 Athenienses
2473 3742 2716 3802 seque--

494 3819 733 3886 rentur!
1339 3855 1344 3870 2
2604 3872 2609 3878 .

573 3910 713 3971 v11.
782 3915 835 3972 1.
880 3915 957 3972 At
990 3914 1426 3978 Demosthenes
1457 3918 1615 3977 facta
1646 3915 1885 3976 dicendi
1932 3926 2246 3996 potestate,
2290 3924 2306 3951 ‘
2332 3917 2467 3976 Non
2513 3917 2686 3997 igno-

494 4009 774 4080 rabam,’⁸
828 4008 1037 4090 inquit,
1084 4011 1270 4072 ‘istos
1317 4012 1573 4093 Philippi
1625 4014 2013 4074 mercenarios
2061 4034 2254 4092 neque
2300 4013 2572 4074 laudibus
2617 4017 2685 4084 in

625 4252 650 4282 ⁸
675 4240 819 4297 ‘Tota
833 4248 951 4299 haec
975 4248 1163 4299 Oratio
1187 4265 1215 4299 e
1239 4215 1545 4317 Philippicis
1569 4254 1758 4317 passim
1782 4253 2175 4303 Demostheneis
2198 4256 2434 4305 desumta
2456 4258 2556 4302 est.
