2978 4933
482 364 611 432 438
926 379 992 440 Q.
1039 376 1302 429 oun'ru
1353 376 1532 426 uum
1584 376 1727 426 ms.
1780 375 1877 424 vi.
1933 377 2095 428 cau.
2131 357 2197 427 3.

480 547 722 610 magno
750 526 985 591 labore
1013 522 1301 588 credatis
1341 523 1631 587 Bessum
1677 541 1966 586 vacuum
2008 542 2284 607 regnum
2311 530 2670 607 occupatu-

478 649 647 695 rum.
734 628 841 693 13.
887 627 1039 692 Nos
1072 646 1226 692 vero
1249 628 1707 709 peccavimus,
1732 626 2001 704 milites,
2034 617 2412 692 si'Darium
2442 629 2534 692 ob
2555 627 2675 690 hoc

478 732 789 809 vicimus,
819 736 898 792 ut
926 747 1121 793 servo
1171 730 1317 814 ejus
1356 729 1783 794 traderemus
1810 730 2182 814 imperium,
2225 730 2347 814 qui
2372 728 2677 794 ultimum

483 852 691 897 ausus
731 832 980 908 sceluS,
1023 849 1241 912 regem
1291 851 1509 909 suum,
1563 832 1763 898 etiam
1816 840 2113 898 externae
2157 835 2311 917 opis
2352 840 2679 915 egentem,

481 941 686 1014 certe,
730 933 844 998 cui
888 952 1016 997 nos
1059 933 1348 997 victores
1400 935 1954 1017 pepercissemuS,
2000 935 2197 1019 quasi
2236 936 2589 1019 captivum
2615 933 2680 997 in

482 1037 772 1104 vinculis
797 1036 1061 1114 habuit,
1090 1035 1176 1100 ad
1207 1036 1533 1115 ultimum,
1576 1058 1660 1102 ne
1691 1057 1733 1101 a
1761 1038 1962 1102 nobis
2008 1038 2682 1122 conservari-posset,

486 1140 757 1206 occidit.
844 1139 954 1204 14.
1003 1138 1206 1206 Hunc
1236 1160 1359 1205 vos
1390 1161 1668 1224 regnare
1699 1141 2042 1225 patiemini
2066 1142 2096 1203 'l
2145 1160 2344 1224 quem
2374 1140 2680 1225 equidem
2708 1202 2715 1217 ,

484 1244 670 1308 cruci
700 1242 978 1309 affixum
1011 1245 1230 1311 videre
1272 1244 1544 1323 festino,
1586 1243 1894 1309 omnibus
1937 1244 2204 1327 regibus
2248 1244 2685 1327 gentibusque

484 1344 664 1422 fidei,
720 1366 923 1429 quam
973 1348 1275 1423 violavit,
1333 1348 1607 1412 meritas
1665 1365 1907 1431 poenas
1968 1348 2349 1411 solventem.
2441 1346 2552 1411 15.
2598 1342 2688 1409 At

483 1446 772 1526 hercule,
816 1449 876 1512 si
922 1469 1082 1514 mox
1126 1449 1410 1514 eundem
1445 1450 1837 1515 Graecorum
1883 1450 2078 1512 urbes
2124 1456 2244 1513 aut
2275 1448 2688 1532 Hellespon-

488 1557 628 1613 tum
687 1556 952 1615 vastare
979 1552 1351 1617 nuntiatum
1397 1552 1527 1615 erit
1558 1552 1789 1632 vobis3
1833 1571 1969 1634 quo
2013 1549 2241 1614 dolore
2285 1549 2691 1626 efficiemini,

487 1652 780 1718 Bessum
839 1655 1118 1738 praemia
1176 1660 1418 1720 vestrae
1472 1670 1849 1737 occupasse
1914 1653 2270 1717 victoriae?
2358 1652 2558 1717 Tunc
2602 1651 2692 1715 ad

489 1757 892 1841 repetendas
921 1778 1028 1822 res
1058 1757 1503 1822 festinabitis:
1533 1764 1692 1821 tuuc
1723 1774 1910 1820 arma
1940 1755 2253 1839 capietis.
2322 1755 2429 1819 16.
2458 1753 2691 1833 Quan-

488 1866 559 1923 to
588 1864 804 1925 autem
837 1867 1120 1944 praestat
1147 1862 1438 1925 territum
1484 1858 1706 1924 adhuc
1751 1866 1822 1923 et
1865 1859 1983 1922 vix
2024 1858 2268 1922 mentis
2311 1876 2458 1921 suae
2505 1877 2693 1922 com-

489 1969 725 2044 potem
758 1963 1184 2047 opprimere?
1253 1961 1614 2041 Quatridui
1636 1960 1662 1997 ¹⁸
1691 1961 1887 2026 nobis
1917 1961 2050 2025 iter
2078 1967 2409 2043 superest,
2439 1961 2558 2044 qui
2586 1964 2695 2023 tot

489 2065 1030 2148 proculcavimus
1052 2065 1269 2146 nives,
1299 2073 1409 2129 tot
1437 2084 1666 2130 amnes
1694 2066 2187 2147 superavimus,
2219 2069 2329 2127 tot
2369 2063 2695 2126 montium

483 2164 648 2249 juga
677 2168 1204 2232 transcurrimus.
1295 2167 1451 2232 Non
1482 2185 1664 2231 mare
1706 2163 1918 2244 illud,i
1940 2165 2123 2250 quod
2152 2171 2535 2231 exaestuans
2566 2164 2699 2228 iter

492 2267 811 2334 fluctibus
840 2276 1156 2353 occupat,
1186 2278 1423 2335 euntes
1450 2291 1576 2334 nos
1622 2275 1948 2349 moratur;
1993 2290 2126 2333 uon
2159 2268 2423 2333 Ciliciae
2456 2268 2695 2332 fauces

495 2376 564 2436 et
609 2373 938 2453 angustiae
982 2374 1374 2438 includunt:
1421 2375 1625 2457 plana
1666 2370 1918 2438 omniaj
1974 2378 2042 2438 et
2088 2392 2297 2457 prona
2338 2378 2513 2436 sunt.
2586 2371 2696 2436 17.

495 2473 577 2539 In
607 2475 761 2559 ipso
791 2475 1020 2539 limine
1051 2477 1348 2542 victoriae
1373 2484 1678 2541 stamus:
1725 2468 1932 2559 pauci
1962 2476 2157 2540 nohis
2186 2475 2449 2559 fugitivi
2477 2482 2549 2538 et
2577 2474 2699 2538 do-

491 2577 656 2642 miui
716 2578 825 2642 sui
876 2579 1335 2645 interfectores
1395 2584 1763 2665 supersunt.
1854 2577 2206 2663 Egregium
2263 2565 2371 2643 me
2428 2577 2696 2642 hercule

1427 2779 1706 2800 ‘W‘
1710 2779 1767 2798 ‘O

498 2910 613 2959 Pal.
638 2916 685 2960 1.
720 2910 766 2960 ὁ.
791 2912 1034 2973 Rogarem·
1067 2913 1190 2965 Ald.
1222 2915 1270 2966 b.
1294 2917 1616 2979 Bregma-13
1654 2917 1760 2965 Nos
1796 2930 1905 2966 vero
1975 2929 2182 2965 eceman
2219 2914 2336 2963 Pal.
2367 2919 2413 2964 1.
2447 2914 2592 2963 etiam
2611 2928 2698 2963 ea:-

505 2979 639 3023 teme
673 2975 822 3025 Voss.
846 2981 893 3026 1.
928 2993 1041 3039 opus
1072 2986 1283 3041 egentem
1316 2983 1433 3030 Pal.
1458 2987 1506 3031 1.
1529 2990 1584 3031 et
1606 2983 1728 3031 Bas.
1758 2986 1885 3030 certe
1958 2988 2073 3029 eest
2109 2980 2160 3028 iu
2199 2979 2339 3030 Pith.
2376 2984 2463 3028 aut
2483 2979 2705 3028 ιιΙείπιιιιιι

500 3038 747 3091 θοι-14
784 3041 903 3091 Ald.
928 3044 1094 3092 Colin.
1117 3046 1319 3108 Gryph.
1344 3048 1481 3096 Mer.
1507 3048 1620 3097 Col.
1644 3047 1770 3096 Bas.
1795 3052 1850 3095 et
1872 3044 2026 3094 Frob.
2047 3044 2324 3108 crucifixum
2353 3044 2529 3094 videre.
2582 3043 2702 3092 Pal.

499 3106 546 3153 1.
575 3104 798 3164 gentibus
818 3106 1116 3170 regibusque.
1183 3110 1414 3160 Floreut.
1441 3113 1584 3162 Leid.
1604 3113 1757 3161 Voss.
1781 3116 1826 3160 1.
1848 3114 1899 3160 2.
1923 3117 1978 3159 et
2001 3112 2166 3171 Bong·
2187 3114 2237 3158 et
2255 3108 2401 3174 fidei.
2468 3108 2623 3156 Voss.
2645 3110 2698 3155 2.

497 3173 546 3219 et
569 3169 837 3219 meritae·
849 3176 909 3221 15
936 3172 1086 3221 Voss.
1110 3176 1161 3221 2.
1182 3174 1227 3222 si
1248 3178 1456 3225 eumdem
1477 3192 1605 3226 mox.
1657 3177 1886 3225 Florent.
1911 3175 2061 3223 Leid.
2084 3180 2141 3222 et
2164 3175 2316 3223 Voss.
2336 3178 2386 3223 1.
2407 3171 2703 3237 occupavisse

497 3233 860 3284 victoria—16
897 3236 994 3292 Qui
1024 3238 1270 3301 quatridui
1299 3241 1449 3302 nebia,
1478 3244 1559 3303 &a
1592 3241 1743 3289 Voss.
1762 3244 1813 3290 2.
1847 3239 2271 3289 transcucurrimus
2292 3239 2521 3287 Floreat.
2546 3235 2700 3286 Leid.

499 3299 651 3347 Voss.
678 3305 723 3349 1.
751 3300 913 3362 Lugd.
936 3308 991 3350 et
1026 3302 1208 3352 Amata
1227 3304 1356 3354 inter
1374 3306 1609 3370 fluctibus
1632 3305 1777 3355 Voss.
1798 3308 1849 3354 2.
1880 3319 1967 3353 nos
1994 3309 2155 3353 euntes
2176 3302 2320 3352 Pith.
2353 3318 2439 3351 κω
2459 3303 2607 3351 deest
2646 3301 2701 3348 in

499 3363 669 3429 Βοῦς.
708 3368 889 3416 1.--17
923 3368 1075 3418 Voss.
1111 3371 1162 3417 2.
1201 3370 1397 3420 omittit
1439 3371 1519 3420 aui
1561 3376 1681 3420 aute
1720 3369 2062 3429 interfectores.
2127 3366 2243 3418 Pal.
2283 3371 2331 3418 1.
2370 3365 2494 3416 ΑΜ.
2530 3366 2701 3416 Colin.

1493 3530 1716 3582 NOTAE

566 3655 591 3689 ¹¹
626 3656 912 3720 Quanti-idai]
967 3656 1379 3724 Hecatompylos
1426 3662 1560 3712 Bac·
1704 3660 1723 3704 i
1763 3662 1917 3710 Plana
1936 3660 2114 3724 omnia]
2143 3662 2333 3710 Totum
2366 3661 2468 3710 iter
2492 3661 2703 3724 planum

503 3734 596 3784 tris
620 3734 817 3790 aberat,
840 3734 882 3783 si
902 3733 1075 3784 Plinio
1094 3736 1352 3787 credimus
1374 3738 1465 3788 lib.
1484 3752 1562 3787 vr.
1644 3745 1702 3786 et
1720 3735 1923 3787 declive
1946 3744 2046 3787 est.
2099 3736 2202 3787 Sed
2228 3752 2381 3801 quam
2404 3738 2586 3801 procul
2607 3738 2708 3787 hoc

502 3824 618 3873 cap.
666 3814 748 3859 15.
795 3810 965 3859 stadia
1007 3815 1156 3860 2636.
1202 3812 1246 3860 si
1294 3813 1562 3875 Straboni,
1645 3813 1853 3864 abesset
1874 3829 1904 3862 a
1931 3828 2076 3875 vero,
2106 3814 2257 3863 exiis
2283 3829 2397 3879 quae
2420 3823 2709 3878 sequentur

505 3890 654 3937 4530.
696 3901 912 3950 quorum
957 3888 1055 3936 etsi
1099 3890 1403 3939 alterutrum
1452 3888 1565 3941 falli
1646 3892 1777 3941 satis
1800 3892 2079 3941 constabit.
2141 3891 2362 3940 Parthia
2404 3891 2532 3955 ipra,
2561 3891 2708 3941 unde

504 3967 731 4023 constat,
746 3962 1091 4025 proculdubio
1113 3965 1289 4016 tamen
1308 3966 1423 4029 plus
1443 3980 1565 4032 qua·
1646 3967 2019 4030 egrediendum
2055 3973 2190 4029 erat,
2221 3967 2480 4017 montibus
2522 3981 2585 4017 ac
2618 3966 2707 4017 de·

513 4037 672 4087 tridui
696 4038 885 4086 itinere
910 4047 1197 4102 supererat.
1645 4044 1799 4096 settis
1830 4044 2137 4095 vastissimis
2154 4050 2270 4095 tota
2289 4033 2537 4109 ciuffltur,
2555 4052 2618 4096 ut
2642 4060 2709 4095 ex

569 4113 584 4148 ¹
614 4113 725 4164 Ntm
746 4128 877 4162 mare
904 4113 1046 4176 illud]
1079 4117 1441 4182 Pamphylium
1463 4131 1566 4167 ma·
1647 4121 1823 4170 Plinio
1845 4120 2064 4185 aliisque
2075 4120 2354 4186 discimua;
2377 4128 2573 4188 praetet
2594 4122 2709 4173 Ox·

508 4207 585 4255 re,
611 4190 678 4241 de
705 4190 855 4254 cujus
895 4192 1112 4242 transitu
1144 4194 1365 4246 diximus
1387 4195 1481 4249 lib.
1509 4209 1561 4245 v.
1648 4211 1733 4247 um
1755 4195 2099 4262 fluvium,&c.

508 4284 623 4334 cap.
647 4273 695 4318 3.
