2978 4933
805 374 1066 425 surm..
1112 374 1192 423 m
1242 377 1308 436 Q.
1355 372 1715 425 commu,
1756 374 1899 422 Lm.
1949 378 1997 424 ι.
2413 358 2501 425 83

298 528 440 594 ter,⁸
465 519 757 582 educatus
784 519 844 579 in
872 519 1254 581 contubernio
1284 517 1738 599 Epaminondae,
1765 518 2076 580 clarissimi
2103 519 2499 603 imperatorie,

299 618 780 699 sanctissimique
824 617 954 691 viri,
996 636 1133 678 cum
1174 616 1361 697 ipsius
1404 617 1663 678 moribus
1695 635 1733 676 a
1757 627 1963 678 tenera
1989 628 2165 680 aetate
2195 621 2501 681 caritatem

298 718 463 779 urbis
492 728 706 780 vestrae
735 717 996 777 imbibit:
1038 725 1269 777 vestras
1299 727 1359 778 et
1387 715 1679 796 Apollinis
1713 716 1953 796 injurias
1999 716 2294 777 Phocensi
2342 718 2501 778 bello

302 817 469 876 ultus
514 826 627 889 est,
667 822 802 874 oum
847 813 1241 875 Athenienses
1286 813 1429 875 odio
1478 812 1657 872 vestri
1701 813 2002 893 sacrilegis
2048 813 2266 874 auxilia
2307 815 2505 876 mitte·

299 911 511 975 rent:''
619 915 680 973 9.
734 912 942 972 iterum
998 911 1297 972 communi
1353 910 1858 991 Amphictyonum
1912 912 2152 973 decreto
2207 924 2503 987 exoratus,

299 1010 574 1091 ejusdem
599 1009 856 1070 numinis
886 1010 1304 1070 contumeliam
1345 1009 1405 1069 in
1457 1008 1675 1069 Locros
1713 1008 2076 1070 vindicavit:
2120 1009 2236 1070 huc
2266 1030 2503 1089 quoque

297 1110 605 1190 profectus
653 1117 767 1183 est,
807 1118 876 1169 ut
910 1109 1120 1171 vestris
1171 1106 1497 1169 commodis
1529 1107 1883 1180 consuleret,
1928 1128 2047 1168 non
2093 1109 2503 1182 abscessurus,

302 1205 499 1268 donec
525 1214 634 1267 vos
660 1216 820 1267 metu
851 1207 1084 1268 aemulae
1107 1206 1478 1287 inimicaeque
1510 1206 1763 1267 civitatis
1793 1205 2057 1268 solverit.
2147 1209 2242 1267 10.
2286 1207 2354 1266 Id
2380 1208 2503 1268 sive

300 1304 716 1366 communibus
746 1304 1009 1365 consiliis
1053 1305 1390 1384 viribusque
1435 1305 1603 1365 lubet
1648 1305 1945 1383 exequi3⁴²
1986 1324 2105 1365 non
2151 1314 2334 1379 vetat,
2382 1322 2504 1387 quo

298 1403 497 1464 minus
519 1401 581 1462 in
609 1403 830 1481 praedae
845 1402 1038 1465 verius
1068 1422 1244 1483 quam
1268 1403 1409 1465 belli
1431 1403 1775 1464 societatem
1796 1403 2078 1467 veniatis:
2110 1403 2231 1464 sive
2251 1403 2506 1484 quiesci-

300 1497 407 1573 tis,
463 1503 777 1587 transitum
827 1500 1177 1562 concedite:
1233 1502 1361 1581 ipse
1410 1501 1812 1561 communium
1860 1500 2202 1580 injuriarum
2253 1500 2504 1561 idoneus

300 1595 465 1658 ultor
508 1598 655 1660 erit:
746 1601 840 1658 11.
883 1616 1078 1678 neque
1126 1596 1320 1657 minus
1348 1597 1426 1657 ad
1456 1584 1562 1659 vos
1592 1598 1806 1658 redibit
1834 1596 2289 1659 emolumentum
2321 1600 2507 1659 victo-

299 1694 446 1754 riae:
476 1716 708 1777 greges,
726 1708 1010 1768 armenta,
1026 1695 1338 1776 mancipia,
1357 1716 1493 1778 quae
1517 1716 1590 1758 ex
1609 1696 1879 1769 hosti-bus
1900 1698 2229 1780 capientur,
2247 1698 2508 1758 maxima

303 1815 381 1855 ex
406 1806 575 1874 parte
603 1815 788 1876 penes
807 1811 938 1866 vos,
966 1803 1033 1854 ut
1061 1793 1311 1868 vicin08,
1340 1808 1548 1856 erunt:
1591 1795 1730 1855 inde
1761 1795 2091 1856 Phocensis
2120 1795 2260 1856 belli
2288 1796 2507 1873 damna

304 1893 596 1954 sarcietis.
683 1895 780 1953 12.
822 1892 893 1952 Id
938 1891 1127 1971 magis
1180 1913 1254 1952 ex
1302 1912 1416 1954 usu
1444 1906 1644 1954 vestro
1676 1895 1772 1965 sit,
1820 1912 1896 1954 an
1924 1906 2157 1955 vestros
2189 1912 2365 1972 agros
2398 1896 2506 1965 uri,

301 2000 508 2052 vestra
540 1990 760 2073 oppida
801 1991 1152 2071 expugnari,
1194 1990 1453 2064 incendi,
1505 1991 1721 2072 diripi,
1746 2002 1974 2052 vestras
2003 1991 2260 2069 denique
2290 2011 2384 2050 res
2414 1993 2510 2070 agi

303 2089 585 2168 ferrique,
613 2087 776 2167 quod
805 2087 1199 2149 Athenienses
1213 2099 1459 2168 optant,
1486 2090 1825 2169 expendite.
1910 2089 2066 2149 Nam
2098 2088 2385 2149 iracunda
2414 2108 2507 2148 res

304 2198 403 2248 est
430 2196 744 2267 suspectus
771 2184 1058 2246 immerito
1078 2187 1326 2257 candor,
1344 2204 1582 2268 quoque
1611 2188 1846 2268 pronior
1871 2186 2287 2248 benevolentia
2311 2185 2510 2257 fuerit,

304 2284 631 2346 acrioribus
682 2283 935 2344 stimulis
986 2285 1046 2343 in
1093 2284 1415 2346 vindictam
1464 2287 1679 2366 agitur.
1789 2287 1883 2346 13.
1929 2285 2202 2346 Ceterum
2246 2283 2378 2345 haec
2422 2286 2509 2344 ita

302 2382 521 2453 refer0‚
578 2400 699 2441 non
748 2400 867 2462 quo
916 2384 1083 2444 vobis
1127 2382 1613 2462 ingratitudinem
1663 2384 2029 2464 exprobrem,
2085 2381 2158 2442 de
2202 2402 2320 2463 qua
2358 2381 2512 2442 nihil

301 2498 551 2549 vereor:
609 2498 720 2541 nec
768 2494 836 2541 ut
882 2482 1253 2544 formidinem
1300 2483 1606 2556 incutiam,
1664 2502 1781 2563 qua
1837 2480 1984 2542 nihil
2043 2498 2194 2561 opus
2252 2482 2511 2556 futurum

304 2575 624 2638 existimo:
670 2578 775 2639 sed
825 2591 892 2639 ut
935 2580 1196 2661 Philippi
1239 2580 1307 2639 ‘in
1353 2599 1460 2640 vos
1499 2581 1809 2653 beneficia,
1850 2593 1911 2640 et
1956 2579 2213 2639 vicissim
2241 2580 2302 2637 in
2346 2580 2513 2638 illum

305 2685 510 2735 vestra
535 2676 891 2755 cogitantes,
936 2678 1391 2750 admoneamini,
1434 2696 1508 2736 ea
1552 2676 1792 2736 demum
1829 2677 1996 2735 firma
2024 2684 2202 2756 atque
2232 2685 2516 2755 perpetua
2555 2696 2559 2700 ·

306 2791 447 2832 esse
476 2771 723 2846 foedera,
765 2795 902 2853 quae
930 2774 1152 2835 servari
1191 2774 1498 2854 utriusque
1525 2773 1777 2834 intersit.
1873 2776 1962 2835 14.
2006 2772 2185 2843 Quod
2217 2772 2267 2833 si
2293 2774 2516 2852 majora

308 2877 454 2928 sunt
480 2869 640 2929 illius
669 2872 895 2945 merita,
936 2872 1104 2933 vobis
1132 2891 1293 2933 curae
1321 2871 1450 2944 erit,
1493 2880 1561 2931 ut
1602 2879 1809 2931 mutuo
1838 2870 1899 2929 in
1929 2869 2092 2930 illum
2122 2870 2319 2930 animo
2348 2870 2516 2932 sitis:

301 2966 410 3027 ille
438 2966 756 3027 maximum
783 2969 1050 3030 laborum
1097 2973 1404 3050 praemium
1447 2979 1641 3049 putat,
1691 2967 2040 3029 subvenisse
2091 2966 2367 3040 Graeciae,
2407 2988 2513 3048 pro

307 3064 484 3143 cujus
516 3066 707 3126 salute
754 3077 933 3147 atque
985 3066 1276 3147 dignitate
1325 3077 1611 3148 perpetua
1658 3085 1795 3125 cum
1837 3066 2100 3125 barbaris
2144 3065 2303 3125 bella
2349 3057 2517 3145 gerit.

317 3165 416 3223 15.
448 3163 646 3241 Atque
673 3164 899 3224 utinam
925 3159 1092 3224 illum
1118 3163 1571 3225 Atheniensium
1600 3164 1762 3223 furor
1788 3163 2027 3243 ingenio
2058 3182 2167 3222 suo
2192 3163 2274 3221 uti
2303 3182 2516 3242 passus

308 3257 522 3332 esset,‘¹
549 3257 676 3339 jam
705 3260 764 3319 in
794 3260 1249 3322 Asia-audiretis
1280 3280 1443 3326 arma
1467 3260 1656 3342 ipsius
1688 3279 1839 3332 esse,
1884 3280 2020 3339 quae
2052 3278 2212 3319 nunc
2239 3261 2518 3319 coe'rcen-

311 3356 411 3416 dis
437 3356 830 3436 improborum
858 3358 1137 3431 motibus,
1165 3359 1387 3420 invitus
1411 3377 1517 3438 per
1547 3357 1842 3418 Graeciam
1871 3356 2240 3420 circumferre
2267 3356 2518 3436 cogitur.

318 3454 421 3513 16.
468 3451 712 3513 Poterat
754 3452 990 3532 quidem
1020 3455 1222 3516 amieis
1250 3456 1714 3516 Atheniensibus
1767 3454 1877 3528 uti,
1924 3454 2037 3514 nisi
2079 3454 2218 3513 huic
2267 3454 2522 3513 Demos·

311 3550 503 3624 theni,
546 3560 724 3629 atque
755 3552 882 3611 aliis
912 3549 1287 3631 quibusdam,
1328 3555 1430 3633 qui
1464 3554 1793 3634 imperitam
1820 3551 2280 3622 multitudinem,
2321 3560 2390 3608 ut
2417 3569 2517 3608 ex-

309 3649 572 3729 positum
613 3646 808 3707 ventis
846 3667 1026 3719 mare,
1071 3650 1400 3710 orationum
1430 3668 1667 3710 suarum
1699 3669 1863 3724 aura,
1904 3669 2025 3730 quo
2053 3648 2281 3720 volunt,
2311 3646 2521 3726 impel-

309 3745 469 3818 lunt,
497 3744 846 3821 vectigalem
886 3767 948 3806 se
989 3747 1188 3808 facere
1231 3748 1566 3828 indignum,
1609 3768 1842 3827 usuque
1887 3756 1950 3805 et
1992 3743 2262 3824 exemplo
2296 3743 2520 3803 foedum

313 3841 735 3903 existimasset.
826 3845 919 3903 17.
962 3844 1200 3924 Quippe
1246 3847 1297 3905 si
1342 3843 1502 3925 apud
1547 3842 1681 3903 illos
1726 3840 2025 3903 honestati
2061 3841 2312 3922 pretium
2340 3851 2520 3911 esset,

314 3938 577 4019 gratuito
617 3939 757 3999 boni
797 3939 1011 4030 forent.
1095 3941 1326 4010 Quibus
1353 3941 1609 4002 honesta
1634 3938 1889 4001 vendere
1917 3958 2046 3999 mos
2076 3951 2190 4011 est,
2235 3938 2284 3998 si
2311 3938 2519 3997 eadem

381 4142 424 4227 ⁸·
442 4136 595 4186 Diod.
616 4138 722 4187 Sic.
745 4152 862 4191 xvi.
887 4154 941 4204 p.
964 4142 1078 4189 510.
1112 4125 1257 4191 Plut.
1274 4140 1376 4191 Pe·
1524 4145 1549 4249 Σ
1578 4137 1846 4186 Demosth.
1871 4136 1935 4186 de
1954 4136 2177 4188 Corona.

313 4215 1046 4344 ¹¹:¹32...¹¹z¹.3¹;5.¹.¹¹¹
1137 4221 1188 4268 ¹·
1460 4211 2517 4358 sumi...fluum?
