2978 4933
2307 357 2440 428 443

243 522 328 593 ad
354 541 536 593 mare
577 524 903 611 Caspium
946 534 1210 610 patens.
1298 528 1466 594 Duo.
1502 531 1695 591 terrae
1745 526 1892 610 ejus
1943 520 2128 588 velut
2168 515 2442 588 brachia

240 637 633 694 excurrunt:
678 628 902 696 media
944 629 1128 695 flexu
1158 630 1427 695 modico
1460 630 1681 694 sinum
1706 629 1983 705 faciunt,
2011 625 2194 692 lunae
2219 627 2442 692 maxi-

240 750 348 795 me
371 729 677 811 similem,
711 749 866 795 cum
895 731 1188 796 eminent
1217 751 1492 811 cornua,
1522 730 1812 796 nondum
1852 737 2066 795 totum
2095 731 2317 796 orbem
2348 730 2444 794 si-

244 831 392 896 dere
412 831 758 915 implente.
834 822 1182 913 Cercetae,¹
1205 832 1506 918 Mosyni‚
1534 839 1603 898 et
1621 833 1953 918 Chalybes
1978 852 2019 897 a
2048 834 2228 898 laeva
2250 837 2440 897 sunt:

240 935 344 1000 17.
374 935 460 998 ab
494 935 700 999 altera
726 943 919 1018 parte
948 936 1315 1020 Leucosyri
1338 942 1410 1000 et
1430 933 1850 1001 Amazonum
1873 936 2092 1020 campi
2114 957 2132 1017 ;
2163 943 2236 1000 et
2256 934 2441 1012 illos,

241 1056 373 1119 qua
425 1038 634 1120 vergit
680 1037 770 1102 ad
814 1038 1403 1121 Septemtrionem,
1455 1037 1577 1103 hos
1622 1038 1710 1103 ad
1756 1056 2076 1104 occasum
2115 1055 2449 1103 conversa

241 1144 647 1229 prospectat.
736 1140 847 1206 18.
894 1138 1087 1204 Mare
1115 1138 1505 1225 Caspium‚¹¹²
1535 1140 1837 1205 dulcius¹¹
1859 1139 2124 1219 ceteris»,
2153 1139 2446 1223 ingentis

741 370 748 375 ’
791 378 909 435 01..
955 376 1141 433 exn.
1183 367 1251 434 3.
1326 381 1400 430 A.
1444 374 1565 431 cn.
1612 376 1685 430 Ν.
1728 357 1879 431 330.

1153 1264 1515 1313 θθθιθθθθθκθ

243 1373 291 1420 2.
321 1373 450 1421 velut
488 1371 646 1422 media
687 1372 897 1423 brachia.
965 1372 1080 1422 Pal·
1111 1375 1160 1421 1.
1203 1377 1260 1421 et
1298 1371 1452 1422 Voss.
1478 1374 1530 1423 2.
1566 1385 1667 1422 non
1706 1372 1902 1422 habeut
1939 1369 2095 1421 media
2139 1376 2262 1423 ante
2282 1368 2449 1435 flexa.

242 1435 390 1485 Leid.
443 1437 646 1488 modica.
746 1439 901 1487 Voss.
964 1441 1014 1487 2.
1078 1438 1284 1486 nondum
1340 1438 1512 1500 orbem,
1585 1439 1774 1488 omisso
1845 1438 2144 1486 totum—‘1¹7
2215 1436 2441 1487 Florent.

244 1499 388 1550 Leid.
438 1503 594 1551 Voss·
640 1506 687 1551 1.
730 1511 788 1552 et
832 1503 1000 1565 Bong.
1062 1503 1271 1551 Cercetae
1311 1507 1360 1551 et
1404 1503 1656 1566 Mossyni,·
1698 1504 1849 1552 Voss.
1895 1505 1944 1557 2,
2007 1502 2195 1550 Cerceae
2235 1501 2450 1558 Motum,-

242 1564 357 1614 Pal.
401 1571 448 1615 1.
506 1567 680 1616 Ουτοι-ε
717 1567 915 1626 Mosz‘u3
967 1566 1090 1615 Ald.
1135 1566 1301 1616 Colin.
1340 1566 1546 1631 Grypb.
1597 1568 1724 1617 Bas.
1771 1567 1909 1616 Mer.
1968 1564 2127 1617 Frob.
2173 1566 2284 1615 Col.
2334 1566 2444 1614 Els.

244 1629 408 1693 Lugd.
424 1636 482 1680 et
500 1631 669 1681 Amst.
689 1632 899 1682 Ger-ceta·
920 1630 1145 1680 Mos-sini.
1211 1630 1358 1679 Leid.
1378 1638 1435 1680 et
1458 1633 1611 1681 Voss.
1632 1637 1678 1682 l.
1697 1637 1745 1680 2.
1765 1636 1815 1680 et
1834 1630 2019 1678 Galiba
2032 1644 2054 1686 ,·
2087 1627 2210 1676 Ald.
2233 1635 2283 1676 et
2302 1630 2446 1692 Caly·

244 1689 338 1743 bes.
404 1695 641 1747 Florent.
664 1696 811 1745 Leid.
827 1697 973 1746 Voss.
990 1701 1038 1745 l.
1061 1695 1183 1745 Ald.
1209 1696 1375 1744 Colin.
1396 1696 1600 1758 Grypb.
1623 1694 1762 1745 Mer.
1779 1696 1906 1744 Bas.
1925 1698 1982 1742 et
2000 1693 2111 1742 Elz.
2132 1696 2178 1741 et
2199 1691 2259 1741 ab
2278 1694 2445 1742 altera.

243 1757 360 1809 Pal.
391 1764 443 1809 l.
489 1760 751 1817 ιουοοσίιις
782 1761 936 1808 Voss.
958 1762 1010 1807 2.
1044 1757 1276 1809 Lecosiri.
1342 1759 1459 1808 Pal.
1483 1763 1533 1809 1.
1566 1765 1615 1808 et
1651 1758 1958 1809 Amazonum.
2023 1757 2174 1806 Frob.
2212 1772 2304 1820 qua
2339 1772 2445 1807 uer·

242 1827 395 1883 gunn-
430 1829 488 1873 et
525 1837 665 1888 mox,
690 1828 1145 1888 prospectant.—18
1177 1824 1330 1873 Voss.
1358 1827 1408 1874 2.
1448 1823 1648 1874 omittit
1684 1829 1953 1889 coementes,⁸
1986 1835 2084 1888 pro
2114 1837 2217 1886 quo
2240 1821 2359 1872 Ald.
2390 1828 2445 1879 et

1237 1956 1451 2009 NOTIE
2094 1908 2113 1935 a

241 2052 309 2102 hil
344 2053 591 2103 incertius
627 2053 730 2104 ista
767 2055 1025 2105 nominum
1064 2062 1299 2106 veterum

241 2131 292 2179 iu
311 2131 541 2180 recentia
565 2133 963 2195 permutatione,
984 2146 1101 2185 cum
1118 2147 1213 2182 nec
1236 2133 1300 2182 si-

243 2212 341 2269 tus,
380 2220 479 2256 nec
521 2206 706 2257 divisio
745 2209 1053 2273 plerumque
1088 2223 1300 2272 respon-

247 2280 420 2333 deant.

301 2355 316 2390 ¹
334 2358 571 2422 Cercetoe]
587 2359 759 2410 Multa
774 2361 954 2425 paucis
968 2368 1149 2412 contra
1163 2359 1302 2412 Geo-

244 2435 504 2499 graphiam
531 2442 719 2499 peccat
743 2436 955 2487 Curtius
976 2453 991 2487 x
1014 2452 1131 2488 nam
1150 2443 1211 2488 ut
1228 2437 1305 2488 ni-

244 2510 310 2560 hil
324 2510 512 2574 dicam,
532 2512 674 2561 illum
693 2520 848 2563 terrae
864 2512 1054 2564 flexum
1072 2515 1124 2563 in
1142 2514 1305 2564 Lunae

246 2587 525 2637 crescentis
564 2587 810 2651 speciem,
833 2588 922 2652 qui
954 2588 1093 2652 apud
1128 2587 1304 2638 Strab.

246 2660 335 2712 lib.
360 2676 442 2715 ιι.
466 2667 526 2712 et
557 2663 696 2713 Plin.
717 2665 805 2715 lib.
827 2679 907 2716 vr.
942 2677 1059 2728 cap.
1082 2669 1164 2715 13.
1201 2664 1301 2713 toti

248 2738 417 2802 Caspii
456 2740 612 2789 maris
646 2755 749 2790 orae
771 2739 1006 2790 Australi
1032 2739 1304 2802 tribuitur,

249 2813 311 2862 ad
334 2816 484 2866 solius
523 2817 806 2881 Hyrcaniae
840 2817 990 2867 littus
1027 2816 1302 2880 restringi3

247 2888 359 2952 hoc,
401 2893 629 2957 inquam,
668 2901 728 2943 ut
765 2894 1018 2957 omittam,
1055 2893 1310 2959 quam-te

246 2979 462 3032 cumque
491 2970 561 3017 in
608 2979 808 3032 partem
864 2975 1159 3033 convertas,
1199 2985 1302 3021 non

248 3042 461 3104 quadrat
484 3043 656 3093 Curtii
679 3044 982 3109 descriptio.
1009 3051 1043 3084 -‘
1067 3044 1115 3095 A
1140 3044 1306 3109 laeva,·

248 3117 428 3183 iuquit,
448 3122 464 3149 ⁴
488 3121 764 3185 Cercetae}
788 3124 803 3150 ‘
822 3122 1067 3187 Mosyni,'
1086 3124 1103 3151 ‘
1118 3122 1307 3187 Chaly-

248 3192 369 3244 bes?
435 3198 583 3250 Quot
619 3199 797 3261 verba,
822 3206 901 3249 tot
926 3206 1115 3250 errata.
1179 3200 1306 3249 Cer-

249 3279 376 3321 cetae
408 3274 490 3324 vel
526 3274 756 3324 Cercetii
790 3274 855 3323 ad
888 3275 1111 3325 Boreale
1144 3274 1306 3325 Ponti

252 3347 434 3399 Euxini
468 3350 616 3400 littus
645 3357 813 3412 erant,
837 3366 867 3400 e
901 3351 1107 3414 regione
1142 3352 1307 3400 Ther-

251 3426 537 3476 modoontis
558 3442 620 3476 ac
634 3427 1002 3492 Themiscyroe.
1034 3427 1136 3478 Sed
1163 3428 1310 3491 alios,

253 3501 315 3550 de
355 3504 541 3568 quibus
579 3504 660 3554 bic
699 3504 780 3568 agi
827 3512 1026 3568 putem,
1070 3505 1308 3554 Cercitas

254 3592 420 3628 versus
457 3580 800 3638 Pharnaciam
835 3587 893 3630 et
924 3581 1307 3644 Trapezuntem

254 3656 474 3706 collocat
500 3656 720 3718 Strabo;
752 3670 851 3707 nec
887 3659 1067 3721 procul
1104 3656 1170 3706 ab
1195 3657 1308 3708 istis

255 3732 522 3797 Mosynos,
536 3736 648 3784 sive
669 3735 1104 3798 Mosynoecos‚·ad
1130 3743 1305 3786 extre-

254 3821 357 3857 mas
396 3809 652 3875 Scydissis
692 3811 882 3860 montis
921 3818 1134 3874 partes3
1161 3811 1310 3862 :isto-

258 3896 466 3949 rumque
509 3887 701 3936 vicinos
741 3885 869 3937 facit
908 3888 1186 3951 Chalybes,
1218 3889 1306 3953 qui

257 3958 477 4011 Chaldaei
498 3961 755 4025 quondam
775 3962 901 4012 dicti
925 3971 1045 4013 sunt
1066 3979 1079 4012 ι
1112 3968 1128 3991 ‘
1149 3978 1307 4027 penes

258 4048 378 4098 quos
401 4036 759 4101 potissimum}
779 4039 966 4102 inquit,
982 4040 998 4067 ‘
1019 4039 1310 4089 Pharnacia

259 4111 369 4173 est,’
408 4112 726 4177 Cappadocii
767 4114 923 4163 Ponti
963 4113 1208 4177 oppidum
1242 4114 1308 4164 ad

259 4186 525 4249 Euxinum,
541 4189 680 4239 sicut
702 4197 758 4239 et
772 4188 1055 4253 Trapezus.
1098 4189 1309 4256 Strabo-

260 4263 310 4310 ni
345 4265 625 4316 concordat
656 4265 858 4315 Plinius
897 4266 988 4317 lib.
1005 4280 1091 4323 ,vn
1117 4281 1232 4332 cap.
1257 4272 1306 4317 4.

1380 2063 1436 2106 et
1451 2062 1500 2107 5.
1521 2056 1742 2121 Dionys.
1756 2051 2082 2119 Periegetes,
2095 2051 2303 2117 aliique.
2337 2051 2390 2103 N
2394 2051 2447 2101 e-

1381 2148 1464 2183 mo
1488 2134 1550 2182 ud
1578 2132 1823 2199 Caspium
1850 2133 2002 2180 Mare
2027 2129 2277 2194 reposuit.
2345 2129 2448 2177 Ea·

1382 2210 1501 2259 dem
1545 2211 1600 2258 in
1646 2208 1952 2272 Leucosyris
1999 2213 2058 2256 et
2101 2205 2448 2255 Amazonibus

1381 2287 1447 2337 ad
1484 2285 1718 2336 dextram
1757 2283 2038 2348 Hyrcaniae
2067 2280 2451 2331 constituendis

1382 2363 1663 2415 aberratio.
1747 2362 1762 2389 ‘
1785 2358 2095 2425 Leucosyri'
2137 2361 2448 2415 Ptolemaro,

1382 2440 1644 2505 Straboni,
1668 2438 1863 2503 Plinio,
1887 2436 2162 2502 Dionysio,
2181 2439 2281 2487 διο.
2313 2435 2449 2499 Cap-

1383 2517 1619 2583 padociae
1660 2516 1836 2581 populi
1872 2515 1935 2565 ad
1961 2515 2238 2572 Euxinum,
2270 2523 2450 2565 versus

1381 2592 1782 2645 Thermodontis
1805 2591 1971 2652 ostia;
2003 2590 2090 2639 nbi
2114 2596 2171 2640 et
2197 2591 2214 2617 ⁸
2233 2588 2452 2639 Amazo-
2506 2595 2512 2601 '

1383 2684 1505 2719 num
1540 2666 1746 2732 campi,'
1771 2665 1837 2716 de
1871 2666 2055 2730 quibus
2095 2664 2179 2713 bic
2219 2666 2451 2729 loquitur

1383 2746 1616 2806 Curtius,
1660 2752 1717 2793 et
1753 2741 2104 2805 Themiscyra.
2168 2742 2450 2806 Leucosyri

1384 2835 1477 2871 cur
1493 2822 1567 2871 ita
1591 2819 1718 2870 dicti
1742 2819 1866 2877 sint,
1885 2817 2023 2881 apud
2045 2816 2357 2868 Strabonem
2378 2819 2452 2867 le-

1384 2908 1473 2959 ges
1497 2896 1590 2946 lib.
1611 2908 1736 2945 ΧΠ.
1790 2892 2117 2944 Eustathium
2155 2892 2210 2942 in
2235 2894 2452 2958 Dionys}

1382 2974 1475 3023 lib.
1498 2986 1576 3023 vr.
1629 2974 1713 3021 De
1747 2970 2098 3021 Amazonibus
2134 2969 2450 3019 inferius‘ad

1384 3054 1546 3114 caput
1581 3054 1630 3098 5.
1683 3046 1863 3111 Atque
1902 3046 1988 3122 bic
2030 3045 2173 3095 vides
2209 3046 2451 3110 Caspium

1384 3126 1538 3176 Mare
1563 3139 1680 3174 cum
1710 3124 1914 3173 Euxiuo
1946 3120 2200 3172 confundi
2230 3122 2298 3171 ab
2324 3123 2455 3172 Cur·

1386 3203 1497 3264 tio;
1519 3202 1664 3265 cujus
1686 3199 1876 3250 erroris
1898 3199 2153 3262 originem
2176 3213 2296 3248 mox
2319 3198 2453 3248 india

1386 3278 1637 3339 cabimus,
1664 3288 1989 3340 progressum
2024 3274 2115 3324 lib.
2138 3285 2239 3323 vn.
2265 3288 2380 3337 cap.
2401 3280 2453 3324 6.

1390 3355 1531 3405 Hinc
1551 3355 1641 3403 illa
1662 3354 1728 3402 de
1752 3352 2032 3417 Hyrcaniae
2057 3351 2155 3400 situ
2178 3348 2452 3414 σφάλματα.

1452 3440 1491 3467 ¹²¹
1512 3433 1656 3482 Mare
1675 3428 1921 3494 Caspium]
1945 3428 1993 3477 A
2017 3428 2223 3491 Caspiis
2246 3428 2453 3492 populis

1388 3508 1638 3559 Australe
1660 3507 1810 3556 littus
1823 3502 2168 3554 incolentibus
2188 3502 2455 3565 Caspium,

1388 3584 1454 3633 ab
1495 3582 1757 3647 Hyrcanis
1793 3577 2117 3645 Hyrcanum
2137 3578 2454 3643 appellatur.

1386 3661 1474 3711 De
1498 3660 1608 3724 ejus
1639 3658 1840 3722 origine
1874 3656 2031 3707 varioe
2052 3663 2175 3704 sunt
2215 3656 2455 3720 antiquo-

1388 3750 1501 3785 rum
1523 3734 1818 3795 sententiae,
1844 3746 1969 3797 quas
1989 3732 2073 3781 hic
2091 3732 2298 3783 Curtius
2315 3737 2454 3781 retu·

1387 3811 1479 3873 lit3
1506 3810 1651 3861 falsae
1671 3823 1870 3872 omnes,
1888 3809 1941 3857 si<
1957 3808 2173 3871 praecise
2196 3803 2458 3872 accipian·

1389 3883 1489 3937 tur.
1513 3887 1577 3936 In
1588 3886 1772 3935 mediis
1791 3885 1927 3935 enim
1945 3885 2099 3935 terris
2113 3884 2454 3934 itainclusum

1389 3972 1487 4025 est,
1511 3971 1567 4012 ut
1590 3959 1748 4025 nullo,
1775 3961 1910 4026 quod
1937 3962 2144 4026 quidem
2176 3971 2453 4025 appareat,

1388 4041 1520 4090 ostio
1540 4041 1774 4090 Indicum
1799 4040 2162 4103 Scythicumve
2185 4038 2454 4089 Oceanum

1390 4116 1640 4179 excipiat,
1660 4114 1800 4180 qnod
1831 4114 2020 4166 Strabo
2053 4115 2375 4164 existimavit
2397 4123 2454 4165 et

1389 4192 1626 4253 Pllnius3
1662 4192 1742 4241 vel
1766 4192 1998 4241 Maeotim
2030 4190 2291 4256 paludem,
2314 4194 2453 4256 quod

1392 4270 1480 4321 alii
1521 4275 1814 4334 senserunt,
1849 4275 1904 4320 et
1931 4268 2051 4319 huic
2088 4274 2264 4328 nostro
2289 4268 2453 4321 visum
