2978 4933
482 368 573 434 72
1272 387 1334 437 s.
1374 386 1891 484 ‘runrusnuun

482 539 709 611 quanta
761 531 930 610 equis
978 531 1298 613 pernicitas
1341 534 1549 595 esset?
1603 545 1750 616 quot
1796 534 2023 596 dierum
2067 533 2276 595 itinere
2328 531 2690 596 Macedonia

484 628 732 691 distaret
776 628 988 693 Susis?
1029 651 1163 711 quae
1189 631 1315 711 regi
1346 650 1576 692 morum
1604 632 1721 706 via,
1749 651 2008 713 qumque
2033 631 2374 693 exercitatio
2399 633 2688 712 corporis,

482 735 663 804 atque
711 727 910 807 opinio
943 727 1173 789 virtutis
1215 729 1370 790 foret
1383 728 1434 794 ἵζ’
1518 732 1620 791 25.
1663 730 1907 804 Postea,
1951 751 2087 792 cum
2107 729 2477 811 deprecante
2504 732 2688 790 fratre

484 825 824 886 Memnonis
854 827 1149 902 Mentore,
1177 828 1346 908 cujus
1369 846 1628 889 sororem
1654 829 1726 889 in·
1737 828 2113 890 matrimonio
2139 828 2470 889 Artabazus
2501 827 2686 887 habe-

481 923 635 995 bat,'¹
674 943 808 989 cum
848 927 1121 987 exulibus
1164 927 1220 986 in
1253 927 1504 1007 gratiam
1532 927 1811 989 rediisset
1832 928 2062 999 Ochus,
2090 946 2311 1006 eosque
2340 946 2377 986 a
2406 926 2688 1005 Philippo

482 1031 811 1101 repeteret;
853 1023 1193 1086 Alexander
1239 1026 1473 1105 legatos
1514 1026 1744 1087 eximiae
1771 1027 1833 1087 in
1862 1025 2099 1089 tantilla
2120 1035 2302 1087 aetate
2327 1023 2552 1085 indolis
2582 1024 2692 1084 ad-

481 1119 805 1181 miratione
819 1122 905 1183 ita
926 1124 1197 1203 perculit,
1226 1136 1294 1184 ut
1315 1144 1469 1185 unus
1499 1145 1703 1186 eorum
1730 1126 1793 1185 in
1819 1125 1951 1185 hoec
1978 1124 2159 1186 verba
2200 1131 2611 1206 prorumperet
2633 1142 2648 1182 ε
2667 1128 2688 1152 ’

480 1223 500 1251 ‘
524 1217 639 1281 Hic
684 1218 922 1298 quidem
968 1240 1112 1301 puer
1154 1222 1414 1302 Magnus
1458 1232 1552 1283 est
1599 1222 1766 1291 Rex;
1828 1232 2029 1283 noster
2077 1241 2240 1294 vero,
2290 1219 2501 1280 dives!
2588 1221 2688 1279 26.

483 1315 634 1376 Haec
654 1328 851 1378 antem
871 1338 1008 1380 cum
1028 1321 1236 1381 merito
1256 1321 1495 1399 quidem
1525 1331 1754 1382 naturae
1785 1341 1912 1381 suae
1933 1320 2148 1382 debere
2174 1319 2495 1391 videretur,
2524 1315 2689 1377 haud

479 1412 674 1472 minus
721 1414 1077 1477 institutioni
1132 1417 1356 1479 debuit.
1463 1419 1617 1478 Nam
1668 1427 1835 1498 pater
1892 1419 2040 1481 satis
2095 1435 2339 1496 gnarus,
2392 1424 2689 1495 quantum

483 1509 914 1589 Epaminondae
955 1515 1368 1576 commercium
1399 1517 1509 1575 sibi
1550 1516 1920 1595 profuisset,¹
1961 1525 2303 1596 quantoque
2349 1513 2524 1594 plura
2565 1511 2689 1572 elo-

482 1608 747 1685 quentia,
774 1630 953 1690 quam
982 1612 1038 1673 vi
1066 1612 1445 1685 confecisset,
1474 1631 1706 1672 summa
1734 1632 1878 1685 cura
1918 1613 2287 1683 incubuerat,
2314 1618 2381 1669 ut
2416 1628 2453 1669 a
2481 1620 2692 1669 tenera

485 1703 682 1765 statim
712 1716 889 1767 aetate
913 1708 1242 1769 liberalium
1274 1710 1485 1769 artium
1521 1710 1734 1770 studiis
1764 1711 1945 1790 probe
1970 1710 2350 1769 imbueretur.
2431 1710 2538 1765 27.
2572 1706 2692 1787 Igi-

482 1811 576 1860 tur
624 1802 1018 1878 Aristotelem,
1066 1808 1267 1885 magni
1296 1807 1551 1866 nominis
1580 1807 2023 1888 philosophum,
2052 1806 2394 1886 ingentibus
2425 1804 2690 1884 praemiis

512 1910 790 1961 vocatum
821 1904 1095 1983 perpulit,
1137 1915 1205 1964 ut
1232 1904 1409 1964 etiam
1451 1906 1639 1986 prima
1667 1905 1968 1966 literarum
1998 1905 2292 1964 elementa
2331 1922 2517 1983 puero
2547 1913 2689 1962 tra-

483 1995 693 2058 deret.y
723 1999 851 2060 Nec
881 2001 1085 2060 abnuit
1112 2002 1195 2061 vir
1223 2000 1637 2074 doctissimus,
1661 2002 2199 2080 cumintelligeret,
2219 2009 2505 2081 quantum
2523 2011 2690 2061 esset

482 2113 518 2157 a
546 2096 833 2177 principio
872 2108 1030 2160 recte
1051 2099 1262 2159 instrui
1291 2099 1492 2160 multis
1522 2100 1975 2179 imperaturum;
2019 2100 2354 2178 frustraque
2383 2097 2688 2159 contemni

480 2213 588 2273 pro
617 2196 811 2273 parvis
839 2197 966 2257 sine
988 2198 1201 2276 quibus
1242 2196 1319 2257 ad
1349 2197 1574 2276 majora
1601 2196 2051 2274 profectus-non
2082 2204 2262 2257 esset.
2344 2198 2446 2254 24.
2490 2193 2688 2255 Variis

483 2290 700 2350 deinde
745 2294 1058 2371 magistris,
1089 2305 1156 2354 ut
1201 2295 1353 2353 alius
1401 2294 1519 2352 alia
1551 2302 1691 2353 ,arte
1734 2293 2080 2365 excellebat,
2130 2312 2296 2365 usus,
2341 2313 2464 2354 non
2501 2291 2688 2352 modo

484 2398 741 2449 mentem
768 2391 1023 2470 egregiis
1051 2390 1320 2470 implevit
1346 2389 1719 2469 disciplinis:
1763 2410 1961 2451 verum
2010 2391 2188 2450 etiam
2235 2409 2450 2471 corpus
2492 2390 2689 2449 omnis

485 2487 715 2563 generis
744 2487 1284 2560 exercitationibus,
1314 2487 1389 2548 ad
1423 2507 1591 2547 usum
1624 2487 1929 2560 bellorum,
1974 2498 2036 2548 et
2079 2490 2426 2569 patientiam
2462 2488 2688 2550 laboris

483 2583 785 2646 edomuit:
831 2607 905 2646 ne
933 2600 1058 2647 tum
1106 2586 1345 2666 quidem
1396 2606 1645 2661 vaenue,
1701 2605 1836 2647 cum
1873 2586 2045 2647 otiari
2092 2587 2423 2655 videreturz
2464 2585 2687 2668 quippe
2789 2639 2799 2649 .

483 2682 625 2763 pila,
654 2685 745 2744 vel
775 2682 1091 2746 saltatione
1119 2681 1289 2758 virili„
1332 2704 1451 2745 uon
1503 2696 1623 2746 tam
1673 2683 1916 2745 laxabat
1962 2683 2241 2758 animum,
2289 2703 2469 2765 quam
2512 2684 2684 2745 seriis

483 2782 785 2861 obsequiis
814 2785 1076 2844 membra
1104 2786 1499 2864 praeparabat.

563 2880 675 2938 ΙΙΙ.
753 2883 806 2940 1.
852 2882 1178 2963 Postquam
1223 2882 1439 2943 deiude
1485 2892 1634 2943 setas
1663 2893 1725 2943 et
1752 2882 2050 2961 ingenium
2079 2879 2380 2961 paulisper
2402 2877 2683 2948 adolevit,

471 2975 715 3057 jamque
745 2982 1131 3041 severioribus
1160 2981 1374 3042 studiis
1404 2980 1657 3041 idoneus
1688 2981 1849 3042 visus
1880 2989 1992 3048 est,
2023 2986 2380 3051 revocatum,
2412 2976 2515 3055 qui
2557 2985 2686 3037 tum

484 3077 644 3154 apud
701 3077 1077 3158 Mitylenaeos
1133 3081 1372 3158 agebat,
1430 3077 1806 3139 Aristotelem
1863 3077 2147 3137 continuo
2197 3094 2398 3136 seeum
2439 3073 2683 3145 habuit,

482 3172 671 3237 donec
697 3185 834 3255 post
860 3190 1106 3236 mortem
1136 3175 1542 3257 patris-rerum
1570 3177 1814 3255 potitus,
1843 3176 1902 3260 in
1927 3174 2130 3233 Asiam
2159 3171 2545 3250 transjioeret.
2620 3175 2681 3231 2.

485 3271 620 3338 Quo
667 3274 945 3352 temporis
999 3274 1191 3353 spatio
1242 3273 1524 3355 quicquid
1570 3293 1606 3333 a
1648 3283 1817 3332 tanto
1861 3280 2223 3351 praeceptore
2268 3268 2428 3329 tradi
2469 3270 2679 3347 potuit,

481 3369 813 3447 perdidicit.
901 3371 1357 3451 Cognoscendae
1403 3391 1595 3431 rerum
1627 3379 1855 3434 naturoe
1876 3390 1906 3418 ι
1940 3380 2110 3430 tanto
2136 3367 2366 3428 avidius
2393 3366 2682 3436 incubuit,

482 3478 707 3546 quanto
724 3471 1109 3548 pertinaciore
1142 3490 1247 3551 spe
1273 3470 1579 3550 imperium
1609 3468 1867 3529 universi
1889 3468 2047 3527 orbis
2068 3475 2449 3546 preceperat.
2492 3464 2680 3543 Cujus

481 3565 921 3646 indagationem
980 3578 1190 3648 postea
1242 3588 1478 3647 quoque
1530 3566 1776 3647 adjuvit,
1825 3565 2004 3646 plane
2049 3565 2211 3643 regio
2253 3573 2316 3623 et
2362 3562 2579 3634 auimo,
2623 3569 2683 3620 et

482 3677 699 3726 sumtu.
788 3670 845 3728 3.
892 3666 1218 3739 Aristoteli,
1247 3687 1366 3746 quo
1397 3675 1641 3726 naturas
1684 3662 2025 3724 animalium
2060 3661 2279 3722 certius
2320 3667 2500 3739 atque
2545 3677 2681 3738 per.-

483 3765 744 3841 spectius
794 3766 1178 3826 commentari
1219 3773 1445 3850 posset,
1491 3775 1616 3823 tota
1654 3763 1799 3823 Asia
1836 3759 2192 3840 Graeciaque
2218 3776 2423 3838 parere
2456 3755 2683 3835 jussit,¹²

483 3870 773 3941 quotquot
802 3876 1038 3935 venatu,
1069 3864 1341 3946 aucupio,
1368 3862 1675 3945 piscatuve
1704 3861 1882 3932 vitam
1912 3858 2265 3928 tolerabant,
2296 3864 2400 3915 aut
2421 3854 2678 3933 aliquam

546 4074 570 4100 ¹¹
596 4065 750 4118 Diod.
772 4067 875 4117 Sic.
901 4082 1025 4119 xvr.
1044 4084 1097 4132 p.
1121 4072 1236 4119 638.
1621 4065 1672 4117 N
1679 4069 1783 4114 oct.
1807 4062 1922 4114 Att.
1940 4075 2019 4113 rx.
2042 4066 2092 4113 3.

514 4199 517 4200 ⁷
546 4152 570 4178 ⁷
592 4145 735 4194 Plut.
756 4144 822 4194 de
849 4146 994 4194 Fort-
1016 4145 1169 4196 Alex.
1187 4159 1252 4195 ιι.
1277 4149 1360 4194 24.
1685 4149 1710 4175 ⁸
1741 4140 1901 4202 Diog.
1939 4138 2114 4188 Lae'rt.
2156 4136 2212 4186 in
2257 4134 2479 4186 Aristot.
2534 4133 2675 4183 Plut.

546 4229 571 4255 ³
595 4223 752 4271 Diod.
776 4222 876 4272 Sic.
901 4236 1017 4273 xvr.
1040 4238 1092 4285 p.
1116 4227 1231 4272 51⁰.
1624 4218 1774 4269 Alex.
1797 4232 1849 4279 p.
1871 4219 1986 4265 668.

546 4307 566 4342 5
586 4299 837 4352 Quinctil.
857 4299 989 4352 Inst.
1005 4300 1158 4352 Orat.
1174 4314 1211 4350 1.
1231 4302 1278 4351 1.
1299 4304 1381 4350 20.
1401 4298 1540 4351 Geli.
1698 4293 1720 4327 b
1745 4293 1886 4345 Pliu.
1912 4290 2052 4352 Hist.
2075 4290 2200 4341 Nat.
2224 4301 2349 4340 vm.
2369 4291 2449 4339 10.
