2978 4933
759 426 1022 476 surm..
1073 424 1152 472 m
1202 424 1269 485 Q.
1316 422 1663 475 cultrum
1720 421 1863 471 Lis.
1910 422 1959 470 1.
2113 388 2117 394 ’
2371 407 2461 475 99

247 591 430 652 seges
458 571 716 648 texerat)
744 568 930 633 territi
965 567 1148 630 Getae
1173 565 1275 628 vix
1301 564 1556 647 primum
1606 564 1806 627 emissi
1850 565 2148 646 equitatus
2176 565 2461 649 impetum

244 669 462 732 talene.
545 673 607 734 5.
652 670 734 731 Ut
788 666 1001 729 deinde
1047 686 1183 728 cum
1236 664 1543 747 phalange
1598 664 1862 726 Nicanor
1914 664 2226 739 successit,
2275 664 2465 728 effuso

244 788 430 829 cursu
456 769 665 829 urbem
695 776 949 849 quatuor
970 764 1153 827 ferme
1188 780 1475 845 passuum
1508 762 1769 824 millibus
1798 782 1836 824 a
1863 762 2103 826 flumine
2145 760 2464 825 distantem

242 866 632 946 petiveruntz
675 884 837 940 mox,
879 865 1142 926 instante
1183 860 1547 937 Alexandro,
1585 858 1810 937 avectis
1852 862 2201 944 conjugibus
2238 862 2466 923 liberis-

245 983 393 1042 que,
424 973 575 1044 quot
601 982 803 1025 eorum
833 962 1001 1044 equis
1029 961 1252 1043 eripere
1279 970 1617 1043 potuerant,
1654 969 1885 1023 ceteros
1925 961 2208 1043 reliquere
2237 960 2468 1021 victori.

244 1062 306 1121 6.
356 1060 484 1121 Eos
532 1081 636 1122 rex
679 1060 983 1143 Meleagro
1031 1070 1093 1123 et
1140 1059 1417 1141 Philippo
1467 1059 1858 1121 abducendos
1908 1058 2108 1121 dedit:
2151 1060 2466 1140 excisaque

244 1157 448 1232 urbest
475 1167 539 1219 et
571 1160 636 1220 in
676 1160 802 1240 ripa
825 1158 1084 1220 fluminis
1112 1158 1250 1221 Jovi
1279 1157 1641 1238 Herculique
1689 1166 1754 1218 et
1796 1157 1907 1239 ipsi
1942 1157 2115 1232 Istro,
2143 1158 2245 1240 qui
2269 1169 2465 1219 trans-

246 1256 422 1317 eunti
468 1257 759 1338 propitius
800 1258 1032 1331 suisset,
1063 1256 1181 1318 aris
1222 1255 1607 1330 consecratis,
1636 1254 1846 1317 eodem
1883 1255 1979 1317 die
2015 1254 2254 1318 reduxit
2294 1274 2472 1317 exer·

245 1354 459 1427 citum,
507 1354 818 1416 incruenta
859 1355 1110 1417 victoria
1150 1355 1397 1437 potitus.
1484 1358 1541 1415 7.
1586 1354 1891 1416 Venerunt
1932 1352 2148 1415 deiude
2189 1354 2467 1414 finitima-

245 1470 382 1511 rum
415 1451 707 1532 gentium,
738 1452 1048 1535 Syrmique
1072 1453 1229 1533 regis
1256 1461 1521 1515 oratores
1562 1470 1699 1513 cum
1729 1449 1923 1524 donis,
1950 1471 2085 1532 quoe
2115 1452 2272 1534 apud
2300 1452 2466 1531 ipsos

245 1548 307 1611 in
361 1548 562 1628 pretio
599 1548 912 1612 habentur.
998 1549 1282 1611 Germani
1309 1569 1567 1631 quoque,
1596 1548 1699 1628 qui
1751 1568 1940 1629 usque
1969 1568 2008 1608 a
2033 1548 2297 1610 sontibus
2330 1551 2465 1610 Istri

248 1656 448 1707 terras
475 1645 558 1708 ad
586 1647 779 1709 sinum
808 1646 1176 1708 Adriaticum
1204 1657 1546 1727 spectantes
1576 1645 1871 1718 habitant,
1891 1646 2124 1726 legatos
2160 1648 2465 1709 miserant.
2506 1671 2512 1675 ·

251 1742 419 1805 Nam
449 1746 604 1807 Ister
626 1745 690 1805 in
721 1744 1044 1807 Germania
1069 1745 1296 1807 oritur:
1337 1744 1451 1826 ipsi
1492 1744 1686 1826 patrio
1714 1742 2004 1804 vocabulo
2032 1751 2048 1780 ‘
2082 1744 2424 1805 Danubium
2448 1744 2463 1772 ’

250 1840 593 1923 appellant.
631 1850 652 1859 “
675 1846 737 1903 8.
781 1842 1256 1924 Magnitudinem
1281 1861 1597 1924 corporum
1621 1839 2068 1921 animorumque
2094 1842 2460 1903 alacritatem

251 1938 591 2000 admiratus
619 1939 961 2001 Alexander
987 1940 1395 2022 interrogavit,
1421 1945 1441 1976 ‘
1472 1932 1773 2012 Quidnam
1795 1937 2056 2000 omnium
2083 1939 2335 2023 maxime
2362 1959 2464 1999 ve-

253 2045 530 2098 rerentur
549 2035 596 2096 2⁹
633 2047 854 2121 putans
874 2057 1042 2098 suam
1062 2038 1390 2119 potentiam
1410 2035 1843 2103 formidabilem
1871 2035 2017 2115 ipsis
2040 2055 2194 2110 esse,
2216 2055 2467 2116 eamque

257 2152 322 2194 se
367 2132 813 2196 confessionem
861 2152 1272 2215 expressurum
1295 2153 1311 2195 ε
1331 2158 1355 2187 e
1396 2132 1480 2193 illi
1504 2140 1526 2169 =‘
1556 2132 1702 2192 nihil
1742 2152 1806 2192 se
1849 2151 2206 2215 magnopere
2248 2133 2433 2193 vereri
2455 2130 2473 2158 ⁹

257 2228 726 2313 responderunt,
778 2238 795 2266 ⁸
828 2229 941 2291 nisi
991 2230 1162 2303 forte,
1212 2249 1298 2291 ne⁴
1343 2228 1558 2290 eoelum
1611 2230 1673 2290 in
1718 2229 1884 2311 ipsos
1937 2241 2169 2291 rueret:
2213 2239 2473 2297 ceterum

255 2326 520 2390 virorum
540 2327 778 2388 fortium
800 2327 1115 2389 amicitiam
1136 2326 1369 2407 plurimi
1389 2326 1629 2387 facere.'
1709 2329 1768 2389 9.
1812 2326 2129 2388 Perculsus
2159 2325 2474 2408 improviso

173 2441 178 2445 ·
257 2443 553 2506 responso
599 2424 781 2506 paulo
825 2423 1093 2495 reticuit;
1163 2424 1380 2486 deinde
1429 2423 1548 2486 hoc
1589 2442 1773 2488 unum
1817 2422 2051 2498 effatus,
2095 2431 2112 2461 ‘
2144 2424 2474 2488 Germanos

261 2533 616 2603 arrogantes
663 2522 835 2597 esse,'
866 2523 1083 2596 foedus,
1104 2534 1169 2585 ut
1207 2524 1449 2605 petiere,
1470 2522 1711 2603 junxit;
1758 2524 2087 2604 Syrmoque
2128 2534 2190 2583 et
2229 2524 2472 2606 reliquis

260 2637 473 2698 pacem
504 2618 706 2682 dedit:
751 2620 900 2681 satis
940 2619 1143 2701 gloriae
1172 2640 1244 2682 ea
1272 2621 1649 2702 expeditione
1677 2631 1912 2701 partum
1936 2621 2300 2693 existimans,
2330 2631 2391 2680 et
2415 2622 2473 2680 in

264 2715 581 2779 Persicum
628 2714 846 2777 bellum
897 2718 1092 2777 animo
1133 2736 1476 2790 conversus,
1506 2715 1668 2776 unde
1713 2736 1850 2777 cum
1890 2715 2094 2778 leviori
2135 2716 2473 2777 discrimine

262 2812 447 2894 longe
485 2812 680 2893 majus
708 2833 907 2894 operoe
946 2815 1200 2895 pretium
1228 2815 1670 2896 expectabatur.
1763 2815 1857 2875 10.
1898 2815 2164 2876 Taxasse
2203 2814 2265 2875 id
2294 2829 2482 2877 avun-

265 2909 468 2970 culum
512 2909 644 2988 ejus
690 2910 1095 2973 Alexandrum
1146 2910 1430 2985 constat,‘¹
1455 2930 1595 2972 cum
1633 2910 1815 2993 paulo
1851 2922 1990 2993 post
2029 2911 2189 2974 bello
2215 2913 2276 2972 in
2308 2912 2480 2974 Italia

268 3005 540 3086 gerendo
569 3007 949 3087 fatigaretur:
992 3029 1132 3069 nam
1153 3015 1170 3045 ‘
1191 3008 1550 3091 inaequalem
1592 3009 1903 3091 utriusque
1946 3019 2164 3072 sortem
2210 3022 2481 3093 questus,

270 3105 383 3166 sibi
445 3125 584 3167 cum
639 3106 776 3168 viris
830 3127 1096 3188 pugnam
1148 3109 1456 3171 evenisse’
1509 3108 1683 3182 dixit,
1739 3115 1757 3144 ⁶
1786 3108 2107 3171 Macedoni
2161 3129 2295 3170 cum
2352 3129 2483 3170 mu·

266 3202 553 3263 lieribus!
639 3204 734 3264 11.
793 3205 1075 3267 Ceterum
1142 3206 1386 3285 regulos
1446 3205 1762 3279 Thracum,
1818 3207 2037 3288 quique
2094 3206 2196 3268 alii
2245 3205 2329 3267 ad
2384 3226 2478 3268 res

271 3298 583 3361 novandas
624 3300 835 3380 opibus
886 3312 991 3364 aut
1041 3302 1252 3363 animis
1305 3302 1505 3365 idonei
1552 3291 1926 3377 videbantur,
1975 3305 2172 3386 specie
2216 3303 2479 3376 honoris,

271 3403 558 3476 tanquam
583 3397 1013 3462 commilitones
1041 3399 1327 3462 adversus
1355 3400 1574 3462 Persas
1595 3401 1934 3476 ascisceret,
1963 3401 2244 3470 abduxit3
2265 3410 2290 3439 ⁸
2320 3401 2483 3481 capi·

274 3509 452 3577 taque
478 3496 706 3558 ademit
730 3495 1111 3569 factionibus,
1150 3497 1277 3559 sine
1301 3499 1667 3581 principibus
1697 3498 1845 3559 nihil
1882 3501 2155 3561 ausuriss
2237 3502 2330 3561 12.
2367 3499 2483 3561 Per

278 3592 574 3672 Agrianos
633 3603 697 3653 et
748 3592 1006 3656 Paeonas
1063 3595 1481 3658 Macedoniam
1529 3596 1815 3679 repetenti
1832 3625 1859 3662 ε
1901 3596 2234 3678 Illyriorum
2284 3607 2482 3656 motus

281 3690 606 3753 nuntiatur.
694 3690 1006 3772 Bardylisi·
1029 3714 1104 3755 ex
1138 3695 1486 3772 carbonario
1512 3696 1830 3757 multarum
1859 3696 1918 3755 in
1953 3714 2028 3756 eo
2067 3703 2262 3755 tractu
2290 3692 2482 3753 natio·

281 3805 421 3848 num
446 3808 575 3861 rex,
601 3787 784 3849 etiam
813 3789 1188 3853 Macedonioe
1233 3793 1430 3873 gravis
1452 3792 1829 3864 incubuerat,
1859 3790 2052 3860 donec
2083 3808 2300 3869 magno
2331 3808 2481 3869 prse-

282 3882 360 3944 lio
381 3903 420 3944 a
445 3884 725 3967 Philippo
753 3886 966 3959 victus,
997 3898 1174 3968 atque
1204 3890 1535 3950 instaurato
1571 3888 1790 3949 deinde
1829 3886 1986 3949 bello
2015 3887 2217 3948 fractis
2245 3888 2484 3950 omnino

347 4078 370 4113 δ
397 4076 480 4128 Id.
503 4078 541 4129 1.
564 4078 601 4128 1.
861 4117 872 4125 ..
928 4125 935 4131 .
1487 4081 1512 4115 f
1535 4082 1728 4136 Justin.
1752 4095 1831 4133 ιι.
1852 4087 1902 4134 3.
1926 4088 1975 4135 3.

351 4159 374 4185 ⁶
407 4153 487 4205 Id.
512 4155 551 4205 1.
571 4154 607 4204 1.
626 4154 799 4208 strab.
817 4169 923 4209 vn.
944 4171 996 4224 p.
1012 4162 1129 4210 802.
1485 4167 1513 4204 8
1545 4159 1749 4212 Arrian.
1771 4174 1811 4212 ι.
1834 4167 1883 4211 5.

349 4229 377 4263 ⁴²
410 4230 520 4281 Liv.
544 4243 628 4282 rx.
653 4236 732 4283 19.
1205 4237 1208 4240 '
1487 4235 1513 4272 ¹¹
1544 4237 1702 4290 Diod.
1720 4237 1825 4288 Sic.
1850 4250 1968 4288 xvr.
1990 4252 2040 4303 p.
2067 4242 2179 4289 612.

356 4311 378 4337 ·
410 4306 639 4357 Frontin.
662 4308 893 4375 Strateg.
919 4324 982 4364 ιι.
1008 4315 1087 4362 11.
