2978 4933
522 358 655 425 448

525 519 876 604 pensibus)
914 518 1081 585 fides
1109 518 1414 597 daretur:
1444 519 1875 604 respondent,
1904 526 1925 554 ‘
1950 541 2045 599 se,
2073 520 2234 605 quid
2268 521 2593 604 agendum
2610 524 2729 607 ip-

527 626 623 689 sis
649 624 846 702 soret,
878 622 1404 690 deliberaturos?
1487 626 1555 688 7.
1602 624 1837 706 Legati
1861 630 2043 689 erant
2062 624 2731 690 Laeedaemoniorum

525 728 721 792 missi
773 727 862 796 ad
924 726 1252 803 Darium,c
1304 746 1437 809 quo
1494 725 1677 791 victo
1734 727 2241 810 applicaverant
2286 748 2359 791 se
2403 727 2683 792 Graecis
2709 730 2735 765 ὃ

526 829 832 896 mercede
888 829 1075 913 apud
1129 828 1376 894 Persas
1436 828 1895 893 militantibus.
2012 828 2075 894 8.
2157 829 2338 907 Rex,
2398 834 2417 864 ‘
2443 830 2735 895 omissis

521 933 964 1017 sponsionum
991 931 1273 1015 fideique
1319 932 1725 1014 pigneribuS‚
1757 933 1977 997 venire
2006 932 2159 998 eos’
2191 933 2422 1018 jussit,
2471 933 2734 998 ‘sortu-

523 1054 676 1100 nam
707 1055 911 1121 quam
939 1035 1096 1119 ipse
1142 1034 1439 1099 dedisset
1484 1034 1879 1101 habituros?
1954 1035 2094 1100 Diu
2125 1043 2531 1112 cunctantes,
2577 1036 2731 1118 ple-

523 1140 754 1223 risque
781 1139 1059 1205 consilia
1086 1138 1522 1215 variantibus,
1554 1138 1816 1204 tandem
1846 1145 1865 1173 ‘
1893 1145 2212 1204 venturos
2243 1159 2318 1203 se
2342 1137 2357 1162 ’
2397 1137 2734 1221 pollicen-

499 1247 657 1307 stur.
742 1241 810 1305 9.
853 1238 951 1305 At
983 1240 1421 1305 Democrates
1451 1238 1911 1319 Atheniensis,
1934 1242 2052 1325 qui
2079 1242 2365 1305 maxime
2394 1240 2736 1304 Macedo-

523 1363 681 1408 num
733 1343 982 1428 opibus
1008 1363 1269 1426 semper
1295 1343 1681 1423 obstiterat,
1724 1345 1926 1410 venia
1963 1344 2335 1427 desperata,
2381 1342 2614 1424 gladio
2651 1363 2734 1407 se

526 1446 891 1528 transfigit:
936 1447 1163 1522 ceteri,
1195 1444 1370 1510 sieut
1412 1448 1927 1525 constituerant,
1957 1447 2199 1513 ditioni
2234 1445 2603 1511 Alexandri
2656 1465 2733 1509 se

525 1548 714 1632 ipsos
742 1547 1170 1631 permittunt:
1217 1550 1322 1612 10.
1343 1550 1527 1614 mille
1557 1556 1626 1617 et
1662 1546 1763 1616 ΒΡ
1788 1551 2035 1615 milites
2056 1555 2248 1614 erant
2275 1570 2290 1609 :
2322 1555 2561 1632 praeter
2589 1549 2731 1613 hos

521 1650 730 1733 legati
761 1650 848 1715 ad
880 1649 1162 1715 Darium
1191 1638 1395 1716 missi'
1426 1667 1543 1716 xc·
1630 1651 1712 1717 In
1743 1652 2291 1736 supplementum
2318 1650 2732 1716 distributus

525 1754 718 1818 miles
743 1773 763 1834 ς
806 1754 1014 1819 ceteri
1042 1755 1312 1820 remissi
1339 1755 1635 1833 domum,
1666 1762 1909 1839 praeter
1934 1755 2513 1830 Lacedaemonios,
2545 1773 2733 1837 qnos

526 1860 547 1891 ‘
570 1856 741 1922 tradi
771 1858 840 1922 in
868 1857 1281 1924 custodiam’
1298 1858 1535 1943 jussit.
1605 1857 1715 1924 11.
1749 1858 2144 1924 Mardorum
2163 1865 2186 1892 ⁰·
2216 1862 2363 1923 erat
2379 1876 2538 1939 gens
2561 1876 2732 1921 con—

977 377 1047 437 Q.
1092 374 1351 424 cuu'rn
1406 376 1585 425 num
1639 377 1780 426 ιω.
1831 379 1930 424 νι.
1979 378 2143 427 en.
2186 364 2250 427 5.

590 2035 612 2068 ¹³
644 2037 983 2100 Adiuuxerunt
1013 2053 1062 2090 se
1086 2039 1290 2089 Graecis.

1445 2150 1802 2171 000000000000

527 2231 757 2290 duretam
788 2228 938 2281 Voss.
958 2237 1009 2284 2.
1032 2250 1087 2283 ac
1110 2233 1185 2282 illi
1207 2234 1435 2299 nvufides
1456 2235 1827 2285 Lacedaemom‘is
1847 2235 2073 2291 daretur,-
2107 2234 2219 2284 Pal.
2242 2237 2287 2281 1.
2320 2238 2363 2283 et
2385 2247 2563 2295 quoque
2590 2232 2733 2280 Pelo-

521 2296 839 2357 pannas-sibus
850 2314 871 2356 ‚·
903 2300 1071 2362 Bong.
1096 2303 1150 2348 ut
1171 2299 1247 2348 im
1268 2300 1367 2349 nisi
1376 2300 1509 2365 fides
1529 2316 1705 2363 quoque
1726 2299 2157 2350 Lacedoenwniis.et
2175 2297 2461 2362 torpentibus
2472 2314 2492 2355 ,·
2531 2296 2731 2346 Funch.

525 2360 879 2423 Pelopemn'bus,
914 2365 1187 2426 exsculpta
1227 2364 1399 2425 priore
1442 2365 1701 2427 lectioue3
1739 2366 1914 2428 vulgg.
1949 2371 2074 2422 unte
2114 2364 2347 2412 Freinsh.
2379 2362 2507 2426 fides
2548 2378 2735 2425 quoque

523 2424 739 2475 daretur.
807 2428 885 2476 Ex
920 2427 1072 2477 codd.
1109 2428 1271 2478 Medii
1309 2429 1629 2479 Schmieder.
1667 2431 1905 2494 recepit:
1940 2434 1988 2479 et
2013 2428 2359 2491 Sinopensibus.
2424 2427 2566 2476 Vide
2607 2429 2733 2476 Not.

526 2488 657 2539 Vur.
725 2491 872 2541 Leid.
893 2493 1190 2557 respondem.
1259 2495 1489 2544 Florem.
1513 2493 1664 2544 Leid.
1689 2491 1836 2545 Voss.
1860 2498 1904 2545 1.
1926 2498 1973 2544 2.
1998 2504 2050 2543 et
2090 2495 2257 2555 Bong.
2286 2491 2442 2554 siquid
2472 2494 2733 2552 agendum.

525 2558 623 2603 -7
659 2554 887 2605 Floreut.
913 2558 1057 2607 Leid.
1080 2558 1232 2610 Voss.
1258 2563 1307 2608 1.
1345 2560 1460 2608 Pul.
1486 2565 1535 2608 1.
1572 2559 1692 2609 Ald.
1717 2560 1879 2608 Colin.
1903 2560 2106 2622 Gryph.
2130 2558 2285 2607 Frob.
2310 2557 2420 2606 Col.
2441 2556 2584 2605 Mer.
2608 2557 2735 2604 Bas,

526 2626 584 2667 et
629 2616 797 2671 Amst.
841 2621 967 2670 victo
1009 2624 1450 2686 adplicuerant.-8
1480 2624 1631 2673 Voss.
1671 2627 1721 2674 2.
1755 2624 1880 2686 ipsos
1900 2624 2069 2684 jussit.
2153 2621 2273 2671 Ald.
2304 2622 2408 2671 Diu
2441 2621 2733 2669 cunctantis.

524 2683 661 2734 Mer.
683 2686 877 2735 consilia
896 2687 1315 2736 ammutium—9
1348 2689 1463 2737 Pal.
1487 2693 1532 2737 1.
1556 2703 1735 2751 semper
1754 2689 2021 2737 obsisterat.
2084 2688 2318 2736 Florent.
2343 2687 2481 2734 Leid.
2504 2686 2659 2734 Voss.
2686 2691 2735 2733 l.

523 2751 574 2796 2.
608 2748 774 2813 Bong.
804 2750 969 2815 Lugd.
991 2759 1047 2801 et
1070 2752 1237 2802 Amst.
1260 2754 1507 2816 desperata
1528 2753 1682 2802 venia.
1731 2754 1847 2802 Pal.
1873 2758 1917 2802 1.
1950 2751 2151 2801 dictioni
2166 2750 2447 2801 Alexandri.
2488 2750 2735 2798 Florem.

519 2811 676 2863 Leid.
715 2822 770 2863 et
807 2816 960 2865 Voss.
994 2819 1042 2866 2.
1073 2818 1197 2880 ipsos
1229 2832 1316 2875 se,·
1349 2818 1465 2867 Pan.
1492 2822 1541 2867 1.
1575 2823 1622 2867 et
1642 2819 1767 2880 ipsos
1803 2833 1882 2876 κω
1916 2818 2064 2865 Voss.
2090 2821 2136 2865 l.
2175 2827 2225 2865 et
2250 2815 2390 2865 Dan.
2423 2815 2553 2878 ipsos
2589 2830 2695 2863 sem
2711 2830 2733 2872 ,-

437 2917 448 2934 ,
525 2876 618 2925 sed
662 2878 712 2927 iu
744 2879 877 2929 Dan.
901 2881 1145 2944 jugulata
1169 2892 1406 2931 extrema
1429 2883 1913 2931 litera.-10⁹Voss.
1936 2886 1986 2931 2.
2021 2883 2177 2932 decem
2212 2880 2365 2930 millia
2400 2885 2446 2927 et
2475 2880 2736 2942 quingenti

525 2940 704 2991 milites
714 2959 735 3002 ,·
770 2944 924 2994 Frob.
947 2946 1058 2996 Col.
1080 2947 1202 2996 Bas.
1227 2952 1281 2995 et
1305 2946 1428 2997 Ald.
1464 2948 1538 2996 X.
1572 2945 1725 2995 millia
1746 2950 1791 2996 el
1824 2947 1885 2995 D.
1910 2945 2102 2995 milites.
2168 2945 2304 2995 Mer.
2335 2949 2380 2994 et
2411 2951 2601 2993 centum
2641 2946 2731 2991 mi·

526 3003 650 3055 lites.
715 3009 869 3061 Voss.
892 3014 942 3060 2.
974 3010 1110 3060 missi
1133 3012 1251 3062 XC.
1272 3011 1423 3061 milia.
1491 3012 1608 3062 Pal.
1635 3016 1680 3061 1.
1715 3011 2021 3061 distributio.-
2056 3010 2235 3061 milites
2255 3010 2420 3071 ceteri,
2439 3012 2520 3071 ἃς.
2576 3010 2731 3059 Voss.

1513 3160 1563 3210 N
1569 3158 1728 3210 01*AE
1824 3149 1839 3154 ’

589 3256 611 3283 ⁶
633 3249 782 3300 Missi
801 3252 863 3299 ad
879 3249 1108 3319 Darium]
1132 3253 1351 3306 Causam
1373 3258 1582 3308 mitten·
1661 3273 1868 3323 quoque
1886 3259 2139 3328 meminit,
2155 3271 2283 3323 quos
2302 3255 2387 3306 hic
2401 3255 2560 3306 etiam
2579 3258 2731 3307 multi

524 3321 576 3374 di
612 3332 919 3392 tempusque
943 3329 1099 3379 habes
1134 3331 1184 3381 iu
1217 3332 1400 3399 SuppL
1430 3333 1581 3396 hujus
1661 3335 1869 3386 codices
1882 3335 2292 3386 Lacedaemoniis
2305 3334 2619 3399 adjungunt.
2636 3335 2733 3383 Est

520 3400 673 3452 libri:
707 3403 996 3467 legatorum
1020 3408 1223 3456 uomina
1247 3409 1386 3472 apud
1407 3409 1582 3458 Arria·

522 3493 643 3527 num
664 3478 763 3529 hoc
788 3482 934 3543 loco;
963 3484 1050 3546 qui
1075 3485 1351 3548 Dropidem
1376 3502 1581 3552 quoque

521 3557 759 3621 adjungit
781 3559 1174 3611 Atheniensium
1198 3564 1444 3626 legatum

586 3631 611 3665 ἃ
632 3632 775 3682 Mille
791 3640 838 3683 et
861 3636 955 3700 12]
980 3638 1219 3687 Totidem
1247 3640 1495 3688 Arrianus
1520 3653 1580 3688 ac

522 3707 814 3772 Diodorus3
850 3726 952 3776 quo
986 3714 1147 3777 magis
1190 3716 1427 3778 suspicor
1462 3731 1580 3765 auc-

523 3788 633 3831 tum
657 3798 688 3832 a
710 3785 894 3835 Curtio
926 3802 1192 3838 numerum
1228 3804 1344 3839 cum
1361 3802 1584 3855 quatuor

521 3857 687 3909 millia
716 3870 955 3913 censeret
993 3864 1084 3915 lib.
1111 3880 1162 3915 v.
1191 3879 1306 3928 cap.
1329 3871 1379 3917 8.
1449 3868 1583 3917 Haec

519 3939 696 3984 autem
729 3946 850 3999 post
879 3940 1106 3993 reditum
1130 3956 1196 3992 ex
1224 3943 1468 3994 Mardica
1494 3959 1583 3994 ex-

520 4009 760 4060 cursione
777 4021 928 4075 gesta
945 4017 1241 4068 referuntur
1257 4021 1321 4069 ab
1338 4019 1580 4071 Arriano.

524 4085 708 4146 Legati
727 4089 786 4137 X
786 4090 869 4152 C.]
902 4092 1139 4144 Quatuor
1156 4097 1321 4145 solum
1340 4099 1585 4148 Lacedae-

523 4161 719 4210 monios
743 4162 877 4213 idem
901 4175 1079 4218 auctor
1100 4172 1349 4235 appellat,
1371 4173 1462 4221 sed
1492 4174 1582 4238 qui

523 4236 664 4289 forte
698 4241 956 4306 principes
988 4254 1154 4295 erant.
1221 4248 1581 4312 Sinopensium

1663 3421 1837 3462 autem
1879 3414 2071 3477 Sinope
2100 3411 2224 3461 urbs
2259 3413 2637 3475 Paphlagoniae
2661 3414 2728 3462 ad

1664 3491 1892 3540 Pontum
1915 3489 2203 3548 Euxinum3
2221 3488 2374 3537 hodie
2390 3487 2578 3552 Sinopi,
2591 3490 2726 3553 apud

1663 3565 2068 3630 Chalcondylsm
2092 3566 2357 3626 Por-dapne.

1727 3647 1750 3674 θ
1765 3641 2071 3704 Mardorum]
2092 3640 2331 3689 Secunda
2348 3640 2463 3690 haec
2478 3640 2729 3691 estAnex·

1662 3716 1812 3765 andri
1830 3718 1879 3765 in
1897 3717 2111 3766 Mardos
2126 3715 2578 3781 expeditio‚quam
2600 3719 2727 3767 Dio·

1660 3794 1817 3843 dorus
1855 3803 1909 3843 et
1947 3793 2196 3842 Arrianus
2232 3793 2473 3856 primam,
2510 3807 2727 3859 eumque

1660 3872 1868 3920 unicam
1892 3870 2209 3920 describunt.
2275 3870 2410 3918 Vide
2429 3884 2546 3935 quae
2566 3884 2727 3934 super

1658 3961 1724 3998 eu
1744 3960 1798 3996 re
1822 3946 2046 3996 diximus
2068 3946 2158 3995 lib.
2184 3960 2239 3996 v.
2262 3961 2380 4010 cap.
2396 3951 2445 3997 6.
2495 3947 2730 4012 Confiniu]

1662 4022 1747 4072 Ad
1804 4023 2064 4072 Oceanum
2129 4022 2411 4084 Hyrenniae
2467 4030 2729 4087 ponuntur

1663 4100 1801 4163 apud
1848 4100 2222 4161 Ptolemaeum3
2287 4100 2627 4162 assentiente,
2668 4104 2726 4149 nt

1662 4184 1900 4241 apparet,
1922 4176 2194 4227 Strabone.
