2978 4933
785 387 902 436 οι..
948 372 1256 438 cx11.2.
1328 387 1404 435 A.
1449 387 1573 438 cn.
1620 387 1696 436 Ν.
1735 371 1890 440 331.
2320 374 2457 443 307·

272 531 631 617 Euphraten
664 527 810 599 sum
831 543 872 600 ε’
896 547 1232 600 summum
1256 553 1407 618 ergo
1439 532 1640 613 dotis,
1686 539 1891 619 quam
1921 538 2281 620 promittit,
2315 544 2443 605 ter-

268 635 500 699 minum
522 642 746 711 castra
773 656 923 702 mea
954 642 1318 701 transeunt.
1409 631 1593 701 Hinc
1620 658 1728 701 me
1756 636 2100 722 depellite,
2130 648 2209 706 ut
2238 643 2449 707 sciam

266 742 538 802 vestrum
600 759 777 818 esse,
834 729 1012 824 quod
1066 741 1348 806 ceditis.
1408 740 1521 806 20.
1568 741 1824 809 Eadem
1876 742 2277 809 liberalitate
2329 747 2449 811 dat

267 841 413 905 mihi
439 842 650 907 filiam
680 862 915 907 suam:
961 862 1200 927 nempe
1224 863 1425 926 quam
1460 842 1606 908 scio
1637 843 1846 908 alicui
1877 863 2213 909 servorum
2231 853 2259 881 ⁰
2286 866 2448 911 suo-

266 962 396 1009 rum
420 952 814 1029 nupturam:
860 945 1143 1010 multum
1174 965 1329 1011 vero
1371 945 1531 1010 mihi
1562 946 1892 1031 p‘raestat,⁶
1934 947 2132 1012 sime
2163 948 2447 1015 'Mazaeo

264 1066 555 1138 generum
582 1047 956 1133 praeponit!
1044 1048 1153 1113 21.
1201 1049 1329 1128 Ite,
1357 1049 1658 1114 nuntiate
1706 1050 1844 1132 regi
1887 1057 2140 1130 vestre,
2191 1058 2259 1117 et
2290 1074 2447 1137 quae

266 1151 499 1229 amisit,
522 1159 591 1218 et
621 1172 774 1236 quae
807 1150 1026 1216 adhue
1055 1151 1282 1232 habet,
1313 1153 1592 1235 praemia
1621 1172 1774 1217 esse
1803 1153 1965 1219 belli
1986 1155 2158 1220 rhoc
2179 1165 2448 1240 regente

262 1254 595 1338 utriusque
651 1253 982 1319 terminos
1023 1255 1229 1337 regni,
1278 1254 1351 1319 id
1411 1275 1750 1344 quemque
1799 1256 2201 1336 habiturum,
2262 1261 2448 1344 quod

262 1356 584 1437 proximae
641 1358 815 1422 lucis
876 1356 1300 1439 assignatura
1354 1358 1624 1422 fortuna
1680 1357 1831 1423 est!
1915 1359 2025 1424 22.
2081 1361 2202 1444 [Et
2239 1384 2348 1428 me
2378 1365 2453 1428 in

262 1458 486 1523 Asiam
513 1479 647 1523 non
675 1460 967 1538 venisse,
1011 1466 1085 1525 ut
1118 1460 1205 1524 ab
1237 1460 1392 1525 aliis
1430 1463 1838 1545 acciperem,
1871 1463 1988 1528 sed
2031 1474 2109 1530 ut
2139 1466 2295 1531 aliis
2326 1467 2449 1533 da-

258 1579 410 1626 rem.
498 1563 575 1629 Si
611 1563 971 1642 secunduS,
1000 1570 1068 1628 et
1098 1584 1229 1629 non
1272 1584 1398 1648 par
1428 1564 1591 1629 mihi
1624 1566 1832 1630 vellet
1858 1567 2129 1650 haberi3
2160 1569 2449 1638 facerem

258 1664 552 1744 forsitan,
583 1686 738 1751 quae
769 1669 984 1753 petit:
1032 1673 1348 1746 ceterum,
1378 1687 1509 1733 nec
1536 1669 1833 1735 mundus
1879 1670 2142 1736 dnobus
2189 1673 2448 1738 solibus

257 1776 471 1851 potest
523 1772 687 1853 regi,
739 1792 866 1837 nec
922 1772 1062 1837 dno
1106 1792 1366 1837 summa
1411 1792 1612 1856 regna
1660 1773 1856 1837 salvo
1904 1779 2080 1838 statu
2128 1781 2448 1839 terrarum

259 1872 771 1954 potest-habere.
860 1876 972 1941 23.
1020 1875 1316 1941 Proinde
1364 1884 1483 1940 aut
1520 1874 1927 1941 deditionem
1969 1876 2194 1956 hodie,
2239 1884 2353 1943 aut
2380 1880 2450 1942 in

255 1978 614 2042 crastinum
659 1978 912 2044 bellum
959 1985 1193 2063 paret:
1240 1999 1366 2044 neo
1420 1980 1624 2044 aliam
1675 1979 1830 2058 sibi,
1881 1997 2081 2065 quam
2129 1987 2449 2065 expertus

254 2083 367 2157 est,
395 2080 797 2163 polliceatur
841 2080 1247 2159 fortunam.’]
1311 2082 1419 2146 24.
1472 2082 1712 2164 Legati
1754 2083 2204 2166 respondent3
2251 2088 2272 2118 ‘
2292 2103 2448 2148 cum

252 2182 491 2247 bellum
509 2169 595 2247 'in
625 2183 848 2248 animo
879 2186 993 2263 sit,
1022 2183 1430 2249 facere-eum
1462 2184 1921 2269 simpliciter,.7‘
1966 2184 2151 2269 qnod
2181 2205 2300 2271 spe
2325 2205 2452 2271 pa-

252 2283 343 2349 cis
385 2305 523 2351 non
575 2288 996 2353 frustraretur
1025 2307 1044 2353 :
1089 2289 1279 2372 ipsos
1308 2293 1561 2371 petere,
1592 2287 2078 2372 quamprimum
2113 2288 2450 2354 dimittan-

251 2393 352 2450 tur
381 2389 469 2453 ad
513 2408 780 2472 regem:
828 2408 982 2453 eum
1030 2410 1297 2475 quoqne
1348 2390 1600 2454 bellum
1646 2410 1886 2478 parare
1942 2389 2229 2456 debere.'
2317 2391 2446 2460 Di-

223 2491 428 2561 ‘missi
450 2492 780 2571 nuntiant,
811 2497 830 2530 ‘
851 2492 1096 2561 adesse
1130 2494 1512 2564 certamen!

305 2710 332 2746 ¹⁸
364 2713 641 2773 Plurimum
660 2715 840 2765 scilicet
853 2716 973 2764 mihi
987 2716 1317 2782 gratificatur.
2402 2778 2414 2791 .

306 2775 323 2808 ὗ
352 2779 615 2843 Postquam
647 2781 765 2830 illud
806 2781 1047 2858 definierit
1074 2782 1314 2832 amborum
1346 2780 1650 2858 imperiorum
1683 2780 1876 2845 lintius,
1897 2787 2149 2847 utrumque
2169 2784 2378 2830 nostrum
2395 2780 2449 2828 aa

241 2849 1060 2974 wssfeffirsswgffllffcgoehm
1074 2861 1251 2911 pugna
1270 2861 1374 2896 sm
1391 2848 1720 2908 adJudwatura
1738 2852 1829 2929 ρετ.

1162 3041 1405 3062 ΟΜΟΟ
1411 3041 1536 3065 Μ,

246 3159 292 3206 2.
308 3162 361 3206 ut
377 3159 604 3208 sentiam.
655 3158 888 3210 Florent.
909 3158 1058 3211 Leid.
1080 3161 1275 3212 Fauch.
1310 3169 1368 3211 et
1399 3160 1544 3211 Pith.
1567 3175 1658 3223 quo
1677 3158 1848 3209 ceditis
1862 3174 1883 3216 ‚·
1931 3157 2069 3206 Mer.
2090 3158 2211 3222 quod
2235 3155 2447 3206 creditis.

247 3226 369 3272 -20
404 3224 591 3273 Eadem
613 3223 832 3274 libertate
852 3225 967 3276 Col.
991 3225 1126 3276 Mer.
1159 3233 1216 3276 et
1238 3227 1359 3276 Bas.
1422 3240 1668 3276 servornm
1686 3238 1879 3274 morum
1896 3223 1998 3284 qius
2019 3224 2189 3285 Βοῦς.
2255 3236 2449 3270 cuorum

245 3301 477 3338 servorum
499 3288 626 3338 Ald.
658 3289 827 3339 Colin.
858 3290 1063 3354 Gryph.
1100 3291 1213 3341 Col.
1237 3292 1372 3341 Mer.
1396 3291 1552 3340 Frob.
1581 3297 1643 3338 et
1676 3291 1799 3339 Bas.
1835 3291 2034 3338 multum
2069 3287 2187 3336 mihi
2224 3286 2376 3335 Voss.
2398 3289 2447 3333 2.

247 3353 430 3403 omisso
451 3357 715 3405 verm—21
750 3356 916 3419 Bong.
941 3361 985 3407 1.
1019 3356 1288 3418 hoen-egem
1320 3362 1398 3414 τες
1455 3356 1542 3405 alii
1563 3355 1649 3404 hoc
1668 3359 1890 3418 repent&
1944 3353 2060 3403 Pal.
2085 3356 2131 3402 l.
2167 3353 2255 3401 hoc
2288 3364 2449 3410 regem

246 3431 340 3468 esse
359 3424 408 3468 et
427 3419 694 3483 utriunque.
762 3420 957 3472 Henm.
994 3420 1130 3484 conj.
1165 3423 1251 3471 Ιιοο
1271 3426 1470 3484 urgente
1493 3420 1756 3484 utriusque,
1777 3423 1989 3483 &ew—22
2021 3419 2038 3446 ‘
2057 3419 2127 3467 Et
2151 3416 2262 3464 haec
2287 3413 2450 3462 verba

247 3481 336 3544 [Et
354 3499 427 3534 me
452 3500 615 3550 nsque
639 3484 704 3533 ad
722 3485 1002 3548 polliceatur
1008 3486 1285 3550 fortunam]
1308 3488 1361 3535 in
1383 3485 1618 3550 plurimis
1638 3485 1792 3534 codd.
1827 3484 2084 3547 [Florem.
2103 3481 2254 3541 Leid.
2274 3480 2445 3555 Βοῦς.
2488 3504 2491 3507 -

246 3547 386 3598 Mod.
412 3549 531 3599 Pal.
559 3554 607 3599 1.
630 3550 766 3600 Dan.
792 3550 962 3615 Lugd.
984 3555 1041 3601 et
1065 3550 1262 3615 Δημὼ]
1295 3551 1506 3614 desunt,
1537 3559 1696 3616 atque
1719 3549 1934 3610 Justini,
1974 3549 2055 3597 vel
2090 3547 2268 3612 potius
2289 3545 2453 3628 Trogi·

246 3609 481 3679 Pompeii
524 3628 661 3664 esse‘
680 3614 945 3666 videntur.
1029 3616 1314 3666 Gnalterus
1354 3631 1561 3681 quoque
1600 3629 1812 3678 prorsus
1851 3615 1986 3662 hunc
2020 3614 2192 3662 locum
2240 3616 2434 3658 omisit.

250 3677 390 3730 Cunz.
426 3680 592 3730 Voss.-
608 3685 659 3732 2.
684 3681 745 3729 Si
762 3683 994 3731 secundus
1014 3685 1322 3731 tamem—24
1346 3681 1468 3731 Ald.
1491 3689 1545 3730 et
1569 3681 1682 3731 Col.
1707 3679 2183 3740 nonfruetrarentur.
2218 3676 2449 3726 Floreat.

249 3741 387 3794 Leid.
413 3745 586 3809 Bong.
611 3754 668 3796 et
690 3746 806 3798 Pal.
831 3751 877 3797 1.
897 3747 1025 3811 ipsos
1037 3752 1216 3812 petere,
1240 3752 1294 3796 ut
1314 3746 1678 3811 quamprimum.

1246 3908 1465 3961 NOTAE

307 4051 331 4076 0
360 4042 642 4107 Servorum]
684 4042 873 4093 Servos
904 4041 1136 4107 appellat
1157 4054 1308 4106 quos·
1388 4041 1518 4090 lium
1541 4039 1707 4090 ferme
1731 4052 1908 4102 regum
1929 4034 2184 4101 hodieque
2216 4047 2327 4083 mos
2353 4038 2453 4095 est,

247 4118 320 4167 vis
346 4119 679 4169 Persicorum
698 4133 875 4183 regum
894 4117 1111 4182 imperio
1134 4116 1310 4166 subdi·
1390 4131 1510 4166 snos
1531 4130 1708 4166 omnes
1734 4129 1826 4178 pro
1849 4113 2010 4163 servis
2031 4110 2326 4161 habentium
2348 4126 2361 4159 z
2399 4116 2455 4158 et

248 4201 344 4260 tos,
379 4197 712 4262 quantumvis
754 4195 962 4245 aliunde
995 4196 1164 4258 gratia
1197 4195 1309 4259 opi·
1392 4194 1593 4244 illarum
1617 4192 1849 4255 gentium
1868 4189 2078 4254 ingenia
2109 4187 2316 4238 suntad
2342 4200 2451 4236 ser-

249 4273 440 4341 busque
465 4276 752 4343 pollentem
786 4275 870 4326 hie
904 4274 1040 4324 euim
1067 4273 1309 4324 Orienta-
1392 4271 1610 4323 vitutem
1632 4266 1790 4320 facta.
