2978 4933
2337 431 2469 498 199

260 594 634 679 fulgentem
663 595 899 660 intueri
917 595 936 623 '
954 595 1259 680 jubebat,
1291 595 1314 628 ‘
1337 593 1662 677 praedam,
1692 612 1830 659 non
1857 611 2042 659 arma
2064 596 2467 676 gestantem.

262 699 383 762 10.
430 696 633 775 Irent,
664 703 732 762 et
772 699 1151 764 imbellibus
1194 695 1492 761 foeminis
1537 714 1774 761 aurum
1812 696 1938 760 viri
1981 695 2330 779 eriperent,
2359 714 2468 788 as-

261 816 438 882 pera
464 799 790 865 montium
840 819 1102 865 suorum
1143 800 1337 884 juga,
1365 798 1725 882 nudosque
1765 799 1972 865 colles
2031 804 2098 863 et
2143 802 2464 881 perpetuo

249 901 553 997 ‘rigentes
602 902 774 985 gelu,
832 902 1086 967 ditibus
1143 902 1507 968 Persarum
1552 902 1817 986 campis
1887 901 2205 984 agrisque
2256 904 2469 965 muta-

258 1002 464 1067 rent!
889 1052 892 1057 .

359 1121 474 1170 xi.
521 1106 582 1170 l.
625 1105 673 1171 J
677 1126 784 1170 am
830 1107 918 1171 ad
945 1108 1059 1172 teli
1093 1107 1352 1192 jactum
1396 1115 1874 1193 pervenerant3
1920 1127 2077 1172 cum
2108 1105 2471 1173 Persarum

264 1208 539 1290 equites
597 1207 907 1276 ferociter
960 1209 1032 1273 in
1095 1211 1337 1275 laevum
1395 1228 1598 1274 cornu
1654 1208 1940 1274 hostium
1990 1206 2239 1273 invecti
2293 1211 2470 1271 sunt.

263 1307 556 1394 ³Quippe,
583 1311 830 1376 Darius
878 1313 1166 1395 equestri
1194 1310 1435 1396 praelio
1479 1311 1824 1376 decernere
1865 1311 2169 1394 optabat,
2196 1306 2471 1390 phalan-

263 1431 421 1493 gem
467 1412 902 1487 Macedonici
944 1414 1283 1479 exercitus
1308 1416 1511 1479 robur
1552 1433 1700 1478 esse
1728 1412 2154 1497 conjectans:
2192 1408 2472 1492 jamque

263 1514 481 1577 etiam
523 1513 828 1581 dextrum
856 1524 883 1551 ⁸
923 1515 1294 1582 Alexandri
1338 1532 1544 1581 cornu
1571 1518 2064 1607 circumibatur.
2151 1511 2216 1576 2.
2268 1508 2472 1601 Quod

255 1606 391 1679 'ubi
453 1615 742 1681 Macedo
775 1614 1168 1702 conspexit,
1225 1617 1489 1684 duabus
1536 1618 1664 1683 alis
1711 1618 2015 1701 equitum
2064 1615 2194 1685 ‘ad
2231 1615 2472 1701 jugum

262 1715 556 1781 montis'
587 1717 803 1801 jussis
832 1724 854 1752 ‘
877 1718 1275 1797 subsistere,'
1305 1725 1558 1784 ceteros
1585 1720 1656 1782 in
1691 1718 1982 1784 medium
2034 1718 2192 1784 belli
2234 1715 2471 1783 discri-

264 1837 423 1882 men
454 1823 717 1884 strenue
748 1812 1072 1885 transfert.
1156 1821 1222 1886 3.
1267 1820 1637 1886 Subductis
1669 1819 1904 1885 deinde
1950 1839 2041 1886 ex
2083 1819 2231 1884 acie
2258 1817 2472 1883 Thes-

793 458 798 463 *
843 453 964 523 og..
1008 452 1171 502 cxi.
1213 438 1279 503 4.
1349 450 1422 500 A.
1469 451 1591 499 cn.
1635 451 1714 500 u.
1754 433 1911 502 333.

1192 1985 1558 2006 eeuemeeee

262 2081 593 2160 lammina,
629 2098 833 2150 Acidal.
872 2096 1102 2151 Freinsh.
1142 2100 1335 2151 Cellar.
1373 2102 1561 2152 Pitisc.
1587 2102 1749 2151 Barb.
1774 2101 1935 2150 Ciruz.
1966 2104 2021 2148 et
2045 2096 2203 2148 Both.
2234 2098 2473 2161 nudosque

258 2166 446 2222 ealles,-
479 2166 618 2213 Dan.
665 2166 784 2214 Pnt.
827 2165 965 2213 Pith.
1008 2166 1197 2217 Faucli.
1242 2167 1409 2230 Bong.
1433 2171 1485 2216 2.
1521 2165 1667 2216 Leid.
1690 2173 1744 2215 et
1768 2165 1922 2215 Voss.
1946 2168 1994 2214 1.
2026 2165 2262 2226 πκάιιεφιο
2296 2164 2468 2220 callen

263 2231 437 2291 Bong.
463 2235 510 2278 1.
543 2232 757 2293 nudaque
776 2230 941 2287 coues,·
976 2230 1128 2280 Voss.
1151 2234 1204 2281 2.
1229 2231 1448 2281 Venett.
1470 2230 1690 2281 Mediol.
1712 2231 1905 2280 Veron.
1930 2227 2051 2277 Ald.
2074 2228 2240 2278 Colin.
2261 2227 2464 2291 Grypb.

251 2295 396 2347 Bas.
419 2295 532 2344 Col.
551 2296 749 2343 Erasm.
776 2295 953 2343 Maitt.
975 2295 1109 2345 Tell.
1133 2302 1188 2345 et
1208 2294 1329 2358 Bip.
1350 2299 1582 2358 nodosque
1603 2297 1758 2359 colles,
1793 2294 1933 2360 quod
1956 2292 2222 2342 revocavit
2244 2290 2472 2341 Schmie·

265 2359 386 2408 der.
440 2359 634 2407 mitibus
660 2358 721 2407 Ρ.
740 2359 919 2421 campis
952 2357 1120 2408 codex
1156 2358 1401 2425 Acidalii,
1431 2362 1445 2389 ‘
1474 2359 1610 2426 quod
1648 2374 1748 2411 nou
1782 2360 1919 2410 male
1953 2355 2293 2423 responderet
2312 2356 2474 2421 asperi
2572 2428 2576 2433 ᾗ

258 2421 405 2485 jugie
423 2422 690 2472 montium'
722 2423 880 2473 Cunz.

333 2492 363 2537 1
402 2489 523 2537 Cum
550 2488 805 2537 Persarum
826 2487 1007 2552 equites
1024 2488 1133 2550 jam
1153 2490 1215 2539 «ul
1245 2490 1330 2540 teli
1346 2489 1535 2552 jactum
1565 2495 1878 2554 pervenerunt
1909 2489 2060 2541 voss.
2081 2493 2131 2538 2.
2163 2487 2282 2537 Jam
2302 2484 2387 2537 teta·
2406 2487 2471 2535 ad

249 2551 445 2613 jactum
474 2552 625 2602 Voss.
649 2555 697 2603 1.
742 2554 904 2614 prelio
924 2556 1164 2604 decertare
1196 2555 1347 2605 Voss.
1369 2561 1419 2605 2.
1453 2556 1646 2605 obtabat
1690 2558 1823 2606 Dan.
1863 2555 2011 2604 Leid.
2037 2560 2090 2602 et
2113 2552 2268 2601 Voss.
2293 2556 2341 2601 l.
2374 2549 2467 2599 sed

263 2625 559 2665 correctum
582 2616 631 2665 in
651 2619 792 2666 Dan.
813 2617 1067 2681 sulangem
1087 2620 1257 2670 Voss.
1293 2623 1343 2669 2.
1380 2628 1436 2668 et
1468 2621 1543 2669 sic
1581 2618 1693 2669 fere
1718 2632 1936 2682 semper.
2004 2615 2273 2683 Acidalius
2295 2615 2471 2677 legere

267 2680 545 2730 tentabat:
578 2681 721 2731 robur
753 2684 1138 2734 detrectans-2
1171 2683 1322 2733 Voss.
1357 2687 1409 2733 2.
1441 2690 1497 2733 ut
1534 2684 1736 2732 Macedo
1746 2700 1767 2741 ,-
1801 2692 1855 2732 et
1893 2683 2011 2731 mox
2032 2680 2189 2741 jussis
2227 2678 2469 2728 obsistere.

266 2745 461 2796 Fanch.
494 2759 589 2810 pro
613 2746 719 2796 v.'l.
742 2747 805 2795 nd
825 2747 1046 2810 medium,
1069 2756 1123 2797 et
1162 2761 1258 2813 pro
1278 2748 1531 2810 transfert,
1563 2746 1848 2812 differt—8
1881 2745 2099 2798 subditis
2120 2743 2287 2794 deinde
2321 2737 2468 2795 Leid.

1256 2911 1477 2964 No'rAE

271 3059 280 3066 ·
331 3022 653 3089 nomn-um]
690 3023 883 3075 Parnm
908 3025 1137 3076 scienter
1159 3026 1211 3076 in
1235 3025 1325 3077 de·

265 3099 555 3149 scribendis
573 3100 768 3163 praeliis
785 3110 1043 3152 versatum
1062 3116 1179 3152 esse
1196 3104 1326 3154 Cur·

1405 3028 1504 3079 sibi
1518 3028 1626 3093 jam
1650 3017 2023 3078 consuluisset?
2055 3021 2185 3077 Quis
2207 3034 2333 3071 vero
2356 2987 2487 3074 cres.

1404 3106 1499 3156 dat
1542 3106 1964 3166 Parmenionem,
1986 3116 2090 3168 quo
2127 3114 2284 3151 nemo
2321 3100 2376 3149 ln
2413 3113 2469 3148 re

265 3176 417 3235 tium,
453 3181 508 3224 et
546 3190 578 3225 a
597 3174 925 3240 ¹doctissimis
954 3178 1076 3226 viris
1099 3179 1326 3228 animad-

265 3264 473 3300 versum
518 3261 600 3300 est
636 3250 747 3314 jam
789 3252 1008 3317 pridem,
1048 3259 1105 3303 et
1139 3255 1188 3302 in
1230 3255 1326 3305 hac

264 3329 559 3377 narratione
597 3332 709 3377 tota
745 3329 873 3378 satis
907 3337 1141 3394 apparet.
1210 3332 1325 3381 Pri-

257 3418 402 3453 rmum
438 3404 574 3453 enim
611 3404 869 3467 quomodo
904 3406 1164 3457 circumiri
1199 3408 1325 3457 dex-

265 3486 401 3529 trum
440 3477 726 3530 Alexandri
769 3495 932 3531 cornu
969 3483 1159 3545 potnit,
1188 3484 1326 3548 quod

265 3557 328 3605 ad
352 3563 582 3606 montem
604 3571 766 3622 usque
787 3557 1096 3622 pertineret,
1110 3560 1222 3624 jam
1245 3560 1326 3610 fn·

266 3632 421 3693 gatis,
446 3632 532 3696 qui
561 3632 746 3695 jugum
790 3633 1110 3697 insederant,
1132 3625 1328 3700 Persis,

264 3724 382 3773 cap.
410 3712 461 3759 9.
501 3708 690 3758 deinde
729 3709 1001 3760 Thessalos
1033 3711 1236 3775 equites
1258 3726 1324 3761 ex

265 3787 376 3835 acie
425 3785 731 3847 subductos,
775 3792 830 3835 et
870 3800 1079 3836 suorum
1123 3797 1323 3852 tergum

263 3862 467 3912 occulte
505 3861 781 3912 circumire
807 3861 1001 3925 jussos,
1025 3863 1088 3912 ad
1114 3864 1327 3914 Parme·

263 3940 466 3987 aionem
487 3939 538 3988 in
554 3939 744 3988 laevum
760 3952 917 3990 cornu
934 3941 1147 3990 miserat
1164 3957 1179 3991 z
1208 3942 1324 4006 quis

264 4029 350 4064 eos
395 4016 555 4078 igitur
610 4022 714 4064 tam
767 4015 939 4066 subito
982 4016 1036 4065 in
1077 4015 1322 4067 dextrum

265 4091 529 4141 transtulit
549 4105 579 4140 a
598 4091 778 4141 Persis
799 4093 1076 4156 urgendos,
1103 4109 1220 4159 cap.
1242 4099 1322 4146 ll.

1406 3181 1620 3233 militari
1646 3181 1970 3245 prudentior,
1994 3187 2271 3243 antequam
2295 3173 2471 3225 debel-

1406 3260 1568 3309 latum
1606 3261 1760 3324 plane
1797 3259 1955 3309 sciret
1994 3257 2046 3305 in
2071 3256 2258 3305 dextro
2294 3266 2473 3314 cornu,

1406 3335 1634 3401 equitem
1659 3334 1722 3383 ad
1746 3332 2090 3397 insequendos
2113 3329 2367 3379 Barbaros
2395 3327 2471 3376 di-

1406 3409 1628 3472 misisse,
1643 3409 2023 3473 quodanondum
2046 3407 2157 3470 ipse
2181 3417 2331 3453 ausus
2353 3410 2472 3452 erat

1407 3484 1712 3535 Alexander
1730 3486 1749 3533 ?
1776 3482 1914 3536 Quid
1930 3484 1949 3531 ?
1964 3482 2203 3545 Triginta
2220 3480 2309 3529 illa
2322 3479 2473 3530 Grn-

1406 3575 1582 3612 cornm
1613 3561 1792 3621 millia,
1828 3573 1924 3623 par
1959 3556 2322 3607 Macedonica
2346 3555 2470 3617 plia-

1405 3637 1544 3700 langi
1564 3637 1720 3697 acies,
1735 3650 1839 3685 uon
1856 3634 1955 3684 nisi
1969 3639 2289 3697 spectatores
2309 3628 2469 3678 affue-

1407 3727 1463 3762 re
1487 3713 1803 3774 certaminis,
1817 3719 1975 3776 atqne
1997 3711 2094 3757 hoc
2115 3721 2268 3756 unnm
2291 3720 2466 3769 operm

1405 3789 1632 3853 pretium
1672 3786 1866 3847 fecere,
1901 3784 2038 3850 quod
2083 3797 2149 3833 ex
2180 3782 2293 3833 acie
2331 3781 2469 3832 hand

1404 3882 1530 3917 sane
1585 3864 1909 3929 fngientibus
1956 3862 2146 3913 similes
2188 3875 2309 3911 sese
2345 3861 2468 3912 sub-

1405 3943 1686 4004 duxerunt,
1729 3955 1831 3991 non
1875 3941 2040 4004 illato,
2098 3953 2200 3989 non
2249 3944 2469 4003 accepto

1405 4018 1652 4069 vulnere?
1690 4018 1821 4068 Haec
1845 4017 2045 4082 aliaque
2065 4015 2354 4079 hujusmodi
2375 4015 2466 4079 qui

1403 4096 1710 4159 attenderit,
1753 4094 2117 4160 politissimum
2177 4101 2353 4143 cetera
2401 4106 2465 4143 ac

267 4182 295 4216 a
337 4168 532 4228 Persis,
564 4168 794 4233 inquam,
839 4182 968 4233 quos
1009 4170 1062 4220 ln
1098 4184 1163 4221 eo
1205 4172 1319 4236 ipso
1399 4171 1856 4237 prudentissimum
1887 4170 2083 4220 dixerit
2103 4168 2309 4233 quidem
2334 4169 2465 4218 Cur·

270 4258 423 4293 cornu
483 4242 733 4293 dimicans
796 4243 1099 4303 Alexander
1169 4253 1319 4298 tanta
1399 4250 1549 4311 tium,
1574 4247 1871 4312 praeliorum
1902 4254 2049 4298 certe
2084 4259 2191 4295 non
2214 4242 2464 4310 peritissi-

271 4328 438 4384 strage
462 4317 737 4386 afflixerat,
763 4327 821 4371 nt
845 4321 957 4386 ipse
981 4322 1174 4374 Darius
1197 4321 1321 4388 fuga
1402 4337 1539 4375 mum
1564 4322 1832 4374 fatebitur.
