2978 4933
449 343 536 410 62
726 355 995 437 Qum'rr
1045 353 1306 406 cuum
1354 352 1716 406 eruorem
1762 357 2369 408 cuuouonooics.

451 747 517 800 A.
543 749 602 801 C.
670 753 736 804 U.
759 753 818 805 C.

375 2510 396 2522 ,
478 2459 593 2506 aas.
660 2458 774 2507 4³1.

1132 599 1431 667 LIBER
1489 598 1949 668 DECIMUS.

926 754 1189 827 Pmtora
1210 768 1240 803 a
1261 751 1666 819 provincialibus
1690 759 1961 804 accusatos
1986 752 2038 804 in
2061 753 2269 804 vincula
2335 750 2422 803 ΟΙ.
2509 748 2641 799 Anni

866 837 1099 902 conjicit.
2491 831 2636 881 Alex.

928 919 1224 970 Nearchum
1263 923 1319 968 et
1356 915 1708 969 onesicritum
1747 930 2005 980 reversos,
2036 915 2100 966 ad
2137 930 2261 966 con·
2356 919 2407 967 4.
2484 912 2639 962 AEtst.

865 1000 1165 1052 tinuandam
1190 1000 1572 1065 navigationem
1605 998 1859 1050 remittit:
1891 998 2108 1048 classem
2130 996 2255 1047 aedi·
2295 1048 2300 1053 ,
2529 997 2609 1044 82.

864 1081 1009 1132 ficari
1038 1082 1195 1146 jubet
1229 1081 1296 1131 ad
1333 1080 1571 1132 Africam
1607 1087 1664 1132 et
1707 1082 1965 1145 Europam
1999 1078 2251 1145 reliquam
2478 1077 2639 1140 Regu.

861 1162 1219 1228 subigendam.
1286 1161 1503 1212 Orsines
1524 1162 1746 1227 Satrapa
1767 1149 1963 1226 Bagou».
1986 1160 2255 1211 calumniis
2530 1163 2608 1208 12.

862 1242 1246 1293 circumventus
1268 1242 1427 1307 perit.
1471 1242 1769 1306 Zopirionis
1790 1241 1964 1292 clades
1987 1241 2125 1306 apud
2150 1242 2256 1292 Ge·
2486 1234 2620 1303 Imp.

865 1330 962 1374 tas.
991 1322 1214 1388 Harpali
1235 1322 1356 1388 fuga
1375 1323 1427 1373 in
1440 1324 1721 1387 Graeciam,
1735 1329 1792 1373 et
1809 1324 1998 1376 exitus.
2017 1324 2260 1375 seniores
2559 1326 2607 1370 6.

866 1404 1058 1454 milites
1075 1405 1300 1455 dimissi:
1317 1406 1499 1471 reliqui
1514 1405 1806 1456 missionem
1822 1404 2067 1456 seditiose
2085 1411 2261 1470 postu-

862 1485 1007 1534 lant:
1041 1484 1328 1536 Alexandri
1366 1486 1432 1536 ad
1464 1500 1554 1536 eos
1583 1486 1771 1546 oratio,
1805 1493 1861 1536 et
1892 1488 2184 1537 constantia
2206 1485 2258 1537 in

863 1566 1153 1629 plectendis
1174 1567 1486 1619 rebellibus:
1521 1570 1714 1619 Persas
1730 1568 1925 1620 milites
1948 1578 2004 1620 et
2024 1569 2257 1635 corporis

861 1648 1104 1699 custodes
1127 1649 1352 1703 asciscit.
1417 1649 1765 1700 Macedonum
1791 1650 2100 1715 poenitentia
2122 1649 2257 1699 miti-

863 1736 1031 1794 gatus,
1050 1745 1167 1782 cum
1205 1732 1268 1782 iis
1303 1732 1442 1784 redit
1474 1734 1528 1783 in
1562 1733 1815 1798 gratiam:
1853 1739 1963 1783 tum
1984 1737 2257 1782 veteranos

860 1811 911 1860 in
938 1813 1159 1878 patriam
1192 1815 1414 1866 remittit
1438 1816 1658 1866 Cratero
1681 1813 1830 1865 duce.
1897 1815 2011 1865 Iter
2033 1813 2257 1863 Alexan·

859 1891 940 1941 dri
962 1893 1014 1942 in
1037 1894 1296 1945 Mediam:
1333 1910 1472 1946 mors
1496 1895 1902 1960 Hephoestionis,
1934 1888 1990 1944 et'
2010 1893 2254 1944 immode-

862 1979 1007 2022 ratus
1029 1988 1095 2023 ex
1131 1988 1196 2026 ea
1229 1975 1401 2026 luctus
1438 1976 1623 2040 Regis,
1655 1976 1993 2041 immensique
2016 1974 2253 2041 exequia-

860 2068 967 2103 rum
992 2062 1209 2109 sumtus.
1277 2059 1515 2108 Cossoeos
1550 2055 1741 2107 domat.

929 2136 1218 2188 contemtis
1261 2138 1620 2190 Chaldaeorum
1660 2138 1888 2203 monitis,
1926 2138 2252 2202 Babylonem
2300 2150 2449 2187 cx1v.
2482 2137 2637 2188 AEtst.

865 2215 1146 2284 ingressus,
1169 2219 1457 2284 legationes
1482 2219 1648 2269 ferme
1672 2219 1897 2270 omnium
1915 2219 2144 2284 gentium
2167 2233 2253 2268 au·
2528 2223 2607 2267 33.

862 2296 959 2347 dit.
1013 2299 1119 2347 Per
1146 2300 1467 2363 Euphratem
1507 2302 1559 2349 in
1594 2299 1801 2351 Arabiae
1835 2300 1963 2350 fines
1995 2300 2242 2365 navigat:
2471 2300 2634 2367 Regni

869 2375 990 2426 iude
1011 2376 1331 2442 Babylonem
1357 2378 1584 2429 adversis
1607 2379 1862 2430 ominibus
1887 2380 2186 2431 revertitur.
2525 2383 2605 2428 18.

939 2457 1019 2507 Ex
1055 2457 1210 2523 longa
1242 2459 1616 2510 comessatione
1649 2460 1704 2512 in
1727 2460 1959 2512 morbum
1983 2462 2184 2525 incidit,
2204 2466 2259 2512 et
2444 2481 2463 2494 κ
2482 2460 2615 2523 Imp.

859 2539 998 2590 intra
1014 2545 1221 2590 sextum
1244 2540 1380 2591 diem
1405 2542 1643 2592 moritur.
1698 2541 1889 2606 Ingens
1909 2542 2249 2593 Macedonum
2550 2545 2600 2591 7.

832 2615 921 2672 ἰο
952 2622 1228 2673 Persarum
1263 2622 1454 2680 luctus,
1493 2629 1600 2674 tum
1635 2620 1871 2672 formido.
1936 2623 2252 2688 Sisycambis

858 2705 1151 2755 voluntaria
1173 2718 1239 2754 ex
1254 2690 1689 2768 inedia'moritur,
1711 2704 1987 2755 Alexandri
2013 2704 2253 2766 virtutes,

855 2784 1000 2845 vitia,
1024 2792 1080 2835 et
1108 2783 1362 2835 felicitas:
1397 2799 1669 2850 procerum
1700 2783 2007 2834 deliberatio
2032 2784 2098 2833 de
2133 2798 2246 2834 suc-

859 2879 1063 2916 cessore
1107 2865 1404 2930 deligendo.
1467 2865 1711 2916 Aridaeus
1750 2873 1961 2916 auctore
1980 2864 2251 2928 Meleagro

860 2947 1274 3011 Rexsalutatur,
1295 2953 1348 2997 et
1371 2945 1607 3010 Philippi
1629 2959 1813 2996 nomen
1840 2946 2061 3010 accipit:
2097 2959 2247 2994 exor-

861 3031 933 3074 tae
956 3025 1077 3074 inde
1102 3024 1304 3078 turbae:
1338 3026 1464 3075 ficta
1499 3025 1761 3090 Meleagri
1793 3033 1847 3076 et
1869 3025 2145 3076 Perdicca*
2168 3040 2248 3075 re-

859 3105 1189 3155 conciliatio:
1221 3120 1356 3156 mors
1403 3105 1660 3170 Meleagri
1701 3105 2029 3155 voluntaria:
2067 3104 2249 3154 divisio

857 3186 1063 3250 imperii
1094 3186 1234 3236 inter
1262 3185 1542 3250 principes.
1593 3184 1896 3236 Alexander
1918 3186 2166 3250 sepelitur
2188 3193 2244 3236 et

860 3267 913 3316 in
946 3268 1226 3332 AEgyptum
1265 3266 1516 3318 defertur.
1582 3267 1801 3338 Sparsus
1833 3267 1903 3317 de
1932 3281 2129 3318 veneno
2151 3280 2245 3332 pot·

860 3339 1194 3417 Antipatrum
1228 3349 1277 3400 ei
1302 3349 1577 3417 propinato
1600 3363 1792 3406 rumor.
