2978 4933
409 397 541 465 362
935 416 1005 474 Q.
1052 411 1319 462 cumn
1370 411 1553 462 Ruri
1605 411 1749 460 mn.
1798 411 1866 457 v.
1915 411 2076 460 cAP.
2120 393 2184 458 2.

503 575 584 626 11.
615 560 679 625 1.
705 556 840 625 His
871 559 971 625 ita
1000 556 1431 642 compositis,
1450 557 1521 621 in
1546 557 1906 639 regionem,
1937 576 2090 639 quae
2125 559 2145 590 ‘
2167 549 2563 637 Satrapene'
2581 558 2606 585 ¹¹

413 672 713 743 vocatur,
743 663 1080 748 pervenit:
1125 661 1367 726 fertilis
1398 667 1592 740 terra,
1637 660 1837 745 eopia
1865 678 2081 723 rerum
2114 662 2185 722 et
2214 656 2403 721 omni
2433 673 2608 719 com·-

415 774 643 834 meatu
674 768 1044 833 abundans
1130 766 1194 830 52.
1240 765 1487 851 Itaque
1513 764 1766 829 diutius
1796 762 1893 827 ibi
1920 761 2247 841 substitit3
2280 778 2365 824 ac
2391 778 2475 822 ne
2504 756 2610 821 de-

416 871 594 958 sides
643 872 784 937 otio
829 871 1252 935 demitterent
1298 868 1582 946 animos,
1630 865 1900 951 judices
1954 863 2159 940 dedit,
2207 860 2612 945 praemiaque

416 974 768 1058 proposuit
810 973 893 1037 de
922 972 1163 1037 virtute
1206 972 1482 1037 militari
1525 970 1967 1036 certantibus.
2052 967 2118 1031 3.
2168 964 2462 1040 Novem,
2507 959 2617 1045 qni

413 1078 766 1143 fortissimi
785 1076 1081 1161 judicati
1109 1083 1355 1155 essent,
1402 1075 1683 1157 singulis
1729 1071 2017 1136 militum
2044 1068 2343 1133 millibus
2375 1059 2622 1149 praefu-

418 1181 546 1244 turi
575 1187 801 1262 erant3
832 1186 853 1215 ‘
874 1179 1290 1246 Chiliarchas
1310 1178 1326 1206 '
1349 1177 1375 1216 ¹³
1421 1178 1790 1258 vocabant3
1842 1182 1980 1240 tum
2009 1173 2296 1257 primum
2336 1170 2404 1232 in
2446 1167 2621 1231 hune

1339 1326 1701 1348 &monetote

420 1405 624 1464 dueeni;
674 1404 778 1454 duo
812 1404 993 1469 [Voss.
1017 1408 1065 1453 2.
1091 1410 1146 1455 et
1169 1403 1284 1454 Pal.
1308 1404 1380 1468 1.]
1413 1403 1644 1456 mensium
1680 1416 1775 1466 pro
1811 1413 2044 1461 mensumn,
2083 1396 2220 1461 quod
2261 1409 2364 1445 non
2408 1400 2489 1443 est
2523 1390 2631 1441 sine

423 1485 595 1520 causa.
659 1470 722 1519 In
746 1470 977 1533 pluribus
1010 1468 1262 1531 [Florent.
1285 1468 1434 1520 Leid.
1456 1470 1605 1518 Voss.
1629 1472 1676 1517 1.
1692 1472 1741 1517 2.
1763 1465 1932 1523 Amst.
1956 1463 2124 1526 Lugd·
2147 1470 2203 1512 et
2223 1461 2427 1524 Bongsl
2451 1457 2629 1508 deficit

423 1539 514 1585 est.
580 1534 845 1584 Videlicet
862 1535 1074 1585 Curtius
1099 1535 1318 1585 Diodori
1340 1535 1535 1585 Graeca
1551 1534 1603 1582 in
1629 1546 1917 1582 sermonem
1942 1527 2185 1590 Latinum
2208 1523 2511 1584 transtulit3
2546 1522 2638 1586 qui

424 1600 695 1655 enarratis,
720 1606 912 1663 quanta
937 1599 1239 1650 Alexander
1260 1600 1527 1664 equitibus
1556 1597 1783 1660 dederit,
1817 1596 1894 1646 sie
1927 1594 2098 1657 pergit
2119 1608 2133 1642 :
2168 1596 2269 1641 Τῶν
2289 1589 2339 1641 δὲ
2361 1592 2417 1642 ἐκ
2436 1591 2524 1647 τῆς
2542 1585 2639 1649 φά·

425 1673 614 1744 λαῃος
635 1663 913 1714 Μακεδόνων
929 1662 1183 1731 (ἑκάστῳ),
1200 1665 1281 1743 ξύο
1304 1666 1446 1729 (μνᾶς
1467 1661 1779 1741 ἑξωρήᾳατογ
1800 1661 1914 1712 τοὺς
1934 1658 1986 1710 δὲ
2004 1657 2162 1736 ξείνους
2182 1655 2388 1733 διμήνοξς
2408 1658 2639 1731 μιςνθοφα·

422 1728 1328 1848 Ξῗῖιὶἒῗέηέξαέῗᾜίὶήῗῗέ,..ἒῖὶῖ
1357 1731 1576 1858 3223?-
1603 1728 1917 1844 &gastins
1932 1726 2640 1845 .}{{21¹}3.5⁰22¹.‘2{t;.:5.{‘¹¹.22

430 1861 600 1921 Curtii
623 1875 724 1909 non
751 1861 866 1912 dico
890 1876 1068 1910 manus
1092 1861 1182 1909 sed
1206 1860 1471 1910 sententia
1503 1859 1664 1909 fuerit
1684 1859 1905 1914 ,circiter
1935 1857 2085 1905 hoec:
2126 1852 2319 1911 Duceni
2351 1848 2643 1914 pedestrium

425 1927 665 1989 copiarum
686 1926 916 1975 militibus
935 1927 1073 1985 dati5
1107 1925 1319 1975 omnibus
1354 1926 1556 1987 denique
1590 1926 1799 1974 mercede
1832 1920 2076 1976 conductis
2111 1921 2310 1967 duorum
2346 1915 2644 1980 stipendium

428 1991 691 2040 mensium)
727 1991 1047 2040 Schmieder.
1112 1992 1219 2041 Pro
1241 1992 1431 2046 sexceni
1452 1991 1687 2039 Florem.
1713 1988 1859 2038 Leid.
1883 1995 1936 2037 et
1958 1988 2099 2035 Dan.
2116 1982 2294 2033 sesceni
2304 1998 2324 2039 ,·
2363 1983 2501 2030 Mer.
2532 1992 2645 2027 sex-

432 2056 577 2106 centi.
645 2056 762 2104 Pal.
787 2062 833 2106 1.
854 2057 1041 2105 donatii
1061 2056 1236 2105 tributi
1249 2072 1271 2113 ,·
1341 2058 1475 2105 Dan·
1496 2057 1669 2105 ἀοπιυη
1690 2054 1881 2104 tributi.
1952 2050 2096 2101 Pith.
2118 2049 2402 2113 quingentos
2425 2043 2600 2107 aceepit
2612 2059 2636 2100 ‚-

426 2121 575 2169 Voss.
596 2124 645 2169 2.
678 2121 935 2184 quingenos
966 2121 1157 2185 accipit.
1221 2122 1353 2176 Mox
1376 2122 1541 2171 Cnnz.
1583 2120 1722 2184 conj.
1758 2121 1956 2169 ducenos
1988 2117 2150 2180 pedes,
2186 2115 2268 2177 ξε.
2308 2127 2380 2162 sc.
2421 2110 2650 2176 accepit,

435 2185 690 2249 probante
711 2185 1033 2235 Scbmieder.

496 2255 523 2299 l
560 2251 793 2308 Florent.
819 2251 1133 2315 Satrapoene;
1187 2251 1343 2307 Frob.
1364 2252 1626 2315 Atrapene.
1695 2248 1872 2300 Ceteri
1910 2244 2062 2296 codd.
2086 2244 2138 2294 in
2161 2244 2257 2293 hoc
2281 2241 2491 2293 nomine
2524 2253 2649 2289 con-

434 2316 684 2378 sentiunt,
722 2323 779 2365 et
813 2317 992 2367 Gualt.
1016 2318 1138 2366 lect.
1159 2319 1300 2381 vulg.
1322 2318 1399 2367 his
1432 2316 1668 2367 versibus
1705 2315 1906 2366 firmat:
1943 2319 1957 2341 ⁸
1979 2312 2120 2373 Ergo
2150 2306 2467 2358 Semiramiis
2505 2311 2653 2368 post-

433 2394 588 2445 quam
609 2381 901 2430 Mavortius
918 2383 1070 2432 heros
1094 2383 1306 2432 Finibus
1328 2397 1564 2445 egressus
1584 2379 1854 2444 Satrapeis
1876 2376 2116 2427 constitit
2138 2371 2309 2423 arvis.'
2374 2375 2389 2399 ‘
2411 2372 2544 2420 Cum
2570 2378 2651 2418 ta·

431 2459 554 2496 men
579 2445 728 2495 istius
752 2446 968 2497 nominis
989 2448 1133 2511 regio
1149 2462 1401 2514 nusquam
1420 2448 1562 2513 apud
1579 2444 1919 2510 Geographos
1941 2446 2199 2500 occurrat,
2218 2439 2304 2488 vix
2317 2436 2530 2497 dubium
2549 2442 2656 2497 est,

354 2543 361 2549 -
435 2512 561 2574 quin
584 2525 648 2569 ex
677 2512 909 2562 Diodoro
936 2527 1074 2563 xvu.
1095 2518 1212 2565 596.
1255 2513 1617 2578 recipiendum
1651 2514 1719 2561 sit
1750 2511 1986 2569 Sitacene.
2055 2505 2141 2558 Cf.
2170 2505 2347 2554 Strab.
2387 2517 2502 2552 xvr.
2535 2504 2654 2551 ⁷44.

434 2578 490 2629 Si
525 2576 607 2626 cui
642 2590 744 2627 non
781 2576 1120 2640 satisfecerit,
1160 2579 1302 2643 legat
1339 2581 1529 2629 saltem
1563 2578 1849 2638 Sadracene,
1881 2589 1995 2639 quae
2039 2573 2111 2622 ita
2147 2569 2286 2620 forte
2309 2569 2584 2619 dicebatur
2618 2582 2655 2614 a

438 2640 712 2706 Σαδράκαις,
750 2644 895 2706 regia
917 2644 1065 2693 Darii
1091 2643 1249 2709 Hyst.
1272 2644 1343 2694 ibi
1376 2646 1607 2694 locorum
1646 2644 1749 2692 sita
1789 2647 1925 2691 teste
1957 2637 2142 2688 eodem
2174 2634 2352 2685 Strab.
2378 2647 2502 2683 xvi.
2522 2630 2656 2681 ⁷38:

441 2709 591 2758 Cunz.
658 2711 675 2736 ‘
697 2709 860 2760 Recte
885 2709 1125 2773 Inter-pp.
1148 2725 1267 2759 cum
1288 2709 1447 2769 Diod.
1474 2722 1613 2758 xvn.
1634 2713 1716 2757 65.
1750 2715 1807 2757 et
1827 2704 2002 2767 Strab.
2027 2715 2151 2753 xvr.
2175 2716 2228 2764 p.
2252 2704 2397 2750 1079.
2432 2699 2655 2747 Sitacene

437 2772 714 2836 legendum
753 2782 990 2835 censent,
1028 2775 1081 2823 in
1107 2790 1259 2839 quam
1298 2774 1461 2825 sextis
1502 2775 1686 2824 castris
1709 2770 2014 2822 Alexander
2054 2765 2331 2831 pervenit:
2365 2763 2657 2813 Schmieder.

439 2843 538 2887 -2
575 2838 809 2888 Florent.
832 2840 982 2888 Leid.
1006 2841 1158 2889 Voss.
1181 2845 1227 2889 1.
1252 2844 1302 2891 2.
1334 2840 1452 2889 Pal.
1478 2844 1528 2890 1.
1551 2840 1685 2888 Dan.
1712 2837 1828 2888 Ald.
1851 2836 2018 2887 Colin.
2051 2831 2257 2896 Gryph.
2296 2832 2413 2879 Bas.
2437 2837 2489 2878 et
2514 2828 2652 2876 Mer.

440 2903 758 2953 dimitterent.
824 2904 939 2957 Pal.
970 2910 1016 2954 1.
1054 2905 1251 2955 omittit
1288 2904 1586 2954 animm—8
1625 2905 1767 2968 Octo,
1807 2901 1909 2965 qui,
1946 2903 2030 2964 ξε.
2066 2897 2188 2948 edd.
2221 2897 2488 2960 pleraeque
2529 2899 2653 2942 ante

442 2967 683 3019 Freinsh.
753 2974 767 2996 ⁴
787 2966 954 3018 Codd.
978 2984 1155 3021 omnes
1177 2971 1380 3023 Novem.
1446 2971 1585 3033 Ergo
1608 2969 1757 3020 unius
1777 2964 2089 3016 Chiliarchae
2109 2974 2301 3012 nomen
2323 2959 2539 3014 excidit,
2565 2971 2658 3006 cu-

435 3032 527 3095 jus
547 3033 718 3081 locum
757 3033 810 3096 (§
835 3039 883 3081 5.
907 3033 996 3082 nbi
1021 3035 1073 3082 in
1096 3034 1212 3084 cod.
1229 3035 1449 3085 Theocr.
1473 3041 1689 3084 octavum
1710 3033 1926 3082 idtimum
1948 3027 2168 3091 legitur)
2191 3026 2400 3075 stellula
2425 3024 2657 3073 editores

441 3097 811 3164 signaverunt?
841 3097 1133 3149 Schmieder.
1199 3100 1305 3150 Pro
1327 3100 1559 3152 vocabant
1595 3099 1684 3150 alii
1713 3097 1926 3148 vocabat.
1994 3095 2230 3147 Florem.
2252 3089 2407 3143 Leid.
2427 3091 2580 3139 Voss.
2611 3091 2660 3134 1.

438 3313 575 3378 qnod
599 3314 758 3365 denos
783 3270 983 3381 (initio)
1003 3316 1206 3366 »valeret
1224 3234 1541 3373 asses,si1=:1e0
1545 3232 1863 3378 Tssssabymne
1902 3311 2035 3361 Susa
2076 3308 2178 3358 iter
2216 3310 2316 3355 est.
2372 3301 2491 3354 Nisi
2522 3298 2661 3349 forte

438 3406 674 3442 nummos
739 3393 1010 3442 sestertios
1069 3400 1309 3457 quatuor.
1365 3393 1507 3442 *Eum
1589 3390 1844 3454 Sagapena
1887 3388 2065 3451 legere
2098 3384 2212 3449 quis
2246 3380 2413 3444 malit,
2445 3394 2557 3444 quae
2594 3377 2660 3429 sd

439 3468 643 3520 Plinius
677 3470 768 3520 lib.
806 3483 926 3519 xxi.
959 3484 1076 3534 cap.
1106 3473 1186 3519 33.
1220 3470 1509 3535 aequiparat

440 3543 700 3596 drachmae
726 3546 943 3611 Atticae,
976 3546 1273 3609 cujusmodi
1296 3553 1507 3597 centurn

440 3621 581 3677 mina
613 3622 935 3684 continebat,
969 3624 1224 3672 talentum
1267 3637 1359 3673 sex
1394 3624 1507 3672 mil-

440 3697 542 3748 linx
574 3713 735 3763 quare
760 3699 1034 3760 Diodorus,
1051 3713 1118 3748 ex
1140 3714 1242 3762 qno
1265 3713 1357 3749 sua
1378 3701 1510 3750 Cur-

440 3772 546 3822 tius
571 3775 797 3838 accepit,
831 3775 930 3824 hoe
965 3774 1081 3823 loco
1115 3789 1209 3823 sex
1239 3775 1399 3824 minas
1424 3791 1513 3825 vo·

443 3856 529 3899 eat
551 3867 569 3912 ς
597 3851 699 3900 iste
721 3851 737 3880 ‘
758 3857 1035 3901 sexcentos
1054 3851 1295 3902 denarios
1311 3851 1325 3876 ’
1347 3853 1511 3904 inter·

442 3932 679 3988 pretatus
703 3933 803 3977 est.
855 3928 943 3977 Ita
965 3928 1226 3992 denariae,
1237 3930 1393 3993 juxta
1417 3930 1514 3980 ini·

446 4010 557 4053 tam
590 4017 623 4052 a
654 4002 807 4053 n‘obis
841 4004 1100 4054 rationem
1135 4006 1225 4056 lib.
1273 4020 1359 4057 tn.
1395 4022 1514 4071 cap.

354 4131 358 4135 q
446 4077 543 4127 ult.
574 4079 856 4142 respondet
892 4088 1013 4139 octo
1041 4079 1206 4132 ferme
1242 4083 1514 4135 Francicae

446 4162 672 4221 monetae
697 4153 898 4204 assibus
922 4171 1039 4205 cnm
1062 4158 1293 4210 semisse.

444 4255 448 4261 ³
512 4237 537 4267 ⁸
569 4231 854 4294 Satrapene]
898 4231 1078 4283 Habet
1108 4235 1373 4286 Diodorus
1410 4237 1515 4287 &e-

1589 3467 1782 3518 Ortum
1821 3462 2127 3529 Babylonia}
2172 3458 2426 3511 statuitur
2460 3469 2663 3521 quoqne

1587 3563 1619 3597 a
1652 3545 1910 3596 Strabone
1932 3542 2019 3591 lib.
2045 3552 2166 3591 xvi.
2233 3537 2523 3598 Satrapene
2555 3531 2666 3596 qui·

1588 3623 1709 3673 dem
1734 3628 1822 3671 ant
1841 3630 2119 3684 nusquam,
2143 3613 2303 3665 autin
2318 3611 2503 3662 Persia
2518 3618 2664 3660 certe

1590 3699 1733 3750 nulla
1751 3696 1870 3746 fuit.

1660 3775 1685 3811 b
1721 3770 2044 3834 Clu'liurchas]
2091 3768 2298 3821 Nomen
2341 3763 2406 3814 ab
2454 3764 2571 3826 ipsa
2606 3774 2666 3810 re

1594 3850 1913 3917 profectum,
1935 3847 2057 3912 quia
2078 3844 2222 3894 mille
2256 3839 2504 3890 militibus
2529 3853 2670 3902 prae·

1597 3935 1751 3978 erant
1771 3943 1787 3988 ς
1819 3923 1974 3989 χίλιοι
1990 3922 2145 3978 enim,
2160 3920 2292 3970 mille
2305 3935 2326 3977 ,·
2358 3916 2508 3982 ἀρχὴ,
2521 3916 2671 3980 impe-

1598 4005 1746 4054 rium.
1815 3997 2186 4064 Quingenariae]
2222 3995 2364 4045 Male
2387 3992 2586 4056 vulgati
2610 3991 2673 4040 li·

1597 4081 1682 4131 bri
1703 4076 2130 4145 quinquagenaria.
2176 4071 2464 4125 Quis-enirn
2487 4070 2672 4119 cohor·

1597 4166 1680 4210 tes
1727 4173 1795 4208 ex
1836 4149 2295 4221 quinquagenariis
2341 4145 2665 4199 millenarias

1599 4243 1754 4300 putet
1776 4234 1944 4284 factas
1968 4229 2113 4280 esse?
2147 4240 2248 4276 nee
2269 4223 2478 4274 tantula
2492 4222 2671 4273 multi-

451 4305 671 4364 taei-nam,
716 4308 901 4359 verius.
968 4309 1077 4363 Per
1110 4309 1415 4365 Sittacenen
1451 4329 1518 4375 ex
1606 4313 1731 4367 tudo
1754 4313 2060 4377 dignaretur
2082 4305 2309 4357 cohortis
2332 4301 2553 4356 nomine.
