<?xml version="1.0" encoding="UTF-8"?>
<!DOCTYPE html PUBLIC "-//W3C//DTD XHTML 1.0 Transitional//EN"
    "http://www.w3.org/TR/xhtml1/DTD/xhtml1-transitional.dtd">
<html xmlns="http://www.w3.org/1999/xhtml" xml:lang="en" lang="en">
 <head>
  <title>
</title>
<meta http-equiv="Content-Type" content="text/html;charset=utf-8" />
  <meta name='ocr-system' content='tesseract 3.04.00' />
  <meta name='ocr-capabilities' content='ocr_page ocr_carea ocr_par ocr_line ocrx_word'/>
</head>
<body>
  <div class='ocr_page' id='page_1' title='image "./quinticurtiiruf03rufugoog_0042.png"; bbox 0 0 2978 4933; ppageno 0'>
   <div class='ocr_carea' id='block_1_1' title="bbox 468 364 1852 439">
    <p class='ocr_par' dir='ltr' id='par_1_1' title="bbox 468 364 1852 439">
     <span class='ocr_line' id='line_1_1' title="bbox 468 364 1852 439; baseline -0.007 0"><span class='ocrx_word' id='word_1_1' title='bbox 468 364 555 439; x_wconf 71' lang='lat'><strong>18</strong></span> <span class='ocrx_word' id='word_1_2' title='bbox 984 398 989 403; x_wconf 90' lang='lat'><strong>·</strong></span> <span class='ocrx_word' id='word_1_3' title='bbox 1291 378 1852 435; x_wconf 58' lang='lat' dir='ltr'><strong>cameasenus</strong></span> 
     </span>
    </p>
   </div>
   <div class='ocr_carea' id='block_1_2' title="bbox 422 522 2669 4298">
    <p class='ocr_par' dir='ltr' id='par_1_2' title="bbox 467 522 2668 918">
     <span class='ocr_line' id='line_1_2' title="bbox 471 522 2667 611; baseline -0.001 -18"><span class='ocrx_word' id='word_1_4' title='bbox 471 525 849 611; x_wconf 77' lang='lat' dir='ltr'><strong>capiendas</strong></span> <span class='ocrx_word' id='word_1_5' title='bbox 898 543 1071 591; x_wconf 85' lang='lat' dir='ltr'><strong>vero·</strong></span> <span class='ocrx_word' id='word_1_6' title='bbox 1115 523 1516 596; x_wconf 59' lang='lat' dir='ltr'><strong>simillimas</strong></span> <span class='ocrx_word' id='word_1_7' title='bbox 1603 523 1903 601; x_wconf 77' lang='lat' dir='ltr'><strong>scilieet,</strong></span> <span class='ocrx_word' id='word_1_8' title='bbox 1949 522 2010 590; x_wconf 86' lang='lat' dir='ltr'><strong>si</strong></span> <span class='ocrx_word' id='word_1_9' title='bbox 2053 522 2288 591; x_wconf 80' lang='lat' dir='ltr'><strong>demta</strong></span> <span class='ocrx_word' id='word_1_10' title='bbox 2314 525 2667 591; x_wconf 56' lang='lat' dir='ltr'><strong>vertor-mn</strong></span> 
     </span>
     <span class='ocr_line' id='line_1_3' title="bbox 469 624 2668 712; baseline -0.005 -10"><span class='ocrx_word' id='word_1_11' title='bbox 469 628 926 708; x_wconf 76' lang='lat' dir='ltr'><strong>translatione,</strong></span> <span class='ocrx_word' id='word_1_12' title='bbox 963 628 1367 712; x_wconf 73' lang='lat' dir='ltr'><strong>remotisque</strong></span> <span class='ocrx_word' id='word_1_13' title='bbox 1394 628 1808 697; x_wconf 81' lang='lat' dir='ltr'><strong>ornamentis</strong></span> <span class='ocrx_word' id='word_1_14' title='bbox 1840 626 2172 704; x_wconf 72' lang='lat' dir='ltr'><strong>oratori-is,</strong></span> <span class='ocrx_word' id='word_1_15' title='bbox 2201 628 2552 710; x_wconf 78' lang='lat' dir='ltr'><strong>periodum</strong></span> <span class='ocrx_word' id='word_1_16' title='bbox 2581 624 2668 693; x_wconf 72' lang='lat' dir='ltr'><strong>aa</strong></span> 
     </span>
     <span class='ocr_line' id='line_1_4' title="bbox 467 730 2667 816; baseline -0.001 -17"><span class='ocrx_word' id='word_1_17' title='bbox 467 732 818 816; x_wconf 82' lang='lat' dir='ltr'><strong>proprium</strong></span> <span class='ocrx_word' id='word_1_18' title='bbox 848 735 913 796; x_wconf 87' lang='lat' dir='ltr'><strong>et</strong></span> <span class='ocrx_word' id='word_1_19' title='bbox 939 731 1314 815; x_wconf 75' lang='lat' dir='ltr'><strong>simplicem</strong></span> <span class='ocrx_word' id='word_1_20' title='bbox 1341 730 1690 800; x_wconf 61' lang='lat' dir='ltr'><strong>redimeris</strong></span> <span class='ocrx_word' id='word_1_21' title='bbox 1713 750 2008 808; x_wconf 86' lang='lat' dir='ltr'><strong>sensum,</strong></span> <span class='ocrx_word' id='word_1_22' title='bbox 2033 730 2325 814; x_wconf 84' lang='lat' dir='ltr'><strong>quinque</strong></span> <span class='ocrx_word' id='word_1_23' title='bbox 2348 731 2475 797; x_wconf 87' lang='lat' dir='ltr'><strong>has</strong></span> <span class='ocrx_word' id='word_1_24' title='bbox 2503 751 2667 816; x_wconf 79' lang='lat' dir='ltr'><strong>pro</strong></span> 
     </span>
     <span class='ocr_line' id='line_1_5' title="bbox 469 831 1550 918; baseline 0.004 -19"><span class='ocrx_word' id='word_1_25' title='bbox 469 834 839 918; x_wconf 76' lang='lat' dir='ltr'><strong>positiones</strong></span> <span class='ocrx_word' id='word_1_26' title='bbox 862 833 1007 904; x_wconf 89' lang='lat' dir='ltr'><strong>illi</strong></span> <span class='ocrx_word' id='word_1_27' title='bbox 988 852 1212 903; x_wconf 82' lang='lat' dir='ltr'><strong>messe</strong></span> <span class='ocrx_word' id='word_1_28' title='bbox 1237 831 1550 903; x_wconf 75' lang='lat' dir='ltr'><strong>videbis·</strong></span> 
     </span>
    </p>

    <p class='ocr_par' dir='ltr' id='par_1_3' title="bbox 469 934 2663 1226">
     <span class='ocr_line' id='line_1_6' title="bbox 558 934 2663 1021; baseline -0.002 -18.855"><span class='ocrx_word' id='word_1_29' title='bbox 558 936 924 1009; x_wconf 62' lang='lat' dir='ltr'><strong>LCurtius</strong></span> <span class='ocrx_word' id='word_1_30' title='bbox 965 954 1104 1003; x_wconf 79' lang='lat' dir='ltr'><strong>non</strong></span> <span class='ocrx_word' id='word_1_31' title='bbox 1139 935 1368 1007; x_wconf 79' lang='lat' dir='ltr'><strong>liberis</strong></span> <span class='ocrx_word' id='word_1_32' title='bbox 1398 935 1832 1021; x_wconf 75' lang='lat' dir='ltr'><strong>Reipublicae</strong></span> <span class='ocrx_word' id='word_1_33' title='bbox 1858 934 2192 1003; x_wconf 77' lang='lat' dir='ltr'><strong>Romanae</strong></span> <span class='ocrx_word' id='word_1_34' title='bbox 2219 936 2663 1020; x_wconf 76' lang='lat' dir='ltr'><strong>temporibus,</strong></span> 
     </span>
     <span class='ocr_line' id='line_1_7' title="bbox 469 1035 2658 1125; baseline -0.001 -18"><span class='ocrx_word' id='word_1_35' title='bbox 469 1038 585 1107; x_wconf 88' lang='lat' dir='ltr'><strong>sed</strong></span> <span class='ocrx_word' id='word_1_36' title='bbox 645 1058 797 1109; x_wconf 85' lang='lat' dir='ltr'><strong>cum</strong></span> <span class='ocrx_word' id='word_1_37' title='bbox 843 1035 1126 1121; x_wconf 75' lang='lat' dir='ltr'><strong>Jamjarn</strong></span> <span class='ocrx_word' id='word_1_38' title='bbox 1184 1036 1672 1121; x_wconf 76' lang='lat' dir='ltr'><strong>Imperatorum</strong></span> <span class='ocrx_word' id='word_1_39' title='bbox 1727 1038 2168 1105; x_wconf 71' lang='lat' dir='ltr'><strong>dominationi</strong></span> <span class='ocrx_word' id='word_1_40' title='bbox 2225 1058 2315 1105; x_wconf 82' lang='lat' dir='ltr'><strong>ea</strong></span> <span class='ocrx_word' id='word_1_41' title='bbox 2373 1044 2658 1125; x_wconf 84' lang='lat' dir='ltr'><strong>pareret,</strong></span> 
     </span>
     <span class='ocr_line' id='line_1_8' title="bbox 471 1141 767 1226; baseline -0.004 -19"><span class='ocrx_word' id='word_1_42' title='bbox 471 1141 767 1226; x_wconf 75' lang='lat' dir='ltr'><strong>scripsit.</strong></span> 
     </span>
    </p>

    <p class='ocr_par' dir='ltr' id='par_1_4' title="bbox 462 1240 2663 1939">
     <span class='ocr_line' id='line_1_9' title="bbox 557 1240 2662 1330; baseline 0.004 -22"><span class='ocrx_word' id='word_1_43' title='bbox 557 1260 641 1309; x_wconf 92' lang='lat'><strong>11.</strong></span> <span class='ocrx_word' id='word_1_44' title='bbox 684 1240 731 1309; x_wconf 83' lang='lat' dir='ltr'><strong>J</strong></span> <span class='ocrx_word' id='word_1_45' title='bbox 734 1262 842 1313; x_wconf 78' lang='lat' dir='ltr'><strong>em</strong></span> <span class='ocrx_word' id='word_1_46' title='bbox 907 1249 1353 1313; x_wconf 75' lang='lat' dir='ltr'><strong>consueverat</strong></span> <span class='ocrx_word' id='word_1_47' title='bbox 1385 1242 1689 1328; x_wconf 84' lang='lat' dir='ltr'><strong>populus</strong></span> <span class='ocrx_word' id='word_1_48' title='bbox 1737 1242 2088 1311; x_wconf 80' lang='lat' dir='ltr'><strong>Romanus</strong></span> <span class='ocrx_word' id='word_1_49' title='bbox 2138 1244 2308 1311; x_wconf 87' lang='lat' dir='ltr'><strong>hnic.</strong></span> <span class='ocrx_word' id='word_1_50' title='bbox 2348 1245 2662 1330; x_wconf 62' lang='lat' dir='ltr'><strong>Imperios</strong></span> 
     </span>
     <span class='ocr_line' id='line_1_10' title="bbox 470 1345 2661 1431; baseline 0 -21"><span class='ocrx_word' id='word_1_51' title='bbox 470 1351 674 1431; x_wconf 90' lang='lat' dir='ltr'><strong>atque</strong></span> <span class='ocrx_word' id='word_1_52' title='bbox 699 1346 797 1412; x_wconf 89' lang='lat' dir='ltr'><strong>ita</strong></span> <span class='ocrx_word' id='word_1_53' title='bbox 823 1351 1282 1417; x_wconf 86' lang='lat' dir='ltr'><strong>consueverat,</strong></span> <span class='ocrx_word' id='word_1_54' title='bbox 1310 1352 1409 1424; x_wconf 90' lang='lat' dir='ltr'><strong>ut,</strong></span> <span class='ocrx_word' id='word_1_55' title='bbox 1436 1345 1744 1429; x_wconf 77' lang='lat' dir='ltr'><strong>pristinae</strong></span> <span class='ocrx_word' id='word_1_56' title='bbox 1782 1346 2109 1412; x_wconf 82' lang='lat' dir='ltr'><strong>libertatis</strong></span> <span class='ocrx_word' id='word_1_57' title='bbox 2141 1347 2416 1426; x_wconf 90' lang='lat' dir='ltr'><strong>oblitus,</strong></span> <span class='ocrx_word' id='word_1_58' title='bbox 2445 1347 2661 1412; x_wconf 86' lang='lat' dir='ltr'><strong>nomi-</strong></span> 
     </span>
     <span class='ocr_line' id='line_1_11' title="bbox 465 1446 2662 1533; baseline -0 -19"><span class='ocrx_word' id='word_1_59' title='bbox 465 1468 554 1517; x_wconf 84' lang='lat' dir='ltr'><strong>na</strong></span> <span class='ocrx_word' id='word_1_60' title='bbox 581 1453 602 1483; x_wconf 87' lang='lat'>‘</span> <span class='ocrx_word' id='word_1_61' title='bbox 622 1447 868 1533; x_wconf 86' lang='lat' dir='ltr'><strong>caput‚&#39;</strong></span> <span class='ocrx_word' id='word_1_62' title='bbox 899 1451 920 1482; x_wconf 87' lang='lat'>‘</span> <span class='ocrx_word' id='word_1_63' title='bbox 940 1446 1298 1531; x_wconf 63' lang='lat' dir='ltr'><strong>princeps:</strong></span> <span class='ocrx_word' id='word_1_64' title='bbox 1327 1453 1350 1485; x_wconf 84' lang='lat'><em>‘</em></span> <span class='ocrx_word' id='word_1_65' title='bbox 1373 1447 1687 1517; x_wconf 87' lang='lat' dir='ltr'><strong>dominus</strong></span> <span class='ocrx_word' id='word_1_66' title='bbox 1708 1446 1726 1473; x_wconf 90' lang='lat'>’</span> <span class='ocrx_word' id='word_1_67' title='bbox 1754 1466 1886 1515; x_wconf 89' lang='lat' dir='ltr'><strong>non</strong></span> <span class='ocrx_word' id='word_1_68' title='bbox 1917 1448 2207 1532; x_wconf 85' lang='lat' dir='ltr'><strong>amplius</strong></span> <span class='ocrx_word' id='word_1_69' title='bbox 2226 1450 2508 1526; x_wconf 80' lang='lat' dir='ltr'><strong>odisset,</strong></span> <span class='ocrx_word' id='word_1_70' title='bbox 2541 1448 2662 1513; x_wconf 88' lang='lat' dir='ltr'><strong>sed</strong></span> 
     </span>
     <span class='ocr_line' id='line_1_12' title="bbox 464 1549 2660 1634; baseline -0.004 -13"><span class='ocrx_word' id='word_1_71' title='bbox 464 1549 734 1631; x_wconf 84' lang='lat' dir='ltr'><strong>publice</strong></span> <span class='ocrx_word' id='word_1_72' title='bbox 780 1550 1226 1634; x_wconf 74' lang='lat' dir='ltr'><strong>profiteretur,</strong></span> <span class='ocrx_word' id='word_1_73' title='bbox 1259 1569 1410 1619; x_wconf 88' lang='lat' dir='ltr'><strong>sese</strong></span> <span class='ocrx_word' id='word_1_74' title='bbox 1454 1550 1530 1617; x_wconf 88' lang='lat' dir='ltr'><strong>in</strong></span> <span class='ocrx_word' id='word_1_75' title='bbox 1569 1568 1776 1632; x_wconf 84' lang='lat' dir='ltr'><strong>regno</strong></span> <span class='ocrx_word' id='word_1_76' title='bbox 1821 1568 1998 1621; x_wconf 80' lang='lat' dir='ltr'><strong>esse.</strong></span> <span class='ocrx_word' id='word_1_77' title='bbox 2087 1549 2456 1633; x_wconf 85' lang='lat' dir='ltr'><strong>Utrumque</strong></span> <span class='ocrx_word' id='word_1_78' title='bbox 2494 1550 2660 1614; x_wconf 85' lang='lat' dir='ltr'><strong>satis</strong></span> 
     </span>
     <span class='ocr_line' id='line_1_13' title="bbox 465 1650 2663 1737; baseline -0.002 -18"><span class='ocrx_word' id='word_1_79' title='bbox 465 1659 751 1734; x_wconf 77' lang='lat' dir='ltr'><strong>apparet</strong></span> <span class='ocrx_word' id='word_1_80' title='bbox 775 1673 813 1719; x_wconf 91' lang='lat' dir='ltr'><strong>e</strong></span> <span class='ocrx_word' id='word_1_81' title='bbox 842 1653 1101 1723; x_wconf 81' lang='lat' dir='ltr'><strong>verbis:</strong></span> <span class='ocrx_word' id='word_1_82' title='bbox 1144 1652 1481 1737; x_wconf 84' lang='lat' dir='ltr'><strong>‘Populus</strong></span> <span class='ocrx_word' id='word_1_83' title='bbox 1514 1650 1602 1722; x_wconf 81' lang='lat' dir='ltr'><strong>P..</strong></span> <span class='ocrx_word' id='word_1_84' title='bbox 1643 1651 1936 1719; x_wconf 87' lang='lat' dir='ltr'><strong>salutem</strong></span> <span class='ocrx_word' id='word_1_85' title='bbox 1961 1670 2038 1717; x_wconf 89' lang='lat' dir='ltr'><strong>se</strong></span> <span class='ocrx_word' id='word_1_86' title='bbox 2067 1652 2367 1736; x_wconf 51' lang='lat' dir='ltr'><strong>principi*</strong></span> <span class='ocrx_word' id='word_1_87' title='bbox 2386 1671 2518 1716; x_wconf 81' lang='lat' dir='ltr'><strong>suo</strong></span> <span class='ocrx_word' id='word_1_88' title='bbox 2546 1651 2663 1715; x_wconf 84' lang='lat' dir='ltr'><strong>de·</strong></span> 
     </span>
     <span class='ocr_line' id='line_1_14' title="bbox 462 1752 2660 1839; baseline -0.003 -16"><span class='ocrx_word' id='word_1_89' title='bbox 462 1752 619 1823; x_wconf 80' lang='lat' dir='ltr'><strong>bere</strong></span> <span class='ocrx_word' id='word_1_90' title='bbox 646 1753 1034 1838; x_wconf 60' lang='lat' dir='ltr'><strong>profitetur:</strong></span> <span class='ocrx_word' id='word_1_91' title='bbox 1060 1762 1127 1822; x_wconf 86' lang='lat' dir='ltr'><strong>et</strong></span> <span class='ocrx_word' id='word_1_92' title='bbox 1148 1758 1169 1795; x_wconf 87' lang='lat'><em>‘</em></span> <span class='ocrx_word' id='word_1_93' title='bbox 1188 1774 1348 1825; x_wconf 82' lang='lat' dir='ltr'><strong>cum</strong></span> <span class='ocrx_word' id='word_1_94' title='bbox 1377 1755 1525 1825; x_wconf 80' lang='lat' dir='ltr'><strong>sine</strong></span> <span class='ocrx_word' id='word_1_95' title='bbox 1559 1775 1683 1823; x_wconf 90' lang='lat' dir='ltr'><strong>suo</strong></span> <span class='ocrx_word' id='word_1_96' title='bbox 1711 1755 1937 1839; x_wconf 88' lang='lat' dir='ltr'><strong>capite</strong></span> <span class='ocrx_word' id='word_1_97' title='bbox 1979 1753 2324 1820; x_wconf 82' lang='lat' dir='ltr'><strong>discordia</strong></span> <span class='ocrx_word' id='word_1_98' title='bbox 2363 1755 2660 1819; x_wconf 76' lang='lat' dir='ltr'><strong>membra</strong></span> 
     </span>
     <span class='ocr_line' id='line_1_15' title="bbox 463 1855 927 1939; baseline 0.022 -20"><span class='ocrx_word' id='word_1_99' title='bbox 463 1855 927 1939; x_wconf 60' lang='lat' dir='ltr'><strong>trepidarent?</strong></span> 
     </span>
    </p>

    <p class='ocr_par' dir='ltr' id='par_1_5' title="bbox 422 1958 2662 3371">
     <span class='ocr_line' id='line_1_16' title="bbox 549 1958 2662 2045; baseline 0.001 -25"><span class='ocrx_word' id='word_1_100' title='bbox 549 1973 664 2027; x_wconf 74' lang='lat'>1117-</span> <span class='ocrx_word' id='word_1_101' title='bbox 708 1959 1039 2044; x_wconf 76' lang='lat' dir='ltr'><strong>Princeps</strong></span> <span class='ocrx_word' id='word_1_102' title='bbox 1097 1959 1247 2032; x_wconf 72' lang='lat' dir='ltr'><strong>ille..</strong></span> <span class='ocrx_word' id='word_1_103' title='bbox 1289 1980 1442 2030; x_wconf 85' lang='lat' dir='ltr'><strong>cnm</strong></span> <span class='ocrx_word' id='word_1_104' title='bbox 1488 1960 1592 2027; x_wconf 83' lang='lat' dir='ltr'><strong>ad:</strong></span> <span class='ocrx_word' id='word_1_105' title='bbox 1625 1959 1988 2045; x_wconf 83' lang='lat' dir='ltr'><strong>Imperium</strong></span> <span class='ocrx_word' id='word_1_106' title='bbox 2027 1960 2399 2038; x_wconf 76' lang='lat' dir='ltr'><strong>accederet,</strong></span> <span class='ocrx_word' id='word_1_107' title='bbox 2452 1958 2662 2024; x_wconf 72' lang='lat' dir='ltr'><strong>Rem-</strong></span> 
     </span>
     <span class='ocr_line' id='line_1_17' title="bbox 460 2061 2659 2148; baseline -0.001 -21"><span class='ocrx_word' id='word_1_108' title='bbox 460 2061 802 2144; x_wconf 75' lang='lat' dir='ltr'><strong>publicam</strong></span> <span class='ocrx_word' id='word_1_109' title='bbox 859 2063 1059 2134; x_wconf 78' lang='lat' dir='ltr'><strong>hellis</strong></span> <span class='ocrx_word' id='word_1_110' title='bbox 1116 2062 1441 2133; x_wconf 79' lang='lat' dir='ltr'><strong>civilibus</strong></span> <span class='ocrx_word' id='word_1_111' title='bbox 1492 2083 1885 2148; x_wconf 79' lang='lat' dir='ltr'><strong>oppressam</strong></span> <span class='ocrx_word' id='word_1_112' title='bbox 1943 2072 2149 2147; x_wconf 87' lang='lat' dir='ltr'><strong>atque</strong></span> <span class='ocrx_word' id='word_1_113' title='bbox 2196 2064 2276 2127; x_wconf 51' lang='lat' dir='ltr'><strong>in,</strong></span> <span class='ocrx_word' id='word_1_114' title='bbox 2312 2062 2659 2132; x_wconf 84' lang='lat' dir='ltr'><strong>sactiones,</strong></span> 
     </span>
     <span class='ocr_line' id='line_1_18' title="bbox 463 2163 2659 2250; baseline 0 -21"><span class='ocrx_word' id='word_1_115' title='bbox 463 2183 744 2247; x_wconf 75' lang='lat' dir='ltr'><strong>quarum</strong></span> <span class='ocrx_word' id='word_1_116' title='bbox 774 2167 1002 2250; x_wconf 83' lang='lat' dir='ltr'><strong>capita</strong></span> <span class='ocrx_word' id='word_1_117' title='bbox 1030 2165 1257 2234; x_wconf 83' lang='lat' dir='ltr'><strong>omnia</strong></span> <span class='ocrx_word' id='word_1_118' title='bbox 1284 2164 1485 2231; x_wconf 85' lang='lat' dir='ltr'><strong>simul</strong></span> <span class='ocrx_word' id='word_1_119' title='bbox 1515 2180 1784 2247; x_wconf 78' lang='lat' dir='ltr'><strong>regnum</strong></span> <span class='ocrx_word' id='word_1_120' title='bbox 1808 2164 2218 2238; x_wconf 73' lang='lat' dir='ltr'><strong>affectarent,</strong></span> <span class='ocrx_word' id='word_1_121' title='bbox 2251 2163 2659 2230; x_wconf 70' lang='lat' dir='ltr'><strong>dissolutam</strong></span> 
     </span>
     <span class='ocr_line' id='line_1_19' title="bbox 460 2265 2659 2351; baseline 0 -22"><span class='ocrx_word' id='word_1_122' title='bbox 460 2265 755 2346; x_wconf 76' lang='lat' dir='ltr'><strong>sedavit„</strong></span> <span class='ocrx_word' id='word_1_123' title='bbox 786 2286 1072 2351; x_wconf 75' lang='lat' dir='ltr'><strong>eamque</strong></span> <span class='ocrx_word' id='word_1_124' title='bbox 1123 2267 1213 2336; x_wconf 76' lang='lat' dir='ltr'><strong>ad·</strong></span> <span class='ocrx_word' id='word_1_125' title='bbox 1259 2265 1692 2332; x_wconf 75' lang='lat' dir='ltr'><strong>concordiam</strong></span> <span class='ocrx_word' id='word_1_126' title='bbox 1728 2272 1799 2329; x_wconf 91' lang='lat' dir='ltr'><strong>et</strong></span> <span class='ocrx_word' id='word_1_127' title='bbox 1839 2266 2230 2333; x_wconf 86' lang='lat' dir='ltr'><strong>societatem</strong></span> <span class='ocrx_word' id='word_1_128' title='bbox 2272 2270 2659 2331; x_wconf 61' lang='lat' dir='ltr'><strong>revocatam</strong></span> 
     </span>
     <span class='ocr_line' id='line_1_20' title="bbox 457 2367 2660 2452; baseline 0 -19"><span class='ocrx_word' id='word_1_129' title='bbox 457 2386 686 2440; x_wconf 75' lang='lat' dir='ltr'><strong>rursus</strong></span> <span class='ocrx_word' id='word_1_130' title='bbox 713 2369 804 2435; x_wconf 92' lang='lat' dir='ltr'><strong>ad</strong></span> <span class='ocrx_word' id='word_1_131' title='bbox 834 2369 1187 2452; x_wconf 80' lang='lat' dir='ltr'><strong>pristinam</strong></span> <span class='ocrx_word' id='word_1_132' title='bbox 1213 2368 1491 2451; x_wconf 83' lang='lat' dir='ltr'><strong>gloriam</strong></span> <span class='ocrx_word' id='word_1_133' title='bbox 1515 2375 1589 2432; x_wconf 86' lang='lat' dir='ltr'><strong>et</strong></span> <span class='ocrx_word' id='word_1_134' title='bbox 1610 2368 1986 2452; x_wconf 82' lang='lat' dir='ltr'><strong>potentiam</strong></span> <span class='ocrx_word' id='word_1_135' title='bbox 2009 2368 2253 2433; x_wconf 81' lang='lat' dir='ltr'><strong>evexit.</strong></span> <span class='ocrx_word' id='word_1_136' title='bbox 2327 2367 2487 2439; x_wconf 87' lang='lat' dir='ltr'><strong>Hoe</strong></span> <span class='ocrx_word' id='word_1_137' title='bbox 2518 2384 2660 2433; x_wconf 75' lang='lat' dir='ltr'><strong>ma-</strong></span> 
     </span>
     <span class='ocr_line' id='line_1_21' title="bbox 459 2466 2659 2555; baseline 0 -24"><span class='ocrx_word' id='word_1_138' title='bbox 459 2466 700 2554; x_wconf 64' lang='lat' dir='ltr'><strong>nifeste</strong></span> <span class='ocrx_word' id='word_1_139' title='bbox 731 2469 1106 2552; x_wconf 77' lang='lat' dir='ltr'><strong>significant</strong></span> <span class='ocrx_word' id='word_1_140' title='bbox 1131 2489 1270 2535; x_wconf 90' lang='lat' dir='ltr'><strong>non</strong></span> <span class='ocrx_word' id='word_1_141' title='bbox 1294 2469 1494 2537; x_wconf 87' lang='lat' dir='ltr'><strong>modo</strong></span> <span class='ocrx_word' id='word_1_142' title='bbox 1532 2490 1636 2551; x_wconf 85' lang='lat' dir='ltr'><strong>ea,</strong></span> <span class='ocrx_word' id='word_1_143' title='bbox 1667 2490 1821 2555; x_wconf 78' lang='lat' dir='ltr'><strong>quae</strong></span> <span class='ocrx_word' id='word_1_144' title='bbox 1863 2470 2138 2535; x_wconf 87' lang='lat' dir='ltr'><strong>Curtius</strong></span> <span class='ocrx_word' id='word_1_145' title='bbox 2182 2471 2373 2540; x_wconf 86' lang='lat' dir='ltr'><strong>initio</strong></span> <span class='ocrx_word' id='word_1_146' title='bbox 2410 2469 2659 2553; x_wconf 80' lang='lat' dir='ltr'><strong>capitis</strong></span> 
     </span>
     <span class='ocr_line' id='line_1_22' title="bbox 462 2570 2660 2656; baseline 0 -22"><span class='ocrx_word' id='word_1_147' title='bbox 462 2570 1024 2655; x_wconf 76' lang='lat' dir='ltr'><strong>praefatur-atque</strong></span> <span class='ocrx_word' id='word_1_148' title='bbox 1051 2571 1230 2640; x_wconf 88' lang='lat' dir='ltr'><strong>unde</strong></span> <span class='ocrx_word' id='word_1_149' title='bbox 1261 2571 1349 2638; x_wconf 90' lang='lat' dir='ltr'><strong>ad</strong></span> <span class='ocrx_word' id='word_1_150' title='bbox 1374 2570 1518 2640; x_wconf 90' lang='lat' dir='ltr'><strong>hoc.</strong></span> <span class='ocrx_word' id='word_1_151' title='bbox 1535 2573 1950 2656; x_wconf 67' lang='lat' dir='ltr'><strong>praeconium</strong></span> <span class='ocrx_word' id='word_1_152' title='bbox 1980 2571 2383 2656; x_wconf 83' lang='lat' dir='ltr'><strong>digreditur:</strong></span> <span class='ocrx_word' id='word_1_153' title='bbox 2432 2577 2453 2607; x_wconf 93' lang='lat'>‘</span> <span class='ocrx_word' id='word_1_154' title='bbox 2478 2571 2660 2637; x_wconf 83' lang='lat' dir='ltr'><strong>Nam</strong></span> 
     </span>
     <span class='ocr_line' id='line_1_23' title="bbox 459 2672 2659 2760; baseline 0 -22"><span class='ocrx_word' id='word_1_155' title='bbox 459 2678 533 2738; x_wconf 91' lang='lat' dir='ltr'><strong>et</strong></span> <span class='ocrx_word' id='word_1_156' title='bbox 555 2672 956 2742; x_wconf 83' lang='lat' dir='ltr'><strong>insociabile</strong></span> <span class='ocrx_word' id='word_1_157' title='bbox 986 2679 1093 2739; x_wconf 91' lang='lat' dir='ltr'><strong>est</strong></span> <span class='ocrx_word' id='word_1_158' title='bbox 1123 2673 1435 2757; x_wconf 86' lang='lat' dir='ltr'><strong>Regnum</strong></span> <span class='ocrx_word' id='word_1_159' title='bbox 1462 2681 1531 2740; x_wconf 89' lang='lat' dir='ltr'><strong>et</strong></span> <span class='ocrx_word' id='word_1_160' title='bbox 1560 2695 1605 2741; x_wconf 91' lang='lat' dir='ltr'><strong>a</strong></span> <span class='ocrx_word' id='word_1_161' title='bbox 1627 2675 1935 2760; x_wconf 86' lang='lat' dir='ltr'><strong>pluribus</strong></span> <span class='ocrx_word' id='word_1_162' title='bbox 1960 2676 2424 2760; x_wconf 73' lang='lat' dir='ltr'><strong>expetebatur.</strong></span> <span class='ocrx_word' id='word_1_163' title='bbox 2514 2673 2659 2738; x_wconf 86' lang='lat' dir='ltr'><strong>Pri-</strong></span> 
     </span>
     <span class='ocr_line' id='line_1_24' title="bbox 422 2775 2660 2860; baseline -0.001 -18"><span class='ocrx_word' id='word_1_164' title='bbox 422 2835 433 2842; x_wconf 89' lang='lat'><strong>.</strong></span> <span class='ocrx_word' id='word_1_165' title='bbox 461 2794 643 2840; x_wconf 91' lang='lat' dir='ltr'><strong>mum</strong></span> <span class='ocrx_word' id='word_1_166' title='bbox 670 2794 826 2857; x_wconf 87' lang='lat' dir='ltr'><strong>ergo</strong></span> <span class='ocrx_word' id='word_1_167' title='bbox 859 2775 1191 2858; x_wconf 88' lang='lat' dir='ltr'><strong>collegere</strong></span> <span class='ocrx_word' id='word_1_168' title='bbox 1221 2777 1421 2855; x_wconf 77' lang='lat' dir='ltr'><strong>vireS,</strong></span> <span class='ocrx_word' id='word_1_169' title='bbox 1447 2776 1684 2840; x_wconf 90' lang='lat' dir='ltr'><strong>deinde</strong></span> <span class='ocrx_word' id='word_1_170' title='bbox 1715 2776 2206 2860; x_wconf 83' lang='lat' dir='ltr'><strong>disperserunt:</strong></span> <span class='ocrx_word' id='word_1_171' title='bbox 2235 2784 2302 2842; x_wconf 90' lang='lat' dir='ltr'><strong>et</strong></span> <span class='ocrx_word' id='word_1_172' title='bbox 2329 2796 2481 2842; x_wconf 87' lang='lat' dir='ltr'><strong>cum</strong></span> <span class='ocrx_word' id='word_1_173' title='bbox 2510 2777 2660 2859; x_wconf 87' lang='lat' dir='ltr'><strong>plu·-</strong></span> 
     </span>
     <span class='ocr_line' id='line_1_25' title="bbox 460 2876 2661 2962; baseline -0.004 -14"><span class='ocrx_word' id='word_1_174' title='bbox 460 2876 647 2948; x_wconf 77' lang='lat' dir='ltr'><strong>ribus</strong></span> <span class='ocrx_word' id='word_1_175' title='bbox 691 2895 962 2959; x_wconf 72' lang='lat' dir='ltr'><strong>corpus,</strong></span> <span class='ocrx_word' id='word_1_176' title='bbox 1016 2893 1222 2962; x_wconf 82' lang='lat' dir='ltr'><strong>qnam</strong></span> <span class='ocrx_word' id='word_1_177' title='bbox 1271 2877 1613 2962; x_wconf 85' lang='lat' dir='ltr'><strong>capiebat,</strong></span> <span class='ocrx_word' id='word_1_178' title='bbox 1651 2884 2064 2956; x_wconf 78' lang='lat' dir='ltr'><strong>onerassent,</strong></span> <span class='ocrx_word' id='word_1_179' title='bbox 2095 2886 2317 2944; x_wconf 83' lang='lat' dir='ltr'><strong>cetera</strong></span> <span class='ocrx_word' id='word_1_180' title='bbox 2358 2877 2661 2962; x_wconf 78' lang='lat' dir='ltr'><strong>membra</strong></span> 
     </span>
     <span class='ocr_line' id='line_1_26' title="bbox 461 2976 2659 3065; baseline 0.001 -24"><span class='ocrx_word' id='word_1_181' title='bbox 461 2976 751 3048; x_wconf 81' lang='lat' dir='ltr'><strong>deficere</strong></span> <span class='ocrx_word' id='word_1_182' title='bbox 782 2986 1173 3062; x_wconf 79' lang='lat' dir='ltr'><strong>coeperunt·</strong></span> <span class='ocrx_word' id='word_1_183' title='bbox 1218 2981 1542 3065; x_wconf 87' lang='lat' dir='ltr'><strong>quodque</strong></span> <span class='ocrx_word' id='word_1_184' title='bbox 1581 2979 1953 3064; x_wconf 77' lang='lat' dir='ltr'><strong>Imperium</strong></span> <span class='ocrx_word' id='word_1_185' title='bbox 1995 2982 2123 3045; x_wconf 87' lang='lat' dir='ltr'><strong>sub</strong></span> <span class='ocrx_word' id='word_1_186' title='bbox 2159 2986 2506 3045; x_wconf 78' lang='lat' dir='ltr'><strong>unostarc</strong></span> <span class='ocrx_word' id='word_1_187' title='bbox 2533 2997 2659 3062; x_wconf 87' lang='lat' dir='ltr'><strong>po-</strong></span> 
     </span>
     <span class='ocr_line' id='line_1_27' title="bbox 461 3077 2659 3165; baseline 0 -22"><span class='ocrx_word' id='word_1_188' title='bbox 461 3079 737 3158; x_wconf 80' lang='lat' dir='ltr'><strong>tuisset,</strong></span> <span class='ocrx_word' id='word_1_189' title='bbox 754 3079 913 3152; x_wconf 81' lang='lat' dir='ltr'><strong>dum</strong></span> <span class='ocrx_word' id='word_1_190' title='bbox 942 3100 991 3144; x_wconf 90' lang='lat' dir='ltr'><strong>a</strong></span> <span class='ocrx_word' id='word_1_191' title='bbox 1013 3080 1326 3165; x_wconf 81' lang='lat' dir='ltr'><strong>pluribus</strong></span> <span class='ocrx_word' id='word_1_192' title='bbox 1355 3077 1739 3155; x_wconf 81' lang='lat' dir='ltr'><strong>sustinetur,</strong></span> <span class='ocrx_word' id='word_1_193' title='bbox 1770 3079 1941 3159; x_wconf 87' lang='lat' dir='ltr'><strong>ruit‚·’</strong></span> <span class='ocrx_word' id='word_1_194' title='bbox 1970 3081 2091 3147; x_wconf 87' lang='lat' dir='ltr'><strong>sed</strong></span> <span class='ocrx_word' id='word_1_195' title='bbox 2120 3083 2373 3149; x_wconf 77' lang='lat' dir='ltr'><strong>etiam‘</strong></span> <span class='ocrx_word' id='word_1_196' title='bbox 2403 3080 2659 3151; x_wconf 86' lang='lat' dir='ltr'><strong>discor-</strong></span> 
     </span>
     <span class='ocr_line' id='line_1_28' title="bbox 461 3179 2658 3262; baseline -0.003 -12"><span class='ocrx_word' id='word_1_197' title='bbox 461 3181 576 3252; x_wconf 76' lang='lat' dir='ltr'><strong>dis</strong></span> <span class='ocrx_word' id='word_1_198' title='bbox 603 3181 931 3254; x_wconf 76' lang='lat' dir='ltr'><strong>membra’</strong></span> <span class='ocrx_word' id='word_1_199' title='bbox 977 3189 1047 3254; x_wconf 79' lang='lat' dir='ltr'><strong>et</strong></span> <span class='ocrx_word' id='word_1_200' title='bbox 1088 3184 1621 3254; x_wconf 75' lang='lat' dir='ltr'><strong>exclamationes</strong></span> <span class='ocrx_word' id='word_1_201' title='bbox 1669 3184 1863 3249; x_wconf 76' lang='lat' dir='ltr'><strong>istae:</strong></span> <span class='ocrx_word' id='word_1_202' title='bbox 1909 3181 2149 3262; x_wconf 80' lang='lat' dir='ltr'><strong>‘Quot</strong></span> <span class='ocrx_word' id='word_1_203' title='bbox 2189 3190 2331 3250; x_wconf 90' lang='lat' dir='ltr'><strong>tum</strong></span> <span class='ocrx_word' id='word_1_204' title='bbox 2361 3179 2658 3247; x_wconf 74' lang='lat' dir='ltr'><strong>extinxit</strong></span> 
     </span>
     <span class='ocr_line' id='line_1_29' title="bbox 459 3284 1655 3371; baseline 0.003 -22"><span class='ocrx_word' id='word_1_205' title='bbox 459 3284 715 3352; x_wconf 82' lang='lat' dir='ltr'><strong>faces!’</strong></span> <span class='ocrx_word' id='word_1_206' title='bbox 761 3290 972 3369; x_wconf 84' lang='lat' dir='ltr'><strong>‘quot</strong></span> <span class='ocrx_word' id='word_1_207' title='bbox 999 3285 1313 3358; x_wconf 80' lang='lat' dir='ltr'><strong>condidit</strong></span> <span class='ocrx_word' id='word_1_208' title='bbox 1318 3284 1655 3371; x_wconf 51' lang='lat' dir='ltr'><strong>gladios?</strong></span> 
     </span>
    </p>

    <p class='ocr_par' dir='ltr' id='par_1_6' title="bbox 457 3387 2653 3577">
     <span class='ocr_line' id='line_1_30' title="bbox 550 3387 2653 3474; baseline -0 -23"><span class='ocrx_word' id='word_1_209' title='bbox 550 3405 652 3453; x_wconf 82' lang='grc' dir='ltr'><strong>ιν.</strong></span> <span class='ocrx_word' id='word_1_210' title='bbox 696 3388 1022 3474; x_wconf 82' lang='lat' dir='ltr'><strong>Princeps</strong></span> <span class='ocrx_word' id='word_1_211' title='bbox 1063 3390 1194 3458; x_wconf 86' lang='lat' dir='ltr'><strong>ille</strong></span> <span class='ocrx_word' id='word_1_212' title='bbox 1225 3390 1502 3466; x_wconf 84' lang='lat' dir='ltr'><strong>multam</strong></span> <span class='ocrx_word' id='word_1_213' title='bbox 1550 3394 1618 3454; x_wconf 88' lang='lat' dir='ltr'><strong>et</strong></span> <span class='ocrx_word' id='word_1_214' title='bbox 1666 3388 2059 3473; x_wconf 79' lang='lat' dir='ltr'><strong>praeclaram</strong></span> <span class='ocrx_word' id='word_1_215' title='bbox 2095 3388 2327 3455; x_wconf 88' lang='lat' dir='ltr'><strong>habuit</strong></span> <span class='ocrx_word' id='word_1_216' title='bbox 2377 3387 2653 3471; x_wconf 83' lang='lat' dir='ltr'><strong>prolem,</strong></span> 
     </span>
     <span class='ocr_line' id='line_1_31' title="bbox 457 3490 1601 3577; baseline -0.004 -15"><span class='ocrx_word' id='word_1_217' title='bbox 457 3490 635 3562; x_wconf 80' lang='lat' dir='ltr'><strong>unde</strong></span> <span class='ocrx_word' id='word_1_218' title='bbox 664 3492 1029 3576; x_wconf 54' lang='lat' dir='ltr'><strong>lffitissm</strong></span> <span class='ocrx_word' id='word_1_219' title='bbox 1049 3492 1392 3575; x_wconf 68' lang='lat' dir='ltr'><strong>affulgeret</strong></span> <span class='ocrx_word' id='word_1_220' title='bbox 1416 3513 1601 3577; x_wconf 86' lang='lat' dir='ltr'><strong>spes.</strong></span> 
     </span>
    </p>

    <p class='ocr_par' dir='ltr' id='par_1_7' title="bbox 457 3576 2669 4195">
     <span class='ocr_line' id='line_1_32' title="bbox 543 3576 2660 3680; baseline -0.002 -20"><span class='ocrx_word' id='word_1_221' title='bbox 543 3612 612 3661; x_wconf 75' lang='lat' dir='ltr'><strong>V.</strong></span> <span class='ocrx_word' id='word_1_222' title='bbox 659 3594 993 3679; x_wconf 81' lang='lat' dir='ltr'><strong>Regnum,</strong></span> <span class='ocrx_word' id='word_1_223' title='bbox 1021 3596 1131 3660; x_wconf 86' lang='lat' dir='ltr'><strong>vel</strong></span> <span class='ocrx_word' id='word_1_224' title='bbox 1168 3596 1398 3679; x_wconf 84' lang='lat' dir='ltr'><strong>potius</strong></span> <span class='ocrx_word' id='word_1_225' title='bbox 1420 3599 1725 3680; x_wconf 80' lang='lat' dir='ltr'><strong>potestas</strong></span> <span class='ocrx_word' id='word_1_226' title='bbox 1748 3576 2192 3680; x_wconf 80' lang='lat' dir='ltr'><strong>Imperatoria</strong></span> <span class='ocrx_word' id='word_1_227' title='bbox 2225 3592 2326 3658; x_wconf 89' lang='lat' dir='ltr'><strong>ita</strong></span> <span class='ocrx_word' id='word_1_228' title='bbox 2342 3593 2487 3678; x_wconf 86' lang='lat' dir='ltr'><strong>jam</strong></span> <span class='ocrx_word' id='word_1_229' title='bbox 2512 3610 2660 3657; x_wconf 87' lang='lat' dir='ltr'><strong>ccr-</strong></span> 
     </span>
     <span class='ocr_line' id='line_1_33' title="bbox 457 3694 2658 3782; baseline -0.001 -18"><span class='ocrx_word' id='word_1_230' title='bbox 457 3698 776 3770; x_wconf 73' lang='lat' dir='ltr'><strong>roborata</strong></span> <span class='ocrx_word' id='word_1_231' title='bbox 813 3703 1015 3782; x_wconf 76' lang='lat' dir='ltr'><strong>atque</strong></span> <span class='ocrx_word' id='word_1_232' title='bbox 1041 3696 1414 3764; x_wconf 69' lang='lat' dir='ltr'><strong>inveterata</strong></span> <span class='ocrx_word' id='word_1_233' title='bbox 1443 3703 1613 3777; x_wconf 85' lang='lat' dir='ltr'><strong>erat,</strong></span> <span class='ocrx_word' id='word_1_234' title='bbox 1641 3704 1718 3763; x_wconf 90' lang='lat' dir='ltr'><strong>nt</strong></span> <span class='ocrx_word' id='word_1_235' title='bbox 1755 3697 2052 3781; x_wconf 85' lang='lat' dir='ltr'><strong>populus</strong></span> <span class='ocrx_word' id='word_1_236' title='bbox 2081 3694 2280 3764; x_wconf 84' lang='lat' dir='ltr'><strong>facile</strong></span> <span class='ocrx_word' id='word_1_237' title='bbox 2321 3700 2658 3778; x_wconf 80' lang='lat' dir='ltr'><strong>pateretur</strong></span> 
     </span>
     <span class='ocr_line' id='line_1_34' title="bbox 462 3794 2657 3885; baseline -0.002 -21"><span class='ocrx_word' id='word_1_238' title='bbox 462 3806 667 3882; x_wconf 89' lang='lat' dir='ltr'><strong>atque</strong></span> <span class='ocrx_word' id='word_1_239' title='bbox 695 3801 1035 3882; x_wconf 77' lang='lat' dir='ltr'><strong>gauderet,</strong></span> <span class='ocrx_word' id='word_1_240' title='bbox 1065 3800 1137 3867; x_wconf 91' lang='lat' dir='ltr'><strong>si</strong></span> <span class='ocrx_word' id='word_1_241' title='bbox 1146 3799 1300 3885; x_wconf 86' lang='lat' dir='ltr'><strong>jure</strong></span> <span class='ocrx_word' id='word_1_242' title='bbox 1327 3798 1621 3884; x_wconf 77' lang='lat' dir='ltr'><strong>quodam</strong></span> <span class='ocrx_word' id='word_1_243' title='bbox 1650 3797 2080 3868; x_wconf 75' lang='lat' dir='ltr'><strong>haereditatis·</strong></span> <span class='ocrx_word' id='word_1_244' title='bbox 2094 3796 2234 3865; x_wconf 87' lang='lat' dir='ltr'><strong>filio</strong></span> <span class='ocrx_word' id='word_1_245' title='bbox 2271 3795 2393 3862; x_wconf 84' lang='lat' dir='ltr'><strong>illa</strong></span> <span class='ocrx_word' id='word_1_246' title='bbox 2435 3794 2657 3860; x_wconf 79' lang='lat' dir='ltr'><strong>trade-</strong></span> 
     </span>
     <span class='ocr_line' id='line_1_35' title="bbox 459 3887 2669 3988; baseline -0.002 -23"><span class='ocrx_word' id='word_1_247' title='bbox 459 3909 643 3968; x_wconf 87' lang='lat' dir='ltr'><strong>retur</strong></span> <span class='ocrx_word' id='word_1_248' title='bbox 668 3920 721 3974; x_wconf 19' lang='lat' dir='ltr'><strong>s.</strong></span> <span class='ocrx_word' id='word_1_249' title='bbox 739 3910 950 3986; x_wconf 73' lang='lat' dir='ltr'><strong>patre.</strong></span> <span class='ocrx_word' id='word_1_250' title='bbox 1026 3887 1400 3987; x_wconf 70' lang='lat' dir='ltr'><strong>Utrumque</strong></span> <span class='ocrx_word' id='word_1_251' title='bbox 1424 3902 1742 3986; x_wconf 83' lang='lat' dir='ltr'><strong>probatur</strong></span> <span class='ocrx_word' id='word_1_252' title='bbox 1771 3900 2205 3988; x_wconf 82' lang='lat' dir='ltr'><strong>conclusione</strong></span> <span class='ocrx_word' id='word_1_253' title='bbox 2233 3900 2355 3968; x_wconf 92' lang='lat' dir='ltr'><strong>illa</strong></span> <span class='ocrx_word' id='word_1_254' title='bbox 2384 3898 2617 3964; x_wconf 73' lang='lat' dir='ltr'><strong>votiva</strong></span> <span class='ocrx_word' id='word_1_255' title='bbox 2635 3917 2669 3964; x_wconf 74' lang='grc' dir='ltr'><strong>ι.</strong></span> 
     </span>
     <span class='ocr_line' id='line_1_36' title="bbox 460 3999 2655 4091; baseline -0.001 -24"><span class='ocrx_word' id='word_1_256' title='bbox 460 4004 684 4069; x_wconf 90' lang='lat' dir='ltr'><strong>‘absit</strong></span> <span class='ocrx_word' id='word_1_257' title='bbox 709 4005 911 4071; x_wconf 91' lang='lat' dir='ltr'><strong>modo</strong></span> <span class='ocrx_word' id='word_1_258' title='bbox 955 4005 1237 4085; x_wconf 86' lang='lat' dir='ltr'><strong>invidia,</strong></span> <span class='ocrx_word' id='word_1_259' title='bbox 1268 4006 1567 4090; x_wconf 78' lang='lat' dir='ltr'><strong>excipiet</strong></span> <span class='ocrx_word' id='word_1_260' title='bbox 1612 4005 1810 4091; x_wconf 89' lang='lat' dir='ltr'><strong>hujus</strong></span> <span class='ocrx_word' id='word_1_261' title='bbox 1858 4003 2093 4082; x_wconf 84' lang='lat' dir='ltr'><strong>saeculi</strong></span> <span class='ocrx_word' id='word_1_262' title='bbox 2133 4009 2438 4085; x_wconf 85' lang='lat' dir='ltr'><strong>tempora</strong></span> <span class='ocrx_word' id='word_1_263' title='bbox 2470 3999 2655 4084; x_wconf 86' lang='lat' dir='ltr'><strong>ejus-</strong></span> 
     </span>
     <span class='ocr_line' id='line_1_37' title="bbox 462 4100 2507 4195; baseline -0.003 -25"><span class='ocrx_word' id='word_1_264' title='bbox 462 4107 613 4171; x_wconf 86' lang='lat' dir='ltr'><strong>dem</strong></span> <span class='ocrx_word' id='word_1_265' title='bbox 644 4105 885 4178; x_wconf 87' lang='lat' dir='ltr'><strong>domus</strong></span> <span class='ocrx_word' id='word_1_266' title='bbox 914 4109 1169 4180; x_wconf 83' lang='lat' dir='ltr'><strong>utinam</strong></span> <span class='ocrx_word' id='word_1_267' title='bbox 1199 4115 1534 4195; x_wconf 75' lang='lat' dir='ltr'><strong>perpetua,</strong></span> <span class='ocrx_word' id='word_1_268' title='bbox 1554 4114 1738 4175; x_wconf 83' lang='lat' dir='ltr'><strong>certe</strong></span> <span class='ocrx_word' id='word_1_269' title='bbox 1766 4106 2074 4172; x_wconf 87' lang='lat' dir='ltr'><strong>diuturna</strong></span> <span class='ocrx_word' id='word_1_270' title='bbox 2099 4100 2507 4191; x_wconf 67' lang='lat' dir='ltr'><strong>posteritas!</strong></span> 
     </span>
    </p>

    <p class='ocr_par' dir='ltr' id='par_1_8' title="bbox 461 4204 2656 4298">
     <span class='ocr_line' id='line_1_38' title="bbox 461 4204 2656 4298; baseline -0.009 -11"><span class='ocrx_word' id='word_1_271' title='bbox 461 4279 470 4287; x_wconf 93' lang='lat'><strong>.</strong></span> <span class='ocrx_word' id='word_1_272' title='bbox 546 4208 628 4282; x_wconf 83' lang='lat' dir='ltr'><strong>In</strong></span> <span class='ocrx_word' id='word_1_273' title='bbox 655 4209 768 4280; x_wconf 80' lang='lat' dir='ltr'><strong>his.</strong></span> <span class='ocrx_word' id='word_1_274' title='bbox 804 4212 1113 4298; x_wconf 87' lang='lat' dir='ltr'><strong>quinque</strong></span> <span class='ocrx_word' id='word_1_275' title='bbox 1138 4210 1731 4297; x_wconf 83' lang='lat' dir='ltr'><strong>propositionibus</strong></span> <span class='ocrx_word' id='word_1_276' title='bbox 1772 4208 2014 4293; x_wconf 83' lang='lat' dir='ltr'><strong>regula</strong></span> <span class='ocrx_word' id='word_1_277' title='bbox 2051 4204 2176 4286; x_wconf 72' lang='lat' dir='ltr'><strong>es‘t,</strong></span> <span class='ocrx_word' id='word_1_278' title='bbox 2204 4226 2340 4293; x_wconf 88' lang='lat' dir='ltr'><strong>qna</strong></span> <span class='ocrx_word' id='word_1_279' title='bbox 2370 4204 2523 4272; x_wconf 83' lang='lat' dir='ltr'><strong>sola</strong></span> <span class='ocrx_word' id='word_1_280' title='bbox 2549 4204 2656 4270; x_wconf 84' lang='lat' dir='ltr'><strong>uti</strong></span> 
     </span>
    </p>
   </div>
  </div>
 </body>
</html>
