2978 4933
735 420 853 471 οι..
897 416 1087 469 cxn.
1132 401 1195 468 1.
1239 417 1345 500 λΑ.
1392 418 1516 468 cu.
1563 417 1638 466 N·
1681 400 1834 469 331.
2264 402 2395 471 275

206 571 394 633 cant:
439 566 565 632 sub
592 564 769 631 lucis
810 569 1030 630 ortum
1068 564 1300 648 tepida
1335 568 1604 644 manat3
1662 563 1888 629 medio
1937 564 2069 643 die,
2100 584 2251 631 cum
2281 585 2399 630 ve*

205 668 732 734 hementissimus
777 673 881 732 est
909 666 1117 744 calor,
1147 664 1394 750 frigida
1438 667 1679 732 eadem
1720 668 1907 748 'fluit3
1968 668 2290 734 inclinato
2322 670 2398 735 in

206 789 541 857 vesperam
579 770 900 851 calescit3
964 768 1189 834 media
1234 774 1439 834 nocte
1477 769 1743 835 fervida
1785 775 2169 853 exaestuat3
2229 791 2400 855 quo-

209 893 331 957 que
380 874 655 958 propius
715 891 856 936 nox
902 871 1119 955 vergit
1171 871 1262 936 ad
1314 871 1559 950 lucem,
1610 873 1894 939 multum
1922 891 2031 938 ex
2079 882 2398 941 nocturno

208 976 417 1042 calore
476 975 801 1041 decrescit
828 995 846 1054 3
875 975 1123 1040 *donec
1182 976 1306 1041 sub
1363 975 1592 1061 ip'sum
1653 975 1785 1044 diei
1843 982 2059 1042 ortum
2119 986 2395 1044 assueto

210 1087 429 1163 tepore
481 1077 919 1163 languescat!
1003 1079 1114 1145 23.
1184 1080 1266 1144 Id
1310 1081 1496 1164 quod
1556 1100 1678 1165 pro
1733 1081 1886 1146 Deo
1941 1081 2205 1159 colitur,
2262 1101 2399 1147 non

212 1183 528 1249 eandem¹¹
557 1182 847 1266 effigiem
876 1183 1104 1261 habet,
1149 1203 1347 1266 quam
1391 1184 1593 1268 vulgo
1628 1184 1780 1249 Diis
1811 1182 2107 1249 artifices
2137 1203 2401 1251 accom-

211 1286 670 1354 modaverunt:
692 1284 711 1322 ¹
746 1288 1068 1353 umbilico
1088 1294 1116 1320 v
1145 1288 1440 1352 maxime
1468 1287 1713 1354 similis
1738 1296 1845 1354 est
1858 1288 2194 1369 habitus?
2223 1308 2400 1354 sma-

271 1476 294 1511 ¹¹
326 1479 384 1528 In
404 1482 594 1532 solitam
614 1483 883 1547 temperiem
904 1484 1209 1545 defervescat.

272 1542 287 1576 ³
321 1546 517 1602 Qualem
529 1550 804 1613 pleramque
824 1550 1013 1616 opifices
1031 1551 1384 1600 simulacrorum
1405 1550 1524 1601 Diis
1545 1551 1831 1604 tribuerunt.

1117 1679 1482 1701 OOOOOOOOOOO

244 1791 340 1854 nefa
375 1778 503 1829 Solis
539 1786 742 1839 naemu,-
776 1780 1007 1831 Florent.
1048 1779 1194 1830 Leid.
1229 1781 1381 1829 Voss.
1407 1783 1453 1831 1.
1491 1781 1661 1843 Bong.
1691 1781 1858 1846 Lugd.
1894 1785 1951 1830 et
1991 1778 2158 1829 Amst.
2179 1778 2403 1838 fontan:

275 1843 533 1907 inaquam.
601 1845 756 1896 Voss.
778 1850 828 1896 2.
860 1845 999 1895 subl.
1026 1850 1153 1895 ortu.
1218 1846 1385 1909 Bong.
1427 1846 1658 1898 Florent.
1697 1844 1843 1896 Leid.
1880 1845 2031 1896 Voss.
2078 1849 2125 1895 1.
2160 1848 2210 1895 2.
2264 1844 2406 1894 Mer.

219 1907 370 1971 Lugd.
392 1916 446 1958 et
466 1909 639 1959 Amet.
662 1910 795 1971 cnjus
816 1910 1264 1960 vehementissimus.
1318 1911 1435 1960 Pal.
1463 1915 1507 1960 1.
1530 1911 1582 1960 in
1602 1926 1857 1974 vesperum.
1906 1911 2125 1960 Theocr.
2145 1909 2407 1959 incalescit.

220 1973 354 2023 Voss.
376 1980 422 2025 2.
443 1975 640 2050 fervide
660 1982 816 2026 estuat
836 1991 943 2024 cum
969 1975 1161 2039 propius
1175 1992 1195 2034 ,⁰
1231 1975 1379 2025 Leid.
1405 1976 1564 2025 etiam
1592 1992 1714 2027 cum.
1780 1977 1947 2040 Bong.
1968 1975 2140 2025 Amst.
2161 1980 2217 2024 et
2239 1972 2405 2037 Lngd.

219 2051 307 2113 ²¹⁰³?
323 2054 525 2101 ριόρωε.
597 2040 709 2091 Col.
734 2047 790 2091 et
812 2042 951 2091 Mer.
972 2045 1176 2104 tempore
1197 2041 1612 2103 langueam-23
1637 2041 1698 2091 Id
1716 2056 1802 2105 pro
1826 2041 1932 2091 Deo
1953 2041 2069 2090 Pal.
2095 2045 2140 2090 1.
2172 2039 2406 2089 Florent.

222 2101 355 2153 Leid.
377 2106 526 2154 Voss.
553 2110 600 2154 1.
625 2110 674 2156 2.
710 2112 766 2156 et
801 2107 969 2170 Bong.
1004 2108 1127 2169 quod
1157 2121 1250 2156 non
1280 2108 1474 2155 eandem
1495 2106 1652 2156 Voss.
1673 2111 1723 2156 2.
1794 2106 1918 2156 Mox
1942 2106 2170 2155 Florent.
2190 2103 2411 2153 umbilico

222 2170 411 2219 maxime
429 2170 602 2220 similis
621 2176 692 2222 est
711 2171 901 2222 habitus
919 2173 1165 2233 zmaragd.
1197 2176 1244 2222 et
1274 2186 1401 2234 gem.
1430 2176 1695 2234 congruent.
1728 2171 1878 2223 Leid.
1900 2171 2024 2221 umb.
2048 2170 2254 2221 maxime
2273 2184 2317 2220 s.
2336 2172 2411 2219 est

1198 2322 1411 2375 No'rAE

225 2415 292 2465 tio
327 2420 686 2484 consentiunt;
722 2421 789 2473 de
829 2424 948 2474 loco
994 2423 1270 2488 plurimum

227 2502 277 2544 et
316 2495 376 2546 ab
417 2498 514 2549 isto
553 2507 613 2550 et
654 2501 793 2550 inter
837 2516 894 2552 se
935 2500 1271 2566 discrepant:

227 2571 411 2625 Plinius
442 2576 532 2626 lib.
556 2591 624 2627 ιι.
657 2592 772 2641 cap.
811 2582 927 2627 103.
966 2578 1019 2628 in
1055 2579 1273 2641 Troglo-

228 2647 354 2711 dytis
389 2656 618 2717 reponit.
683 2654 833 2704 Idem
856 2655 943 2705 lib.
970 2668 1026 2703 v.
1052 2669 1166 2718 cap.
1191 2660 1273 2705 5⁰.

230 2724 289 2774 ad
336 2729 573 2787 Debrim,
638 2730 1017 2781 Garamantum
1078 2730 1276 2795 urbem,

231 2804 355 2867 quod
390 2813 443 2856 et
475 2807 797 2857 Ptolemaeus
828 2805 991 2868 fecit;
1025 2805 1273 2856 Arrianus

232 2895 340 2932 vero
376 2883 426 2934 in
467 2885 578 2948 ipso
627 2884 822 2934 oraculi
865 2897 1094 2947 nemore,
1139 2883 1275 2948 quod

234 2960 420 3012 unicum
443 2962 718 3013 describit.
785 2962 981 3013 Causas
1008 2977 1165 3028 porro
1183 2963 1277 3011 bu·

230 3035 308 3098 jus
326 3038 553 3091 miraculi
574 3039 662 3106 qui
685 3054 834 3091 nosse
858 3041 1015 3101 volet,
1035 3039 1191 3090 adeat
1212 3042 1279 3091 de

237 3112 301 3162 his
331 3114 636 3167 disserentes
675 3118 889 3168 Lucret.
916 3130 992 3168 vr.
1014 3121 1127 3168 848.
1172 3117 1280 3166 Pli-

238 3188 363 3243 nium
385 3192 508 3243 locis
531 3194 728 3258 citatis,
748 3195 1001 3258 solinum,
1022 3210 1070 3246 e.
1089 3200 1171 3246 27.

294 3276 315 3301 “
330 3269 436 3321 Non
449 3272 667 3337 eandem]
702 3273 996 3323 Humanam
1013 3273 1279 3335 videlicet,

242 3359 332 3409 qua
369 3350 517 3414 vulgo
560 3350 657 3401 Dii
710 3351 1040 3401 exhibentur.
1119 3350 1283 3416 Atqui

243 3421 483 3475 Arnobins
504 3426 597 3476 lib.
622 3440 703 3476 vr.
739 3440 805 3476 ex
826 3425 1116 3476 Hammone
1137 3426 1282 3477 Mar-

245 3504 440 3563 tem,ex
463 3504 642 3555 Marte
679 3503 900 3554 vicissim
937 3504 1280 3553 Hammonem

245 3572 345 3625 fieri
380 3594 527 3641 posse
566 3581 771 3643 asserit,
808 3581 851 3630 si
890 3581 1105 3631 alterius
1141 3593 1284 3630 arma

250 3664 354 3703 cum
373 3657 579 3707 alterius
601 3658 845 3708 cornibus
866 3659 1287 3709 commutaverim

252 3740 311 3777 ex
329 3745 423 3795 qno
446 3745 552 3783 non·
568 3733 786 3784 obscure
813 3733 1078 3798 conjicias,
1099 3748 1287 3797 excep-

251 3804 310 3855 tis
328 3809 551 3861 arietinis
566 3811 831 3874 cornibus,
846 3811 970 3861 nibil
985 3812 1052 3862 ab
1069 3813 1291 3863 humana

253 3878 402 3935 forma
435 3885 757 3953 discrepasse
792 3889 1151 3941 Hammonem.
1219 3892 1291 3941 Et

260 3970 369 4011 vero
409 3979 518 4015 eam
556 3966 624 4016 ob
660 3980 872 4017 causam
914 3967 1092 4018 addita
1129 3967 1289 4019 fuisse

259 4034 397 4090 docet
431 4042 688 4094 Diodorus
719 4044 878 4094 Sicul.
911 4045 1002 4095 lib.
1023 4058 1110 4095 111.
1152 4047 1291 4112 quod

263 4111 497 4169 Hammon
541 4120 649 4179 ille,
696 4121 879 4186 Libyae
922 4124 1053 4186 Rex,
1095 4125 1291 4186 galeam

265 4191 475 4245 arietinis
513 4199 752 4249 cornibus
792 4201 1042 4265 insignem

268 4266 612 4325 consuevisset.
632 4326 643 4337 ‚

323 4352 344 4379 '
379 4348 596 4404 Umbilico
628 4354 931 4422 [umbriculo]
980 4355 1175 4422 Magna
1205 4355 1297 4407 hic

1083 4208 1292 4267 gestare

1350 2420 1559 2488 legendi
1622 2419 2109 2487 interpretandique
2167 2415 2419 2471 varietas.‘

1349 2502 1664 2553 Scribebant
1718 2502 1806 2551 alii
1851 2501 1959 2551 sict
2009 2499 2227 2549 umbilico
2282 2503 2416 2548 tenus

1351 2580 1496 2630 arieti
1514 2579 1688 2630 similis
1708 2585 1798 2628 est.
1865 2580 2029 2628 Recte
2050 2576 2292 2639 fortasse,
2312 2574 2416 2624 nisi

1356 2657 1695 2708 reclamarent
1728 2664 1937 2705 veteres
1960 2654 2078 2704 libri
2103 2667 2298 2714 omnes,
2323 2651 2417 2702 ubi

1355 2749 1607 2799 nusquam
1626 2734 1737 2783 baee
1758 2733 1916 2782 verba
1932 2737 2069 2781 lenus
2083 2730 2246 2780 urieli.
2300 2729 2419 2779 Hoc

1357 2818 1530 2860 autem
1554 2823 1657 2859 non
1692 2808 1989 2867 emendare,
2010 2807 2105 2858 sed
2129 2807 2421 2871 depravare

1356 2894 1454 2937 est.
1491 2885 1613 2945 Alii,
1633 2894 1859 2937 veterem
1883 2886 2048 2935 secuti
2071 2885 2382 2949 scripturam
2399 2885 2424 2933 :⁴

1356 2966 1573 3016 umbilico
1596 2965 1799 3015 maxime
1819 2964 1991 3014 similis
2010 2969 2101 3014 est.
2168 2962 2271 3013 Sed
2296 2961 2422 3027 quid

1360 3043 1573 3094 tandem
1609 3042 1625 3071 ‘
1646 3041 1917 3091 umbilicus
1936 3038 1953 3062 ⁹
1981 3040 2107 3090 ille?
2158 3038 2279 3090 Scio
2317 3053 2423 3089 non

1359 3120 1543 3171 deesse
1579 3118 1817 3184 exempla
1840 3110 2145 3179 Numinnm,
2174 3131 2292 3182 quae
2324 3116 2420 3165 sub

1359 3196 1567 3247 informi
1596 3193 1949 3260 hujuscemodi
1979 3195 2154 3258 specie
2177 3193 2426 3243 coleren-

1362 3280 1481 3336 tnr3
1514 3288 1613 3324 nec
1638 3270 1908 3322 absurdius
1931 3285 2027 3335 pro
2064 3270 2197 3321 Jove
2224 3269 2426 3318 umbili-

1363 3367 1501 3413 cum,
1535 3366 1686 3415 qnam
1728 3364 1823 3415 pro
1857 3350 2070 3398 Venere
2108 3362 2293 3397 conum
2331 3353 2425 3396 ant

1364 3428 1707 3494 pyramidem,
1726 3440 1822 3491 pro
1844 3425 2044 3491 Cybele
2057 3423 2284 3488 lapidem
2303 3423 2427 3473 ado-

1366 3506 1487 3555 rari.
1555 3506 1766 3568 Verum,
1785 3504 1838 3553 id
1858 3504 1903 3554 si
1924 3503 2000 3553 ita
2029 3510 2127 3559 est,
2148 3501 2235 3551 ubi
2255 3502 2426 3551 corni-

1367 3597 1460 3648 ger
1512 3581 1805 3632 Hammon?
1872 3579 1977 3630 Ubi
2027 3579 2206 3629 arietis
2249 3577 2432 3640 forma,

1367 3675 1523 3724 qnam
1565 3659 1733 3709 ceteri
1773 3658 1924 3722 vulgo
1948 3655 2183 3706 tribuunt
2206 3654 2432 3718 scripto-

1371 3738 1487 3786 res?
1521 3742 1613 3786 aut
1652 3750 1754 3799 qno
1778 3734 2008 3798 pertinet
2045 3733 2133 3782 illa
2156 3730 2429 3795 conspecti

1371 3813 1551 3861 arietis
1580 3810 1793 3861 fabula?
1860 3810 2032 3860 Aliter
2065 3810 2153 3859 alii
2183 3810 2317 3859 bunc
2337 3822 2431 3858 no-

1374 3891 1495 3939 dum
1538 3889 1846 3953 expediunt.
1913 3888 2046 3937 Sunt
2081 3886 2168 3952 qni
2212 3886 2433 3935 arietina

1374 3979 1569 4015 cornua
1622 3961 1948 4028 ὰλληγορικῶς
2001 3961 2175 4025 affingi
2231 3961 2430 4022 veiint;

1374 4042 1514 4108 quod
1540 4057 1793 4106 responsa
1832 4041 2011 4091 ederet
2036 4046 2250 4105 propter
2273 4038 2433 4088 ambi-

1374 4120 1626 4184 guitatem
1666 4119 1827 4168 veluti
1868 4125 2114 4168 tortuosa.
2182 4115 2256 4164 At
2296 4115 2435 4164 enim

1375 4211 1473 4246 nec
1508 4196 1646 4246 solus
1682 4196 1913 4259 Jupiter,
1936 4194 2107 4243 necin
2137 4192 2234 4241 boc
2268 4191 2434 4240 solum

1376 4277 1577 4341 templo
1611 4275 1865 4340 perplexa
1903 4273 2159 4325 reddebat
2199 4272 2402 4321 oracula
2420 4274 2445 4330 ;'

1378 4370 1472 4406 cur
1494 4348 1649 4420 igitur
1683 4361 1775 4404 aut
1815 4368 1945 4405 unus
1968 4352 2071 4416 hic,
2091 4356 2180 4401 aut
2203 4364 2303 4398 uno
2338 4350 2434 4397 boe
