2978 4933
844 417 961 465 οι..
1005 352 1165 466 oxi.
1206 403 1273 468 4.
1344 416 1417 466 A.
1445 418 1584 468 cn.
1633 418 1704 467 N.
1746 403 1900 470 333.
2326 402 2455 470 207

265 578 513 641 regem,
570 576 772 642 quem
818 558 1229 631 interfectum
1288 578 1440 625 esse
1492 560 1871 640 eredebant,
1914 561 2167 646 ingenti
2208 564 2471 646 gemitu,

269 651 659 745 ejulatuque
702 659 1056 726 deflebant.
1144 663 1207 725 5.
1253 660 1446 726 Unus
1491 666 1781 745 namque
1806 683 1847 727 e
1878 662 2173 747 captivis
2208 665 2465 748 spado·

265 765 482 841 nibuS,
510 756 629 848 qui
657 764 830 828 forte
861 764 1014 829 ante
1035 764 1333 847 ipsarum
1363 764 1862 828 tabernaculum
1887 771 2179 844 steterat,
2211 768 2462 833 amicu-

267 858 431 944 lum,
472 856 654 949 quod
701 865 979 943 DariuS,
1028 865 1206 929 sicut
1248 865 1454 947 paulo
1498 870 1655 930 ante
1698 864 1945 931 dictum
1989 873 2115 946 est,
2142 888 2229 932 ne
2274 869 2458 935 cultu

265 958 678 1051 proderetur,
711 958 1096 1051 abjecerat,⁸
1123 966 1193 1030 in
1222 966 1535 1029 manibus'
1557 965 1727 1050 ejuS,
1760 970 1876 1050 qui
1924 975 2254 1051 repertum
2296 971 2461 1036 fere-

265 1069 404 1148 bat,
457 1066 766 1152 agnovit3
811 1072 1152 1151 ratusque
1187 1066 1531 1131 interfecto
1583 1068 1949 1133 detractum
2006 1089 2180 1147 esse,
2223 1070 2460 1136 falsum

265 1158 578 1234 nuntium
628 1168 860 1235 mortis
903 1170 1049 1254 ejus
1096 1168 1440 1233 attulerat.
1527 1169 1593 1234 6.
1642 1169 1802 1235 Hoc
1861 1171 2203 1237 mulierum
2248 1193 2462 1238 errore

266 1277 634 1357 comperte,
668 1272 1055 1338 Alexander
1101 1270 1381 1336 fortunae
1412 1272 1606 1336 Darii
1659 1280 1728 1337 et
1764 1273 2010 1356 'pietati
2054 1276 2282 1341 earum
2308 1275 2465 1340 illa-

267 1364 604 1460 orymasse
630 1375 855 1439 fertur.
942 1372 1049 1449 Ac
1079 1376 1294 1458 primo
1329 1372 1748 1452 Mithrenem,
1781 1374 1900 1459 qui
1944 1375 2191 1440 Sardes
2211 1384 2237 1411 ⁸
2264 1376 2465 1441 tradi-

261 1469 480 1555 derat,
511 1477 799 1561 peritum
832 1477 1130 1541 Persicae
1172 1475 1439 1558 lin'guae,
1492 1478 1631 1540 ‘ire
1686 1477 1772 1541 ad
1823 1475 2289 1542 consolandas'
2303 1498 2423 1542 eas
2448 1477 2466 1506 '

256 1579 598 1664 jusserat:
633 1583 708 1671 7.
756 1576 1010 1645 veritus
1055 1579 1326 1658 deiude,
1351 1600 1434 1644 ne
1480 1580 1788 1663 proditor
1835 1581 2254 1664 captivarum
2298 1581 2467 1646 iram

266 1681 693 1767 doloremque
713 1678 1111 1762 'renovaret3
1134 1693 1157 1723 ⁶
1200 1682 1618 1759 Leonnatum
1648 1703 1737 1749 ex
1771 1684 2157 1768 purpuratis
2180 1684 2324 1748 suis
2342 1684 2469 1748 mi·

268 1772 385 1862 sit,
407 1782 675 1868 jussum
704 1777 1022 1863 indicare,
1052 1789 1071 1820 ‘
1091 1784 1268 1848 falso
1295 1784 1649 1849 lamentari
1678 1804 1798 1849 eas
1829 1785 2169 1868 [Darium]
2200 1783 2469 1851 vivum?
2566 1838 2569 1842 Α

268 1873 398 1950 Ille
432 1905 588 1949 cum
614 1878 849 1970 paucis=
868 1887 1214 1969 armigeris
1230 1883 1256 1923 δ
1280 1885 1350 1951 in
1372 1886 1903 1964 tabernaculum,
1926 1887 1995 1951 in
2017 1877 2153 1971 qno
2176 1889 2465 1972 eaptivae

268 1984 478 2066 erant,
502 1989 834 2070 pervenit,
865 1991 887 2022 ‘
918 1988 1401 2071 missumquea
1430 1988 1583 2070 rege
1613 2009 1689 2053 se
1717 1988 1734 2014 '
1763 1990 2047 2053 nuntiari
2082 1982 2299 2073 jubet.
2402 1990 2468 2055 8.

267 2086 367 2153 At
400 2089 475 2167 ii,
520 2089 633 2172 qui
665 2090 732 2153 in
779 2090 1113 2154 vestibulo
1159 2085 1370 2167 erant,
1411 2098 1485 2157 ut
1535 2084 1832 2157 armatos
1877 2111 2309 2174 conspexere,
2337 2090 2470 2161 rati

270 2195 498 2256 actum
529 2197 681 2254 esse
711 2189 794 2254 de
822 2191 1133 2264 dominis,
1153 2191 1227 2255 in
1259 2188 1763 2259 tabernaculum
1786 2200 2076 2272 currunt,
2107 2193 2471 2260 vociferati·
2527 2185 2540 2192 ’

336 2367 360 2400 ⁸
394 2371 531 2426 Quod
546 2372 732 2423 Darius
746 2372 1027 2436 proiecerat,
1046 2388 1107 2423 ne
1129 2387 1191 2423 ex
1213 2378 1383 2423 ornatu
1404 2372 1542 2435 regio
1562 2381 1911 2436 agnosceretur.

334 2440 357 2466 ⁶
390 2435 472 2487 Ne
480 2436 943 2504 perfidicam-spectus
961 2439 1151 2490 illarum
1172 2439 1552 2502 indignationem
1562 2440 1824 2505 laetumque
1842 2447 2057 2505 augeret.

1181 2567 1247 2589 Ν

272 2661 601 2727 Pith.Bong.
624 2668 675 2715 1.
714 2663 949 2716 Florent.
973 2668 1119 2718 Leid.
1156 2675 1210 2717 et
1239 2668 1391 2732 Voss.
1411 2673 1478 2726 ,1.
1510 2668 1918 2731 mutataque—5
1952 2666 2076 2716 Put.
2110 2664 2251 2715 Pith.
2277 2663 2473 2738 Fauen.

265 2730 443 2793 ·'Bong.
470 2731 517 2778 1.
541 2733 590 2780 2.
610 2744 673 2779 ex
693 2732 895 2794 captivis
912 2747 934 2791 ,-
985 2732 1151 2795 Lugd.
1176 2730 1426 2783 et'Amst.
1461 2735 1520 2782 de
1552 2732 1854 2795 spadonibus,
1892 2727 2081 2780 omissa
2104 2743 2232 2779 voce
2255 2727 2473 2791 captivas.

271 2794 389 2860 Psi.
412 2797 460 2841 1.
480 2798 631 2843 staret
654 2808 749 2857 pro
770 2800 989 2846 steterat.
1025 2797 1175 2846 Voss.
1196 2802 1245 2846 2.
1268 2801 1403 2846 ratus
1423 2796 1694 2857 interfecto,
1711 2797 1898 2845 omisso
1919 2809 2022 2859 que.
2061 2795 2212 2845 Voss.
2232 2798 2280 2843 2.
2287 2792 2474 2851 salsam

271 2857 500 2906 intuitum
519 2860 688 2907 mortis
707 2875 750 2909 e.
772 2862 1008 2910 deciderat
1029 2860 1365 2911 nuntium—6
1386 2862 1524 2910 Dan.
1547 2862 1663 2912 Pal.
1690 2867 1738 2911 1.
1765 2862 1996 2911 Florem.
2022 2860 2170 2910 Leid.
2196 2856 2476 2908 etVossA.

271 2925 322 2971 2.
354 2923 796 2983 lacrimas-refertur
809 2941 831 2984 ,-
861 2926 1074 2976 Venett.
1098 2925 1294 2975 Veron.
1316 2924 1438 2975 ΑΜ.
1461 2926 1597 2975 Mer.
1618 2925 1742 2976 Ba's.
1767 2934 1822 2975 et
1847 2926 2016 2975 Amst.
2042 2920 2472 2988 lachrymasseser-

274 2990 371 3037 tur.
419 2987 554 3036 Mer.
586 2987 663 3036 Ac
682 2988 835 3051 prius.
888 2990 1006 3041 Pal.
1030 2995 1078 3039 1.
1106 2989 1392 3039 Nithrenem
1409 3005 1429 3048 ,-
1482 2991 1634 3041 Voss.
1649 2995 1699 3040 2.
1727 2990 2044 3040 Nithremem.
2099 2990 2236 3039 Mer.
2261 2986 2476 3041 Sardes-5

273 3051 510 3101 Flore-nt.
542 3051 688 3102 Leid.
713 3053 863 3102 Voss.
883 3057 930 3102 1.
954 3059 1005 3104 2.
1052 3059 1106 3104 et
1137 3053 1259 3103 Ald.
1294 3054 1482 3104 Sardis.
1558 3055 1724 3118 Bong.
1745 3055 1965 3105 Theocr.
1990 3055 2223 3103 Florent.
2248 3048 2398 3118 Leid.
2419 3054 2476 3124 et

271 3115 424 3165 Voss.
448 3120 497 3165 1.
517 3120 567 3166 2.
601 3118 894 3176 tradiderat,
928 3118 1082 3183 quod,
1126 3118 1309 3168 Medio
1344 3127 1636 3183 praeeunte,
1673 3121 1876 3183 recepit
1913 3117 2230 3169 Schmieder.
2276 3114 2478 3189 ‘Ceteri

273 3180 427 3229 codd.
452 3188 506 3230 et
529 3180 648 3232 edd.
670 3195 848 3231 omnes
866 3183 1159 3245 prodiderat.
1217 3181 1454 3233 Florent.
1474 3183 1618 3232 Leid.
1638 3190 1693 3233 et
1717 3183 1871 3233 Voss.
1899 3189 1950 3233 l.
1971 3188 2020 3232 2.
2044 3184 2224 3243 linguoe
2247 3181 2476 3229 Peraea.

272 3248 367 3293 ——7
403 3245 569 3308 Bong.
593 3245 827 3296 Florent.
851 3247 1175 3312 Leid.·Voss.
1200 3251 1248 3296 1.
1272 3251 1322 3298 2.
1356 3247 1526 3310 Lugd.
1560 3253 1616 3297 et
1640 3247 1810 3297 Amst.
1826 3252 2076 3300 renovaret
2100 3260 2193 3310 pro
2209 3246 2478 3306 gravaret-,-

271 3307 393 3359 Pal.
419 3314 468 3359 1.
498 3316 711 3371 anguet.
737 3325 742 3330 “
775 3312 944 3374 Bong.
966 3313 1199 3362 Florent.
1223 3312 1373 3361 Leid.
1392 3312 1546 3362 Voss.
1569 3317 1616 3361 1.
1638 3317 1688 3361 2.
1727 3312 1894 3376 Lugd.
1933 3319 1989 3362 et
2025 3313 2194 3360 Amst.
2228 3309 2478 3358 omittunt

275 3372 509 3436 Darium,
534 3374 785 3437 probante
811 3375 1008 3426 Medio.
1057 3378 1187 3425 Mox
1211 3377 1379 3438 Bong.
1400 3381 1447 3425 1.
1469 3378 1666 3426 omittit
1689 3377 1741 3425 in
1767 3384 1889 3426 ante
1910 3374 2275 3425 tabernaculum.
2309 3373 2481 3432 Bong-

276 3438 506 3489 Florent.
534 3439 680 3489 Leia.
706 3439 859 3490 Voss.
880 3446 926 3490 1.
944 3445 996 3493 2.
1034 3440 1205 3504 Lugd.
1241 3447 1298 3490 et
1320 3441 1489 3491 Am'st.
1527 3442 1807 3503 missumque
1827 3456 1877 3491 se
1895 3456 1926 3489 a
1946 3454 2077 3501 rege.
2127 3440 2251 3487 Bas.
2274 3437 2477 3485 Erasm-

278 3509 333 3552 et
354 3504 424 3554 al.
445 3509 576 3556 vett.
598 3504 822 3555 nunciare
830 3505 1085 3567 ,Μαι-8
1119 3505 1188 3556 At
1210 3505 1517 3556 hi‘Florent.
1540 3506 1684 3556 Leid.
1705 3507 1860 3557 Voss.
1885 3511 1931 3555 1.·
1952 3509 2000 3555 2.
2024 3503 2180 3554 Frob.
2202 3502 2341 3552 Mer.
2354 3500 2477 3549 Bas.

1267 3635 1483 3686 NOTAE

340 3729 805 3797 &SardesJASai-dis
843 3737 901 3783 et
934 3731 1122 3783 Sardes
1144 3733 1333 3796 plurali
1403 3730 1501 3781 'vel
1545 3732 1752 3797 proprie
1786 3732 1875 3798 qui
1909 3728 2214 3795 pugnaturis
2254 3722 2478 3776 dominis

276 3815 551 3871 utrumqne
590 3821 824 3872 numero,
859 3807 959 3858 fuit
999 3808 1122 3858 urbs
1151 3807 1333 3873 Lydia».
1413 3821 1558 3858 arma
1580 3808 1990 3858 subministrant.
2053 3807 2291 3869 Utroque
2323 3815 2480 3850 sensu

278 3883 540 3947 primaria,
560 3883 726 3934 Croesi
742 3884 998 3950 quondam
1023 3884 1187 3949 regia,
1208 3886 1333 3935 Per·
1414 3884 1582 3934 videri
1620 3890 1797 3948 potest
1829 3884 1928 3933 hoc
1967 3884 2083 3932 loco
2124 3894 2330 3931 sumere
2353 3878 2482 3928 Cur·

277 3960 495 4012 sicerum
514 3960 704 4011 deinde
721 3963 1078 4027 satraparum,
1095 3962 1183 4028 qni
1206 3961 1336 4011 mari
1417 3962 1542 4026 tius,
1582 3963 1669 4027 qui
1725 3963 1933 4012 eosdem
1995 3962 2150 4027 paulo
2207 3965 2328 4025 post
2370 3964 2481 4008 tum

280 4042 564 4099 praeersnt,
609 4037 776 4100 sedes,
818 4037 884 4088 ad
919 4040 1160 4089 ,Tmolum
1198 4052 1340 4088 mon·
1418 4045 1434 4068 ⁸
1456 4037 1716 4102 armatos‚'
1734 4044 1843 4088 tum
1873 4034 2190 4088 ‘satellites'
2216 4034 2482 4099 appellat:

283 4118 387 4179 tem
409 4113 527 4170 sita,
548 4113 769 4165 Pactolo
791 4112 1197 4178 fluvio’irrigata.
1305 4133 1311 4144 =
1421 4113 1560 4178 apud
1624 4112 1927 4163 Suetonium
1984 4116 2000 4141 ‘
2024 4110 2298 4174 armigeri’
2360 4112 2481 4159 sunt

346 4185 370 4222 b
420 4186 716 4251 Armiger-is]
779 4190 1042 4253 ‘Armigeri
1096 4189 1344 4239 dieantur
1418 4189 1435 4218 ⁸
1461 4190 1632 4255 gravis
1658 4198 1931 4240 armaturae
1955 4187 2183 4239 milites.'
2250 4199 2251 4202 ’

288 4263 366 4311 vel
404 4262 949 4329 universim’quotquot
982 4264 1166 4314 armati
1204 4271 1343 4328 sunt,
1622 4289 1627 4294 -
2104 4287 2111 4290 v
