<?xml version="1.0" encoding="UTF-8"?>
<!DOCTYPE html PUBLIC "-//W3C//DTD XHTML 1.0 Transitional//EN"
    "http://www.w3.org/TR/xhtml1/DTD/xhtml1-transitional.dtd">
<html xmlns="http://www.w3.org/1999/xhtml" xml:lang="en" lang="en">
 <head>
  <title>
</title>
<meta http-equiv="Content-Type" content="text/html;charset=utf-8" />
  <meta name='ocr-system' content='tesseract 3.04.00' />
  <meta name='ocr-capabilities' content='ocr_page ocr_carea ocr_par ocr_line ocrx_word'/>
</head>
<body>
  <div class='ocr_page' id='page_1' title='image "./quinticurtiiruf03rufugoog_0618.png"; bbox 0 0 2978 4933; ppageno 0'>
   <div class='ocr_carea' id='block_1_1' title="bbox 455 357 2234 437">
    <p class='ocr_par' dir='ltr' id='par_1_1' title="bbox 455 357 2234 437">
     <span class='ocr_line' id='line_1_1' title="bbox 455 357 2234 437; baseline -0.001 -11"><span class='ocrx_word' id='word_1_1' title='bbox 455 360 587 427; x_wconf 77' lang='lat'><strong>576</strong></span> <span class='ocrx_word' id='word_1_2' title='bbox 872 377 941 437; x_wconf 84' lang='lat' dir='ltr'><strong>Q·</strong></span> <span class='ocrx_word' id='word_1_3' title='bbox 989 374 1256 425; x_wconf 74' lang='lat' dir='ltr'><strong>cun&#39;rn</strong></span> <span class='ocrx_word' id='word_1_4' title='bbox 1309 374 1489 425; x_wconf 75' lang='lat' dir='ltr'><strong>num</strong></span> <span class='ocrx_word' id='word_1_5' title='bbox 1545 374 1691 422; x_wconf 76' lang='lat' dir='ltr'><strong>mn.</strong></span> <span class='ocrx_word' id='word_1_6' title='bbox 1739 374 1872 423; x_wconf 87' lang='lat' dir='ltr'><strong>vn.</strong></span> <span class='ocrx_word' id='word_1_7' title='bbox 1916 375 2084 424; x_wconf 69' lang='lat' dir='ltr'><strong>cn».</strong></span> <span class='ocrx_word' id='word_1_8' title='bbox 2126 357 2234 424; x_wconf 86' lang='grc'><strong>11.</strong></span> 
     </span>
    </p>
   </div>
   <div class='ocr_carea' id='block_1_2' title="bbox 453 517 2683 2463">
    <p class='ocr_par' dir='ltr' id='par_1_2' title="bbox 453 517 2683 2463">
     <span class='ocr_line' id='line_1_2' title="bbox 453 517 2660 609; baseline -0.004 -22"><span class='ocrx_word' id='word_1_9' title='bbox 453 521 655 599; x_wconf 79' lang='lat' dir='ltr'><strong>viam,</strong></span> <span class='ocrx_word' id='word_1_10' title='bbox 685 520 745 585; x_wconf 84' lang='lat' dir='ltr'><strong>si</strong></span> <span class='ocrx_word' id='word_1_11' title='bbox 773 520 1056 609; x_wconf 83' lang='lat' dir='ltr'><strong>solerter</strong></span> <span class='ocrx_word' id='word_1_12' title='bbox 1077 519 1299 584; x_wconf 85' lang='lat' dir='ltr'><strong>rimati</strong></span> <span class='ocrx_word' id='word_1_13' title='bbox 1330 518 1597 583; x_wconf 87' lang='lat' dir='ltr'><strong>fueritis</strong></span> <span class='ocrx_word' id='word_1_14' title='bbox 1628 517 1855 582; x_wconf 87' lang='lat' dir='ltr'><strong>aditus</strong></span> <span class='ocrx_word' id='word_1_15' title='bbox 1882 517 2155 584; x_wconf 87' lang='lat' dir='ltr'><strong>ferentis</strong></span> <span class='ocrx_word' id='word_1_16' title='bbox 2179 517 2264 583; x_wconf 80' lang='lat' dir='ltr'><strong>ad</strong></span> <span class='ocrx_word' id='word_1_17' title='bbox 2295 534 2660 583; x_wconf 83' lang='lat' dir='ltr'>cacumen:</span> 
     </span>
     <span class='ocr_line' id='line_1_3' title="bbox 453 618 2670 707; baseline -0.004 -18"><span class='ocrx_word' id='word_1_18' title='bbox 453 624 622 689; x_wconf 87' lang='lat' dir='ltr'><strong>nihil</strong></span> <span class='ocrx_word' id='word_1_19' title='bbox 650 629 789 690; x_wconf 84' lang='lat' dir='ltr'><strong>tam</strong></span> <span class='ocrx_word' id='word_1_20' title='bbox 816 626 951 689; x_wconf 86' lang='lat' dir='ltr'><strong>alte</strong></span> <span class='ocrx_word' id='word_1_21' title='bbox 989 631 1228 690; x_wconf 89' lang='lat' dir='ltr'><strong>natura</strong></span> <span class='ocrx_word' id='word_1_22' title='bbox 1256 624 1625 700; x_wconf 88' lang='lat' dir='ltr'><strong>constituit,</strong></span> <span class='ocrx_word' id='word_1_23' title='bbox 1656 641 1791 707; x_wconf 86' lang='lat' dir='ltr'><strong>quo</strong></span> <span class='ocrx_word' id='word_1_24' title='bbox 1821 622 2034 687; x_wconf 90' lang='lat' dir='ltr'><strong>virtus</strong></span> <span class='ocrx_word' id='word_1_25' title='bbox 2062 642 2196 686; x_wconf 91' lang='lat' dir='ltr'><strong>non</strong></span> <span class='ocrx_word' id='word_1_26' title='bbox 2227 621 2452 705; x_wconf 88' lang='lat' dir='ltr'><strong>possit</strong></span> <span class='ocrx_word' id='word_1_27' title='bbox 2483 618 2670 683; x_wconf 86' lang='lat' dir='ltr'><strong>eniti.</strong></span> 
     </span>
     <span class='ocr_line' id='line_1_4' title="bbox 455 722 2671 815; baseline -0.004 -22"><span class='ocrx_word' id='word_1_28' title='bbox 455 728 916 815; x_wconf 80' lang='lat' dir='ltr'><strong>Experiendo,</strong></span> <span class='ocrx_word' id='word_1_29' title='bbox 946 751 1099 814; x_wconf 87' lang='lat' dir='ltr'><strong>quae</strong></span> <span class='ocrx_word' id='word_1_30' title='bbox 1130 728 1338 794; x_wconf 88' lang='lat' dir='ltr'><strong>ceteri</strong></span> <span class='ocrx_word' id='word_1_31' title='bbox 1385 728 1933 812; x_wconf 81' lang='lat' dir='ltr'><strong>desperaverunt,</strong></span> <span class='ocrx_word' id='word_1_32' title='bbox 1961 723 2200 791; x_wconf 84' lang='lat' dir='ltr'>Asiam</span> <span class='ocrx_word' id='word_1_33' title='bbox 2244 726 2574 790; x_wconf 89' lang='lat' dir='ltr'><strong>habemus</strong></span> <span class='ocrx_word' id='word_1_34' title='bbox 2602 722 2671 784; x_wconf 89' lang='lat' dir='ltr'><strong>in</strong></span> 
     </span>
     <span class='ocr_line' id='line_1_5' title="bbox 455 826 2670 917; baseline -0.004 -20"><span class='ocrx_word' id='word_1_35' title='bbox 455 836 819 917; x_wconf 79' lang='lat' dir='ltr'><strong>potestate.</strong></span> <span class='ocrx_word' id='word_1_36' title='bbox 907 832 1013 896; x_wconf 97' lang='grc'><strong>11.</strong></span> <span class='ocrx_word' id='word_1_37' title='bbox 1064 831 1348 896; x_wconf 81' lang='lat' dir='ltr'>Evadite</span> <span class='ocrx_word' id='word_1_38' title='bbox 1375 831 1448 895; x_wconf 91' lang='lat' dir='ltr'><strong>in</strong></span> <span class='ocrx_word' id='word_1_39' title='bbox 1479 850 1847 912; x_wconf 82' lang='lat' dir='ltr'><strong>cacumen3</strong></span> <span class='ocrx_word' id='word_1_40' title='bbox 1908 828 2088 915; x_wconf 91' lang='lat' dir='ltr'><strong>quod</strong></span> <span class='ocrx_word' id='word_1_41' title='bbox 2132 848 2286 893; x_wconf 90' lang='lat' dir='ltr'><strong>cnm</strong></span> <span class='ocrx_word' id='word_1_42' title='bbox 2316 826 2670 912; x_wconf 82' lang='lat' dir='ltr'><strong>ceperitis,</strong></span> 
     </span>
     <span class='ocr_line' id='line_1_6' title="bbox 459 929 2672 1019; baseline -0.004 -19"><span class='ocrx_word' id='word_1_43' title='bbox 459 934 762 1000; x_wconf 87' lang='lat' dir='ltr'><strong>candidis</strong></span> <span class='ocrx_word' id='word_1_44' title='bbox 829 936 998 1000; x_wconf 87' lang='lat' dir='ltr'><strong>velis</strong></span> <span class='ocrx_word' id='word_1_45' title='bbox 1055 936 1317 1019; x_wconf 86' lang='lat' dir='ltr'><strong>signum</strong></span> <span class='ocrx_word' id='word_1_46' title='bbox 1372 935 1533 999; x_wconf 90' lang='lat' dir='ltr'><strong>mihi</strong></span> <span class='ocrx_word' id='word_1_47' title='bbox 1578 934 1829 999; x_wconf 86' lang='lat' dir='ltr'><strong>dabitis</strong></span> <span class='ocrx_word' id='word_1_48' title='bbox 1859 954 1877 999; x_wconf 72' lang='grc' dir='ltr'>ε</span> <span class='ocrx_word' id='word_1_49' title='bbox 1933 952 2055 1016; x_wconf 87' lang='lat' dir='ltr'><strong>ego</strong></span> <span class='ocrx_word' id='word_1_50' title='bbox 2104 933 2319 1017; x_wconf 89' lang='lat' dir='ltr'><strong>copiis</strong></span> <span class='ocrx_word' id='word_1_51' title='bbox 2371 929 2672 995; x_wconf 82' lang='lat' dir='ltr'><strong>admotis</strong></span> 
     </span>
     <span class='ocr_line' id='line_1_7' title="bbox 458 1033 2673 1109; baseline -0.003 -7"><span class='ocrx_word' id='word_1_52' title='bbox 458 1039 712 1102; x_wconf 88' lang='lat' dir='ltr'><strong>hostem</strong></span> <span class='ocrx_word' id='word_1_53' title='bbox 755 1038 826 1102; x_wconf 92' lang='lat' dir='ltr'><strong>in</strong></span> <span class='ocrx_word' id='word_1_54' title='bbox 868 1058 997 1103; x_wconf 89' lang='lat' dir='ltr'><strong>nos</strong></span> <span class='ocrx_word' id='word_1_55' title='bbox 1048 1059 1090 1104; x_wconf 85' lang='lat' dir='ltr'><strong>a</strong></span> <span class='ocrx_word' id='word_1_56' title='bbox 1125 1039 1321 1104; x_wconf 89' lang='lat' dir='ltr'><strong>vobis</strong></span> <span class='ocrx_word' id='word_1_57' title='bbox 1355 1045 1776 1103; x_wconf 80' lang='lat' dir='ltr'><strong>convertam.</strong></span> <span class='ocrx_word' id='word_1_58' title='bbox 1865 1037 1974 1101; x_wconf 75' lang='lat'><strong>12.</strong></span> <span class='ocrx_word' id='word_1_59' title='bbox 2036 1036 2400 1100; x_wconf 86' lang='lat' dir='ltr'><strong>Praemium</strong></span> <span class='ocrx_word' id='word_1_60' title='bbox 2430 1034 2559 1098; x_wconf 88' lang='lat' dir='ltr'><strong>erit</strong></span> <span class='ocrx_word' id='word_1_61' title='bbox 2588 1033 2673 1109; x_wconf 85' lang='lat' dir='ltr'><strong>ei,</strong></span> 
     </span>
     <span class='ocr_line' id='line_1_8' title="bbox 460 1140 2673 1227; baseline -0.003 -21"><span class='ocrx_word' id='word_1_62' title='bbox 460 1143 574 1224; x_wconf 91' lang='lat' dir='ltr'><strong>qui</strong></span> <span class='ocrx_word' id='word_1_63' title='bbox 601 1142 858 1226; x_wconf 88' lang='lat' dir='ltr'><strong>primus</strong></span> <span class='ocrx_word' id='word_1_64' title='bbox 899 1145 1336 1227; x_wconf 83' lang='lat' dir='ltr'><strong>occupaverit</strong></span> <span class='ocrx_word' id='word_1_65' title='bbox 1380 1143 1724 1218; x_wconf 85' lang='lat' dir='ltr'><strong>verticem,</strong></span> <span class='ocrx_word' id='word_1_66' title='bbox 1762 1142 2019 1207; x_wconf 85' lang='lat' dir='ltr'><strong>talenta</strong></span> <span class='ocrx_word' id='word_1_67' title='bbox 2049 1146 2207 1205; x_wconf 51' lang='grc' dir='ltr'><strong>κη’</strong></span> <span class='ocrx_word' id='word_1_68' title='bbox 2264 1158 2402 1203; x_wconf 90' lang='lat' dir='ltr'><strong>nuo</strong></span> <span class='ocrx_word' id='word_1_69' title='bbox 2451 1140 2673 1201; x_wconf 79' lang='lat' dir='ltr'><strong>minus</strong></span> 
     </span>
     <span class='ocr_line' id='line_1_9' title="bbox 462 1239 2679 1329; baseline -0.003 -21"><span class='ocrx_word' id='word_1_70' title='bbox 462 1246 771 1328; x_wconf 80' lang='lat' dir='ltr'><strong>accipiet,</strong></span> <span class='ocrx_word' id='word_1_71' title='bbox 800 1247 912 1329; x_wconf 84' lang='lat' dir='ltr'><strong>qui</strong></span> <span class='ocrx_word' id='word_1_72' title='bbox 947 1246 1291 1328; x_wconf 84' lang='lat' dir='ltr'><strong>proximus</strong></span> <span class='ocrx_word' id='word_1_73' title='bbox 1321 1247 1383 1310; x_wconf 90' lang='lat' dir='ltr'><strong>ei</strong></span> <span class='ocrx_word' id='word_1_74' title='bbox 1413 1244 1705 1312; x_wconf 85' lang='lat' dir='ltr'><strong>venerit:</strong></span> <span class='ocrx_word' id='word_1_75' title='bbox 1766 1244 2132 1327; x_wconf 87' lang='lat' dir='ltr'><strong>eademque</strong></span> <span class='ocrx_word' id='word_1_76' title='bbox 2175 1240 2261 1306; x_wconf 89' lang='lat' dir='ltr'><strong>ad</strong></span> <span class='ocrx_word' id='word_1_77' title='bbox 2294 1242 2535 1305; x_wconf 89' lang='lat' dir='ltr'><strong>decem</strong></span> <span class='ocrx_word' id='word_1_78' title='bbox 2557 1239 2679 1302; x_wconf 92' lang='lat' dir='ltr'><strong>ho-</strong></span> 
     </span>
     <span class='ocr_line' id='line_1_10' title="bbox 459 1345 2675 1432; baseline -0.003 -20"><span class='ocrx_word' id='word_1_79' title='bbox 459 1351 671 1412; x_wconf 86' lang='lat' dir='ltr'><strong>mines</strong></span> <span class='ocrx_word' id='word_1_80' title='bbox 714 1349 1089 1414; x_wconf 87' lang='lat' dir='ltr'><strong>servabitur</strong></span> <span class='ocrx_word' id='word_1_81' title='bbox 1132 1345 1399 1432; x_wconf 77' lang='lat' dir='ltr'><strong>portio.f</strong></span> <span class='ocrx_word' id='word_1_82' title='bbox 1481 1347 1755 1414; x_wconf 84' lang='lat' dir='ltr'><strong>Certum</strong></span> <span class='ocrx_word' id='word_1_83' title='bbox 1803 1355 2025 1412; x_wconf 89' lang='lat' dir='ltr'><strong>autem</strong></span> <span class='ocrx_word' id='word_1_84' title='bbox 2070 1346 2317 1422; x_wconf 88' lang='lat' dir='ltr'><strong>habeo,</strong></span> <span class='ocrx_word' id='word_1_85' title='bbox 2361 1364 2490 1407; x_wconf 88' lang='lat' dir='ltr'><strong>vos</strong></span> <span class='ocrx_word' id='word_1_86' title='bbox 2537 1364 2675 1406; x_wconf 89' lang='lat' dir='ltr'><strong>non</strong></span> 
     </span>
     <span class='ocr_line' id='line_1_11' title="bbox 460 1446 2675 1535; baseline -0.002 -22"><span class='ocrx_word' id='word_1_87' title='bbox 460 1460 595 1515; x_wconf 86' lang='lat' dir='ltr'><strong>tam</strong></span> <span class='ocrx_word' id='word_1_88' title='bbox 638 1452 1115 1516; x_wconf 83' lang='lat' dir='ltr'><strong>liberalitatem</strong></span> <span class='ocrx_word' id='word_1_89' title='bbox 1173 1452 1412 1516; x_wconf 89' lang='lat' dir='ltr'><strong>intueri</strong></span> <span class='ocrx_word' id='word_1_90' title='bbox 1464 1471 1709 1530; x_wconf 85' lang='lat' dir='ltr'><strong>meam,</strong></span> <span class='ocrx_word' id='word_1_91' title='bbox 1765 1470 1965 1535; x_wconf 89' lang='lat' dir='ltr'><strong>quam</strong></span> <span class='ocrx_word' id='word_1_92' title='bbox 2016 1446 2469 1514; x_wconf 85' lang='lat' dir='ltr'><strong>voluntatem.&#39;</strong></span> <span class='ocrx_word' id='word_1_93' title='bbox 2561 1447 2675 1510; x_wconf 84' lang='lat'><strong>13.</strong></span> 
     </span>
     <span class='ocr_line' id='line_1_12' title="bbox 464 1549 2679 1637; baseline -0.003 -18"><span class='ocrx_word' id='word_1_94' title='bbox 464 1555 600 1620; x_wconf 88' lang='lat' dir='ltr'><strong>His</strong></span> <span class='ocrx_word' id='word_1_95' title='bbox 630 1557 872 1619; x_wconf 84' lang='lat' dir='ltr'><strong>animis</strong></span> <span class='ocrx_word' id='word_1_96' title='bbox 899 1575 1119 1637; x_wconf 82' lang='lat' dir='ltr'><strong>regem</strong></span> <span class='ocrx_word' id='word_1_97' title='bbox 1165 1554 1536 1632; x_wconf 85' lang='lat' dir='ltr'><strong>audierunt,</strong></span> <span class='ocrx_word' id='word_1_98' title='bbox 1566 1560 1640 1619; x_wconf 91' lang='lat' dir='ltr'><strong>ut</strong></span> <span class='ocrx_word' id='word_1_99' title='bbox 1661 1553 1804 1637; x_wconf 85' lang='lat' dir='ltr'><strong>jam</strong></span> <span class='ocrx_word' id='word_1_100' title='bbox 1833 1552 2103 1637; x_wconf 90' lang='lat' dir='ltr'><strong>cepisse</strong></span> <span class='ocrx_word' id='word_1_101' title='bbox 2134 1550 2454 1614; x_wconf 86' lang='lat' dir='ltr'><strong>verticem</strong></span> <span class='ocrx_word' id='word_1_102' title='bbox 2489 1549 2679 1612; x_wconf 90' lang='lat' dir='ltr'><strong>vide-</strong></span> 
     </span>
     <span class='ocr_line' id='line_1_13' title="bbox 457 1649 2680 1740; baseline -0.004 -18"><span class='ocrx_word' id='word_1_103' title='bbox 457 1663 705 1723; x_wconf 86' lang='lat' dir='ltr'><strong>rentur.</strong></span> <span class='ocrx_word' id='word_1_104' title='bbox 774 1656 1200 1740; x_wconf 87' lang='lat' dir='ltr'><strong>Dimissique</strong></span> <span class='ocrx_word' id='word_1_105' title='bbox 1234 1657 1481 1721; x_wconf 86' lang='lat' dir='ltr'><strong>ferreos</strong></span> <span class='ocrx_word' id='word_1_106' title='bbox 1516 1675 1789 1734; x_wconf 78' lang='lat' dir='ltr'><strong>cuneoS,</strong></span> <span class='ocrx_word' id='word_1_107' title='bbox 1823 1674 1996 1738; x_wconf 88' lang='lat' dir='ltr'><strong>quos</strong></span> <span class='ocrx_word' id='word_1_108' title='bbox 2024 1654 2195 1717; x_wconf 87' lang='lat' dir='ltr'><strong>inter</strong></span> <span class='ocrx_word' id='word_1_109' title='bbox 2224 1670 2396 1715; x_wconf 84' lang='lat' dir='ltr'><strong>saxa</strong></span> <span class='ocrx_word' id='word_1_110' title='bbox 2426 1649 2680 1732; x_wconf 84' lang='lat' dir='ltr'><strong>defige-</strong></span> 
     </span>
     <span class='ocr_line' id='line_1_14' title="bbox 458 1754 2678 1844; baseline -0.001 -20"><span class='ocrx_word' id='word_1_111' title='bbox 458 1769 625 1838; x_wconf 85' lang='lat' dir='ltr'><strong>rent,</strong></span> <span class='ocrx_word' id='word_1_112' title='bbox 681 1761 1082 1844; x_wconf 87' lang='lat' dir='ltr'><strong>validosque</strong></span> <span class='ocrx_word' id='word_1_113' title='bbox 1139 1759 1331 1824; x_wconf 84' lang='lat' dir='ltr'><strong>funes</strong></span> <span class='ocrx_word' id='word_1_114' title='bbox 1387 1759 1734 1842; x_wconf 86' lang='lat' dir='ltr'><strong>parabant.</strong></span> <span class='ocrx_word' id='word_1_115' title='bbox 1823 1758 1931 1824; x_wconf 88' lang='grc'><strong>14.</strong></span> <span class='ocrx_word' id='word_1_116' title='bbox 1979 1754 2134 1820; x_wconf 90' lang='lat' dir='ltr'><strong>Rex</strong></span> <span class='ocrx_word' id='word_1_117' title='bbox 2183 1755 2678 1822; x_wconf 84' lang='lat' dir='ltr'><strong>circumvectus</strong></span> 
     </span>
     <span class='ocr_line' id='line_1_15' title="bbox 461 1856 2678 1949; baseline -0.004 -21"><span class='ocrx_word' id='word_1_118' title='bbox 461 1871 742 1948; x_wconf 87' lang='lat' dir='ltr'><strong>petram,</strong></span> <span class='ocrx_word' id='word_1_119' title='bbox 770 1884 908 1949; x_wconf 87' lang='lat' dir='ltr'><strong>qua</strong></span> <span class='ocrx_word' id='word_1_120' title='bbox 938 1865 1212 1928; x_wconf 83' lang='lat' dir='ltr'><strong>minime</strong></span> <span class='ocrx_word' id='word_1_121' title='bbox 1244 1882 1445 1947; x_wconf 84' lang='lat' dir='ltr'><strong>asper</strong></span> <span class='ocrx_word' id='word_1_122' title='bbox 1483 1882 1569 1926; x_wconf 86' lang='lat' dir='ltr'><strong>ac</strong></span> <span class='ocrx_word' id='word_1_123' title='bbox 1606 1866 1983 1947; x_wconf 89' lang='lat' dir='ltr'><strong>praeruptus</strong></span> <span class='ocrx_word' id='word_1_124' title='bbox 2031 1860 2255 1925; x_wconf 86' lang='lat' dir='ltr'><strong>aditus</strong></span> <span class='ocrx_word' id='word_1_125' title='bbox 2292 1856 2678 1935; x_wconf 87' lang='lat' dir='ltr'><strong>videbatur,</strong></span> 
     </span>
     <span class='ocr_line' id='line_1_16' title="bbox 458 1960 2683 2051; baseline -0.004 -19"><span class='ocrx_word' id='word_1_126' title='bbox 458 1966 752 2032; x_wconf 85' lang='lat' dir='ltr'><strong>secunda</strong></span> <span class='ocrx_word' id='word_1_127' title='bbox 779 1967 1031 2051; x_wconf 89' lang='lat' dir='ltr'><strong>vigilia,</strong></span> <span class='ocrx_word' id='word_1_128' title='bbox 1063 1968 1242 2051; x_wconf 90' lang='lat' dir='ltr'><strong>quod</strong></span> <span class='ocrx_word' id='word_1_129' title='bbox 1276 1967 1451 2030; x_wconf 90' lang='lat' dir='ltr'><strong>bene</strong></span> <span class='ocrx_word' id='word_1_130' title='bbox 1482 1971 1785 2043; x_wconf 86' lang='lat' dir='ltr'><strong>verteret,</strong></span> <span class='ocrx_word' id='word_1_131' title='bbox 1816 1963 2068 2047; x_wconf 85' lang='lat' dir='ltr'><strong>ingredi</strong></span> <span class='ocrx_word' id='word_1_132' title='bbox 2089 1963 2308 2048; x_wconf 73' lang='lat' dir='ltr'><strong>Jubet.</strong></span> <span class='ocrx_word' id='word_1_133' title='bbox 2383 1960 2523 2037; x_wconf 89' lang='lat' dir='ltr'><strong>Illi,</strong></span> <span class='ocrx_word' id='word_1_134' title='bbox 2554 1960 2683 2024; x_wconf 89' lang='lat' dir='ltr'><strong>ali-</strong></span> 
     </span>
     <span class='ocr_line' id='line_1_17' title="bbox 461 2064 2681 2150; baseline -0.003 -18"><span class='ocrx_word' id='word_1_135' title='bbox 461 2069 706 2134; x_wconf 89' lang='lat' dir='ltr'><strong>mentis</strong></span> <span class='ocrx_word' id='word_1_136' title='bbox 738 2070 807 2133; x_wconf 91' lang='lat' dir='ltr'><strong>in</strong></span> <span class='ocrx_word' id='word_1_137' title='bbox 840 2070 1114 2134; x_wconf 87' lang='lat' dir='ltr'><strong>biduum</strong></span> <span class='ocrx_word' id='word_1_138' title='bbox 1149 2069 1416 2146; x_wconf 89' lang='lat' dir='ltr'><strong>sumtis,</strong></span> <span class='ocrx_word' id='word_1_139' title='bbox 1446 2067 1690 2150; x_wconf 82' lang='lat' dir='ltr'><strong>gladiis</strong></span> <span class='ocrx_word' id='word_1_140' title='bbox 1714 2066 1917 2132; x_wconf 92' lang='lat' dir='ltr'><strong>modo</strong></span> <span class='ocrx_word' id='word_1_141' title='bbox 1949 2074 2156 2150; x_wconf 85' lang='lat' dir='ltr'><strong>atque</strong></span> <span class='ocrx_word' id='word_1_142' title='bbox 2187 2065 2408 2130; x_wconf 86' lang='lat' dir='ltr'><strong>hastis</strong></span> <span class='ocrx_word' id='word_1_143' title='bbox 2437 2064 2681 2129; x_wconf 86' lang='lat' dir='ltr'><strong>armati</strong></span> 
     </span>
     <span class='ocr_line' id='line_1_18' title="bbox 460 2169 2677 2258; baseline -0.002 -22"><span class='ocrx_word' id='word_1_144' title='bbox 460 2171 690 2236; x_wconf 86' lang='lat' dir='ltr'><strong>subire</strong></span> <span class='ocrx_word' id='word_1_145' title='bbox 749 2181 1123 2258; x_wconf 83' lang='lat' dir='ltr'><strong>coeperunt.</strong></span> <span class='ocrx_word' id='word_1_146' title='bbox 1213 2174 1322 2237; x_wconf 83' lang='lat'><strong>15.</strong></span> <span class='ocrx_word' id='word_1_147' title='bbox 1369 2172 1475 2236; x_wconf 90' lang='lat' dir='ltr'><strong>Ac</strong></span> <span class='ocrx_word' id='word_1_148' title='bbox 1529 2173 1743 2257; x_wconf 86' lang='lat' dir='ltr'><strong>primo</strong></span> <span class='ocrx_word' id='word_1_149' title='bbox 1795 2171 2082 2256; x_wconf 90' lang='lat' dir='ltr'><strong>pedibus</strong></span> <span class='ocrx_word' id='word_1_150' title='bbox 2132 2169 2424 2251; x_wconf 87' lang='lat' dir='ltr'><strong>ingressi</strong></span> <span class='ocrx_word' id='word_1_151' title='bbox 2476 2174 2677 2234; x_wconf 84' lang='lat' dir='ltr'><strong>sunt:</strong></span> 
     </span>
     <span class='ocr_line' id='line_1_19' title="bbox 460 2272 2681 2360; baseline -0.001 -23"><span class='ocrx_word' id='word_1_152' title='bbox 460 2273 720 2353; x_wconf 89' lang='lat' dir='ltr'><strong>deinde,</strong></span> <span class='ocrx_word' id='word_1_153' title='bbox 753 2283 830 2340; x_wconf 86' lang='lat' dir='ltr'><strong>ut</strong></span> <span class='ocrx_word' id='word_1_154' title='bbox 856 2277 923 2340; x_wconf 91' lang='lat' dir='ltr'><strong>in</strong></span> <span class='ocrx_word' id='word_1_155' title='bbox 950 2283 1303 2359; x_wconf 85' lang='lat' dir='ltr'><strong>praerupta</strong></span> <span class='ocrx_word' id='word_1_156' title='bbox 1331 2282 1727 2360; x_wconf 89' lang='lat' dir='ltr'><strong>perventum</strong></span> <span class='ocrx_word' id='word_1_157' title='bbox 1755 2281 1881 2353; x_wconf 90' lang='lat' dir='ltr'><strong>est,</strong></span> <span class='ocrx_word' id='word_1_158' title='bbox 1911 2276 2026 2339; x_wconf 88' lang='lat' dir='ltr'><strong>alii</strong></span> <span class='ocrx_word' id='word_1_159' title='bbox 2050 2275 2361 2338; x_wconf 88' lang='lat' dir='ltr'><strong>manibus</strong></span> <span class='ocrx_word' id='word_1_160' title='bbox 2380 2272 2681 2338; x_wconf 85' lang='lat' dir='ltr'><strong>eminen-</strong></span> 
     </span>
     <span class='ocr_line' id='line_1_20' title="bbox 461 2373 2683 2463; baseline -0 -22"><span class='ocrx_word' id='word_1_161' title='bbox 461 2376 558 2441; x_wconf 82' lang='lat' dir='ltr'><strong>tia</strong></span> <span class='ocrx_word' id='word_1_162' title='bbox 590 2397 760 2442; x_wconf 84' lang='lat' dir='ltr'><strong>saxa</strong></span> <span class='ocrx_word' id='word_1_163' title='bbox 799 2380 1142 2463; x_wconf 86' lang='lat' dir='ltr'><strong>complexi</strong></span> <span class='ocrx_word' id='word_1_164' title='bbox 1188 2379 1501 2446; x_wconf 86' lang='lat' dir='ltr'><strong>levavere</strong></span> <span class='ocrx_word' id='word_1_165' title='bbox 1531 2386 1770 2458; x_wconf 81' lang='lat' dir='ltr'><strong>semet,</strong></span> <span class='ocrx_word' id='word_1_166' title='bbox 1803 2379 1923 2443; x_wconf 85' lang='lat' dir='ltr'><strong>alii</strong></span> <span class='ocrx_word' id='word_1_167' title='bbox 1969 2377 2259 2463; x_wconf 86' lang='lat' dir='ltr'><strong>adjectis</strong></span> <span class='ocrx_word' id='word_1_168' title='bbox 2288 2375 2549 2444; x_wconf 88' lang='lat' dir='ltr'><strong>funium</strong></span> <span class='ocrx_word' id='word_1_169' title='bbox 2577 2373 2683 2440; x_wconf 81' lang='lat' dir='ltr'><strong>la·</strong></span> 
     </span>
    </p>
   </div>
   <div class='ocr_carea' id='block_1_3' title="bbox 1386 2563 1750 2586">
    <p class='ocr_par' dir='ltr' id='par_1_3' title="bbox 1386 2563 1750 2586">
     <span class='ocr_line' id='line_1_21' title="bbox 1386 2563 1750 2586; baseline 0.003 -3"><span class='ocrx_word' id='word_1_170' title='bbox 1386 2563 1750 2586; x_wconf 62' lang='lat' dir='ltr'><strong>OOOOOOOOOOOO</strong></span> 
     </span>
    </p>
   </div>
   <div class='ocr_carea' id='block_1_4' title="bbox 452 2672 2682 3856">
    <p class='ocr_par' dir='ltr' id='par_1_4' title="bbox 452 2672 2682 3856">
     <span class='ocr_line' id='line_1_22' title="bbox 457 2672 2680 2746; baseline -0.002 -21"><span class='ocrx_word' id='word_1_171' title='bbox 457 2678 595 2741; x_wconf 81' lang='lat' dir='ltr'><strong>conj.</strong></span> <span class='ocrx_word' id='word_1_172' title='bbox 617 2677 715 2726; x_wconf 81' lang='lat' dir='ltr'><strong>nisi</strong></span> <span class='ocrx_word' id='word_1_173' title='bbox 736 2691 827 2740; x_wconf 71' lang='lat' dir='ltr'><strong>qua</strong></span> <span class='ocrx_word' id='word_1_174' title='bbox 845 2691 915 2726; x_wconf 81' lang='lat' dir='ltr'><strong>sc.</strong></span> <span class='ocrx_word' id='word_1_175' title='bbox 936 2681 1241 2741; x_wconf 81' lang='lat' dir='ltr'><strong>parte.—lo</strong></span> <span class='ocrx_word' id='word_1_176' title='bbox 1275 2680 1426 2731; x_wconf 71' lang='lat' dir='ltr'><strong>Voss.</strong></span> <span class='ocrx_word' id='word_1_177' title='bbox 1449 2680 1681 2739; x_wconf 55' lang='lat' dir='ltr'><strong>asae-ilis</strong></span> <span class='ocrx_word' id='word_1_178' title='bbox 1698 2682 1874 2730; x_wconf 74' lang='lat' dir='ltr'><strong>aditus.</strong></span> <span class='ocrx_word' id='word_1_179' title='bbox 1928 2680 2121 2746; x_wconf 82' lang='lat' dir='ltr'><strong>Vulgg.</strong></span> <span class='ocrx_word' id='word_1_180' title='bbox 2145 2677 2265 2728; x_wconf 77' lang='grc' dir='ltr'><strong>εᾶᾱ.</strong></span> <span class='ocrx_word' id='word_1_181' title='bbox 2289 2682 2413 2726; x_wconf 80' lang='lat' dir='ltr'><strong>ante</strong></span> <span class='ocrx_word' id='word_1_182' title='bbox 2432 2672 2680 2733; x_wconf 74' lang='lat' dir='ltr'><strong>Freinsh-</strong></span> 
     </span>
     <span class='ocr_line' id='line_1_23' title="bbox 454 2741 2680 2807; baseline -0.002 -16"><span class='ocrx_word' id='word_1_183' title='bbox 454 2743 505 2802; x_wconf 67' lang='grc' dir='ltr'><strong>Ι.</strong></span> <span class='ocrx_word' id='word_1_184' title='bbox 529 2742 853 2802; x_wconf 75' lang='lat' dir='ltr'><strong>a.serenteis,·</strong></span> <span class='ocrx_word' id='word_1_185' title='bbox 894 2742 982 2791; x_wconf 81' lang='lat' dir='ltr'><strong>sed</strong></span> <span class='ocrx_word' id='word_1_186' title='bbox 1009 2744 1237 2793; x_wconf 77' lang='lat' dir='ltr'><strong>Florem.</strong></span> <span class='ocrx_word' id='word_1_187' title='bbox 1262 2744 1408 2794; x_wconf 78' lang='lat' dir='ltr'><strong>Leid-</strong></span> <span class='ocrx_word' id='word_1_188' title='bbox 1435 2746 1587 2795; x_wconf 82' lang='lat' dir='ltr'><strong>Voss.</strong></span> <span class='ocrx_word' id='word_1_189' title='bbox 1613 2752 1659 2795; x_wconf 91' lang='lat'><strong>1.</strong></span> <span class='ocrx_word' id='word_1_190' title='bbox 1695 2751 1745 2795; x_wconf 77' lang='lat'><strong>2.</strong></span> <span class='ocrx_word' id='word_1_191' title='bbox 1770 2747 1906 2795; x_wconf 83' lang='lat' dir='ltr'><strong>Mer.</strong></span> <span class='ocrx_word' id='word_1_192' title='bbox 1941 2744 2066 2797; x_wconf 80' lang='lat' dir='ltr'><strong>Ald.</strong></span> <span class='ocrx_word' id='word_1_193' title='bbox 2091 2745 2258 2794; x_wconf 88' lang='lat' dir='ltr'><strong>Colin.</strong></span> <span class='ocrx_word' id='word_1_194' title='bbox 2281 2741 2489 2807; x_wconf 83' lang='lat' dir='ltr'><strong>Gryph.</strong></span> <span class='ocrx_word' id='word_1_195' title='bbox 2513 2749 2572 2790; x_wconf 86' lang='lat' dir='ltr'><strong>et</strong></span> <span class='ocrx_word' id='word_1_196' title='bbox 2594 2754 2680 2788; x_wconf 89' lang='lat' dir='ltr'><strong>re-</strong></span> 
     </span>
     <span class='ocr_line' id='line_1_24' title="bbox 464 2805 2680 2873; baseline -0.002 -15"><span class='ocrx_word' id='word_1_197' title='bbox 464 2816 631 2858; x_wconf 84' lang='lat' dir='ltr'><strong>centt.</strong></span> <span class='ocrx_word' id='word_1_198' title='bbox 652 2815 707 2857; x_wconf 89' lang='lat' dir='ltr'><strong>nt</strong></span> <span class='ocrx_word' id='word_1_199' title='bbox 731 2810 782 2856; x_wconf 89' lang='lat' dir='ltr'><strong>in</strong></span> <span class='ocrx_word' id='word_1_200' title='bbox 810 2814 971 2857; x_wconf 79' lang='lat' dir='ltr'><strong>textu.</strong></span> <span class='ocrx_word' id='word_1_201' title='bbox 1037 2810 1053 2836; x_wconf 91' lang='lat'>‘</span> <span class='ocrx_word' id='word_1_202' title='bbox 1074 2811 1216 2873; x_wconf 85' lang='lat' dir='ltr'><strong>Lege</strong></span> <span class='ocrx_word' id='word_1_203' title='bbox 1236 2809 1321 2858; x_wconf 87' lang='lat' dir='ltr'><strong>vel</strong></span> <span class='ocrx_word' id='word_1_204' title='bbox 1340 2826 1454 2860; x_wconf 85' lang='lat' dir='ltr'><strong>cum</strong></span> <span class='ocrx_word' id='word_1_205' title='bbox 1494 2809 1780 2872; x_wconf 78' lang='lat' dir='ltr'><strong>Scheffero,</strong></span> <span class='ocrx_word' id='word_1_206' title='bbox 1811 2812 2084 2870; x_wconf 76' lang='lat' dir='ltr'><strong>invenietis,</strong></span> <span class='ocrx_word' id='word_1_207' title='bbox 2101 2811 2148 2860; x_wconf 72' lang='grc' dir='ltr'><strong>εἰ</strong></span> <span class='ocrx_word' id='word_1_208' title='bbox 2167 2812 2364 2859; x_wconf 72' lang='lat' dir='ltr'><strong>solerter</strong></span> <span class='ocrx_word' id='word_1_209' title='bbox 2382 2805 2680 2866; x_wconf 71' lang='lat' dir='ltr'><strong>n&#39;matifioe-</strong></span> 
     </span>
     <span class='ocr_line' id='line_1_25' title="bbox 465 2872 2677 2940; baseline -0.001 -18"><span class='ocrx_word' id='word_1_210' title='bbox 465 2873 595 2937; x_wconf 64' lang='lat' dir='ltr'><strong>ritin,</strong></span> <span class='ocrx_word' id='word_1_211' title='bbox 626 2873 1012 2934; x_wconf 67' lang='lat' dir='ltr'><strong>«dieasserentes</strong></span> <span class='ocrx_word' id='word_1_212' title='bbox 1032 2877 1094 2923; x_wconf 80' lang='lat' dir='ltr'><strong>ad</strong></span> <span class='ocrx_word' id='word_1_213' title='bbox 1115 2890 1352 2938; x_wconf 76' lang='lat' dir='ltr'><strong>cacumen,</strong></span> <span class='ocrx_word' id='word_1_214' title='bbox 1374 2878 1456 2924; x_wconf 85' lang='lat' dir='ltr'><strong>vel</strong></span> <span class='ocrx_word' id='word_1_215' title='bbox 1481 2878 1605 2925; x_wconf 81' lang='lat' dir='ltr'><strong>nihil</strong></span> <span class='ocrx_word' id='word_1_216' title='bbox 1630 2886 1773 2926; x_wconf 79' lang='lat' dir='ltr'><strong>muta</strong></span> <span class='ocrx_word' id='word_1_217' title='bbox 1798 2886 1994 2940; x_wconf 80' lang='lat' dir='ltr'><strong>praeter</strong></span> <span class='ocrx_word' id='word_1_218' title='bbox 2016 2891 2198 2926; x_wconf 90' lang='lat' dir='ltr'><strong>vocem</strong></span> <span class='ocrx_word' id='word_1_219' title='bbox 2210 2873 2417 2933; x_wconf 71' lang='lat' dir='ltr'><strong>ferentis</strong></span> <span class='ocrx_word' id='word_1_220' title='bbox 2434 2873 2488 2922; x_wconf 92' lang='lat' dir='ltr'><strong>in</strong></span> <span class='ocrx_word' id='word_1_221' title='bbox 2501 2872 2677 2931; x_wconf 76' lang='lat' dir='ltr'><strong>feren-</strong></span> 
     </span>
     <span class='ocr_line' id='line_1_26' title="bbox 461 2937 2679 3007; baseline -0.001 -20"><span class='ocrx_word' id='word_1_222' title='bbox 461 2937 684 3004; x_wconf 71' lang='lat' dir='ltr'><strong>tee‚(ina</strong></span> <span class='ocrx_word' id='word_1_223' title='bbox 708 2940 842 2989; x_wconf 88' lang='lat' dir='ltr'><strong>enim</strong></span> <span class='ocrx_word' id='word_1_224' title='bbox 867 2940 1018 2988; x_wconf 74' lang='lat' dir='ltr'><strong>solita</strong></span> <span class='ocrx_word' id='word_1_225' title='bbox 1042 2947 1124 2989; x_wconf 86' lang='lat' dir='ltr'><strong>est</strong></span> <span class='ocrx_word' id='word_1_226' title='bbox 1161 2941 1488 3004; x_wconf 79' lang='lat' dir='ltr'><strong>antiquorum</strong></span> <span class='ocrx_word' id='word_1_227' title='bbox 1527 2942 1792 2992; x_wconf 83' lang='lat' dir='ltr'><strong>scribendi</strong></span> <span class='ocrx_word' id='word_1_228' title='bbox 1832 2939 2006 3007; x_wconf 85' lang='lat' dir='ltr'><strong>ratio‚)</strong></span> <span class='ocrx_word' id='word_1_229' title='bbox 2041 2949 2099 2991; x_wconf 88' lang='lat' dir='ltr'><strong>ut</strong></span> <span class='ocrx_word' id='word_1_230' title='bbox 2128 2942 2289 2990; x_wconf 70' lang='lat' dir='ltr'><strong>aditus</strong></span> <span class='ocrx_word' id='word_1_231' title='bbox 2309 2941 2529 3002; x_wconf 69' lang='lat' dir='ltr'><strong>serentes</strong></span> <span class='ocrx_word' id='word_1_232' title='bbox 2568 2937 2679 2985; x_wconf 86' lang='lat' dir='ltr'><strong>sint</strong></span> 
     </span>
     <span class='ocr_line' id='line_1_27' title="bbox 465 3002 2678 3066; baseline -0 -14"><span class='ocrx_word' id='word_1_233' title='bbox 465 3014 676 3066; x_wconf 76' lang='lat' dir='ltr'><strong>quartus</strong></span> <span class='ocrx_word' id='word_1_234' title='bbox 699 3004 884 3054; x_wconf 66' lang='lat' dir='ltr'><strong>casus!</strong></span> <span class='ocrx_word' id='word_1_235' title='bbox 918 3004 1207 3055; x_wconf 78' lang='lat' dir='ltr'><strong>Schmiecler.</strong></span> <span class='ocrx_word' id='word_1_236' title='bbox 1275 3007 1400 3055; x_wconf 84' lang='lat' dir='ltr'><strong>Mox</strong></span> <span class='ocrx_word' id='word_1_237' title='bbox 1429 3008 1661 3057; x_wconf 82' lang='lat' dir='ltr'><strong>Florent.</strong></span> <span class='ocrx_word' id='word_1_238' title='bbox 1686 3006 1832 3057; x_wconf 87' lang='lat' dir='ltr'><strong>Leid.</strong></span> <span class='ocrx_word' id='word_1_239' title='bbox 1858 3008 2075 3059; x_wconf 78' lang='lat' dir='ltr'><strong>Voss.1.</strong></span> <span class='ocrx_word' id='word_1_240' title='bbox 2100 3007 2238 3057; x_wconf 82' lang='lat' dir='ltr'><strong>Dan.</strong></span> <span class='ocrx_word' id='word_1_241' title='bbox 2259 3006 2396 3055; x_wconf 88' lang='lat' dir='ltr'><strong>Mer.</strong></span> <span class='ocrx_word' id='word_1_242' title='bbox 2422 3002 2548 3053; x_wconf 83' lang='lat' dir='ltr'><strong>Ald.</strong></span> <span class='ocrx_word' id='word_1_243' title='bbox 2572 3002 2678 3052; x_wconf 87' lang='lat' dir='ltr'><strong>Co-</strong></span> 
     </span>
     <span class='ocr_line' id='line_1_28' title="bbox 457 3068 2682 3137; baseline 0.001 -23"><span class='ocrx_word' id='word_1_244' title='bbox 457 3068 549 3116; x_wconf 83' lang='lat' dir='ltr'><strong>lin.</strong></span> <span class='ocrx_word' id='word_1_245' title='bbox 569 3075 626 3116; x_wconf 84' lang='lat' dir='ltr'><strong>et</strong></span> <span class='ocrx_word' id='word_1_246' title='bbox 649 3068 849 3132; x_wconf 73' lang='lat' dir='ltr'><strong>Gryph.</strong></span> <span class='ocrx_word' id='word_1_247' title='bbox 873 3071 1227 3137; x_wconf 75' lang='lat' dir='ltr'><strong>desperaverint</strong></span> <span class='ocrx_word' id='word_1_248' title='bbox 1247 3086 1265 3129; x_wconf 90' lang='lat'><strong>,·</strong></span> <span class='ocrx_word' id='word_1_249' title='bbox 1296 3071 1466 3121; x_wconf 86' lang='lat' dir='ltr'><strong>Bothe</strong></span> <span class='ocrx_word' id='word_1_250' title='bbox 1493 3073 1660 3122; x_wconf 84' lang='lat' dir='ltr'><strong>edidit</strong></span> <span class='ocrx_word' id='word_1_251' title='bbox 1683 3075 2059 3136; x_wconf 72' lang='lat' dir='ltr'><strong>desperaverant.</strong></span> <span class='ocrx_word' id='word_1_252' title='bbox 2124 3073 2274 3121; x_wconf 79' lang='lat' dir='ltr'><strong>Voss.</strong></span> <span class='ocrx_word' id='word_1_253' title='bbox 2296 3074 2345 3124; x_wconf 77' lang='grc'><strong>2.</strong></span> <span class='ocrx_word' id='word_1_254' title='bbox 2364 3070 2417 3118; x_wconf 76' lang='lat' dir='ltr'><strong>in</strong></span> <span class='ocrx_word' id='word_1_255' title='bbox 2437 3073 2682 3132; x_wconf 71' lang='lat' dir='ltr'><strong>potestate</strong></span> 
     </span>
     <span class='ocr_line' id='line_1_29' title="bbox 460 3133 2681 3200; baseline 0.001 -20"><span class='ocrx_word' id='word_1_256' title='bbox 460 3136 766 3182; x_wconf 64' lang='lat' dir='ltr'><strong>vestrm—ll</strong></span> <span class='ocrx_word' id='word_1_257' title='bbox 808 3134 954 3183; x_wconf 88' lang='lat' dir='ltr'><strong>Idem</strong></span> <span class='ocrx_word' id='word_1_258' title='bbox 982 3135 1148 3184; x_wconf 85' lang='lat' dir='ltr'><strong>codex</strong></span> <span class='ocrx_word' id='word_1_259' title='bbox 1172 3137 1376 3184; x_wconf 76' lang='lat' dir='ltr'><strong>admotis</strong></span> <span class='ocrx_word' id='word_1_260' title='bbox 1396 3138 1580 3200; x_wconf 72' lang='lat' dir='ltr'><strong>copiis,·</strong></span> <span class='ocrx_word' id='word_1_261' title='bbox 1633 3139 1770 3187; x_wconf 83' lang='lat' dir='ltr'><strong>Pith.</strong></span> <span class='ocrx_word' id='word_1_262' title='bbox 1793 3138 1988 3188; x_wconf 86' lang='lat' dir='ltr'><strong>omittit</strong></span> <span class='ocrx_word' id='word_1_263' title='bbox 2010 3137 2229 3188; x_wconf 71' lang='lat' dir='ltr'><strong>admotis.</strong></span> <span class='ocrx_word' id='word_1_264' title='bbox 2277 3135 2394 3186; x_wconf 82' lang='lat' dir='ltr'><strong>Pal.</strong></span> <span class='ocrx_word' id='word_1_265' title='bbox 2417 3139 2473 3187; x_wconf 73' lang='lat'><strong>1..</strong></span> <span class='ocrx_word' id='word_1_266' title='bbox 2490 3150 2519 3182; x_wconf 80' lang='lat' dir='ltr'><strong>a</strong></span> <span class='ocrx_word' id='word_1_267' title='bbox 2539 3133 2681 3183; x_wconf 70' lang='lat' dir='ltr'><strong>vobis</strong></span> 
     </span>
     <span class='ocr_line' id='line_1_30' title="bbox 458 3198 2679 3275; baseline -0 -28"><span class='ocrx_word' id='word_1_268' title='bbox 458 3202 819 3275; x_wconf 67' lang='lat' dir='ltr'><strong>avert11m5-l2</strong></span> <span class='ocrx_word' id='word_1_269' title='bbox 855 3198 1002 3247; x_wconf 83' lang='lat' dir='ltr'><strong>Mod.</strong></span> <span class='ocrx_word' id='word_1_270' title='bbox 1030 3200 1248 3262; x_wconf 80' lang='lat' dir='ltr'><strong>aliaeque</strong></span> <span class='ocrx_word' id='word_1_271' title='bbox 1272 3200 1680 3252; x_wconf 67' lang='lat' dir='ltr'><strong>edd.,Praemium</strong></span> <span class='ocrx_word' id='word_1_272' title='bbox 1711 3204 1822 3267; x_wconf 76' lang='lat' dir='ltr'><strong>erit,</strong></span> <span class='ocrx_word' id='word_1_273' title='bbox 1855 3205 1955 3266; x_wconf 78' lang='lat' dir='ltr'><strong>qui,</strong></span> <span class='ocrx_word' id='word_1_274' title='bbox 1978 3206 2059 3265; x_wconf 58' lang='lat' dir='ltr'><strong>&amp;a</strong></span> <span class='ocrx_word' id='word_1_275' title='bbox 2129 3203 2279 3252; x_wconf 80' lang='lat' dir='ltr'><strong>Voss.</strong></span> <span class='ocrx_word' id='word_1_276' title='bbox 2299 3205 2348 3250; x_wconf 78' lang='lat'><strong>2.</strong></span> <span class='ocrx_word' id='word_1_277' title='bbox 2366 3200 2577 3264; x_wconf 73' lang='lat' dir='ltr'><strong>primum</strong></span> <span class='ocrx_word' id='word_1_278' title='bbox 2598 3214 2679 3247; x_wconf 82' lang='lat' dir='ltr'><strong>oe·</strong></span> 
     </span>
     <span class='ocr_line' id='line_1_31' title="bbox 459 3263 2673 3330; baseline 0 -17"><span class='ocrx_word' id='word_1_279' title='bbox 459 3268 720 3328; x_wconf 62' lang='lat' dir='ltr'><strong>cuperent.</strong></span> <span class='ocrx_word' id='word_1_280' title='bbox 784 3265 1017 3315; x_wconf 76' lang='lat' dir='ltr'><strong>Florem.</strong></span> <span class='ocrx_word' id='word_1_281' title='bbox 1041 3265 1187 3314; x_wconf 88' lang='lat' dir='ltr'><strong>Leid.</strong></span> <span class='ocrx_word' id='word_1_282' title='bbox 1212 3266 1363 3314; x_wconf 76' lang='lat' dir='ltr'><strong>voss.</strong></span> <span class='ocrx_word' id='word_1_283' title='bbox 1401 3271 1448 3317; x_wconf 89' lang='lat'><strong>1.</strong></span> <span class='ocrx_word' id='word_1_284' title='bbox 1483 3268 1648 3330; x_wconf 84' lang='lat' dir='ltr'><strong>Bong.</strong></span> <span class='ocrx_word' id='word_1_285' title='bbox 1690 3276 1746 3317; x_wconf 89' lang='lat' dir='ltr'><strong>et</strong></span> <span class='ocrx_word' id='word_1_286' title='bbox 1768 3269 1910 3318; x_wconf 83' lang='lat' dir='ltr'><strong>Pitb.</strong></span> <span class='ocrx_word' id='word_1_287' title='bbox 1934 3275 1991 3317; x_wconf 87' lang='lat' dir='ltr'><strong>et</strong></span> <span class='ocrx_word' id='word_1_288' title='bbox 2022 3269 2212 3318; x_wconf 82' lang='lat' dir='ltr'><strong>Fauch.</strong></span> <span class='ocrx_word' id='word_1_289' title='bbox 2234 3281 2326 3316; x_wconf 81' lang='lat' dir='ltr'><strong>uno</strong></span> <span class='ocrx_word' id='word_1_290' title='bbox 2347 3281 2415 3316; x_wconf 86' lang='lat' dir='ltr'><strong>m.</strong></span> <span class='ocrx_word' id='word_1_291' title='bbox 2445 3263 2673 3328; x_wconf 69' lang='lat' dir='ltr'><strong>accipiat.</strong></span> 
     </span>
     <span class='ocr_line' id='line_1_32' title="bbox 459 3329 2670 3398; baseline 0 -20"><span class='ocrx_word' id='word_1_292' title='bbox 459 3330 574 3379; x_wconf 72' lang='lat' dir='ltr'><strong>Pan.</strong></span> <span class='ocrx_word' id='word_1_293' title='bbox 594 3330 812 3394; x_wconf 71' lang='lat' dir='ltr'><strong>proxime</strong></span> <span class='ocrx_word' id='word_1_294' title='bbox 833 3329 907 3387; x_wconf 78' lang='lat' dir='ltr'><strong>ei,-</strong></span> <span class='ocrx_word' id='word_1_295' title='bbox 959 3330 1104 3383; x_wconf 89' lang='lat' dir='ltr'><strong>Mod.</strong></span> <span class='ocrx_word' id='word_1_296' title='bbox 1129 3331 1325 3380; x_wconf 84' lang='lat' dir='ltr'><strong>omittit</strong></span> <span class='ocrx_word' id='word_1_297' title='bbox 1359 3333 1420 3381; x_wconf 84' lang='lat' dir='ltr'><strong>ei.</strong></span> <span class='ocrx_word' id='word_1_298' title='bbox 1486 3332 1608 3383; x_wconf 85' lang='lat' dir='ltr'><strong>Ald.</strong></span> <span class='ocrx_word' id='word_1_299' title='bbox 1642 3339 1696 3382; x_wconf 89' lang='lat' dir='ltr'><strong>et</strong></span> <span class='ocrx_word' id='word_1_300' title='bbox 1722 3334 1857 3383; x_wconf 87' lang='lat' dir='ltr'><strong>Mer.</strong></span> <span class='ocrx_word' id='word_1_301' title='bbox 1891 3333 2023 3382; x_wconf 77' lang='lat' dir='ltr'><strong>venit</strong></span> <span class='ocrx_word' id='word_1_302' title='bbox 2056 3348 2150 3398; x_wconf 82' lang='lat' dir='ltr'><strong>pro</strong></span> <span class='ocrx_word' id='word_1_303' title='bbox 2183 3331 2380 3383; x_wconf 76' lang='lat' dir='ltr'><strong>venerit.</strong></span> <span class='ocrx_word' id='word_1_304' title='bbox 2444 3330 2598 3378; x_wconf 86' lang='lat' dir='ltr'><strong>Voss.</strong></span> <span class='ocrx_word' id='word_1_305' title='bbox 2619 3333 2670 3379; x_wconf 78' lang='grc'><strong>2.</strong></span> 
     </span>
     <span class='ocr_line' id='line_1_33' title="bbox 463 3393 2671 3460; baseline -0 -17"><span class='ocrx_word' id='word_1_306' title='bbox 463 3393 583 3444; x_wconf 84' lang='lat' dir='ltr'><strong>Ald.</strong></span> <span class='ocrx_word' id='word_1_307' title='bbox 603 3403 658 3445; x_wconf 87' lang='lat' dir='ltr'><strong>et</strong></span> <span class='ocrx_word' id='word_1_308' title='bbox 680 3396 816 3445; x_wconf 81' lang='lat' dir='ltr'><strong>Mer.</strong></span> <span class='ocrx_word' id='word_1_309' title='bbox 849 3396 1089 3457; x_wconf 83' lang='lat' dir='ltr'><strong>Ceterum,</strong></span> <span class='ocrx_word' id='word_1_310' title='bbox 1110 3398 1295 3445; x_wconf 82' lang='lat' dir='ltr'><strong>omisso</strong></span> <span class='ocrx_word' id='word_1_311' title='bbox 1318 3403 1507 3455; x_wconf 80' lang='lat' dir='ltr'><strong>autem,·</strong></span> <span class='ocrx_word' id='word_1_312' title='bbox 1557 3399 1788 3448; x_wconf 75' lang='lat' dir='ltr'><strong>Florem.</strong></span> <span class='ocrx_word' id='word_1_313' title='bbox 1824 3399 1970 3452; x_wconf 86' lang='lat' dir='ltr'><strong>Leid.</strong></span> <span class='ocrx_word' id='word_1_314' title='bbox 2005 3400 2159 3449; x_wconf 77' lang='lat' dir='ltr'><strong>Voss,</strong></span> <span class='ocrx_word' id='word_1_315' title='bbox 2185 3402 2232 3448; x_wconf 87' lang='lat'><strong>1.</strong></span> <span class='ocrx_word' id='word_1_316' title='bbox 2259 3398 2425 3460; x_wconf 63' lang='grc' dir='ltr'><strong>Βοῦς.</strong></span> <span class='ocrx_word' id='word_1_317' title='bbox 2447 3401 2504 3444; x_wconf 89' lang='lat' dir='ltr'><strong>et</strong></span> <span class='ocrx_word' id='word_1_318' title='bbox 2534 3394 2671 3443; x_wconf 82' lang='lat' dir='ltr'><strong>Dan.</strong></span> 
     </span>
     <span class='ocr_line' id='line_1_34' title="bbox 465 3460 2673 3528; baseline 0 -20"><span class='ocrx_word' id='word_1_319' title='bbox 465 3461 687 3513; x_wconf 81' lang='lat' dir='ltr'><strong>Ceterum</strong></span> <span class='ocrx_word' id='word_1_320' title='bbox 703 3466 858 3510; x_wconf 78' lang='lat' dir='ltr'><strong>autem</strong></span> <span class='ocrx_word' id='word_1_321' title='bbox 874 3477 895 3520; x_wconf 89' lang='lat'><strong>,·</strong></span> <span class='ocrx_word' id='word_1_322' title='bbox 948 3462 1060 3512; x_wconf 84' lang='lat' dir='ltr'><strong>Pal.</strong></span> <span class='ocrx_word' id='word_1_323' title='bbox 1086 3467 1132 3510; x_wconf 85' lang='lat'><strong>1.</strong></span> <span class='ocrx_word' id='word_1_324' title='bbox 1165 3464 1359 3511; x_wconf 80' lang='lat' dir='ltr'><strong>Certum</strong></span> <span class='ocrx_word' id='word_1_325' title='bbox 1381 3468 1560 3525; x_wconf 79' lang='lat' dir='ltr'><strong>autem,</strong></span> <span class='ocrx_word' id='word_1_326' title='bbox 1581 3464 1719 3528; x_wconf 88' lang='lat' dir='ltr'><strong>quod</strong></span> <span class='ocrx_word' id='word_1_327' title='bbox 1753 3465 1956 3528; x_wconf 84' lang='lat' dir='ltr'><strong>recepit</strong></span> <span class='ocrx_word' id='word_1_328' title='bbox 1986 3465 2216 3514; x_wconf 81' lang='lat' dir='ltr'><strong>Freinsh.</strong></span> <span class='ocrx_word' id='word_1_329' title='bbox 2252 3475 2474 3526; x_wconf 82' lang='lat' dir='ltr'><strong>eumque</strong></span> <span class='ocrx_word' id='word_1_330' title='bbox 2508 3460 2673 3510; x_wconf 80' lang='lat' dir='ltr'><strong>secuti</strong></span> 
     </span>
     <span class='ocr_line' id='line_1_35' title="bbox 460 3525 2673 3594; baseline -0.001 -19"><span class='ocrx_word' id='word_1_331' title='bbox 460 3533 580 3576; x_wconf 79' lang='lat' dir='ltr'><strong>sunt</strong></span> <span class='ocrx_word' id='word_1_332' title='bbox 605 3534 825 3577; x_wconf 78' lang='lat' dir='ltr'><strong>recentt.</strong></span> <span class='ocrx_word' id='word_1_333' title='bbox 893 3525 1163 3587; x_wconf 65' lang='lat' dir='ltr'><strong>Ald.jubeo</strong></span> <span class='ocrx_word' id='word_1_334' title='bbox 1190 3543 1281 3590; x_wconf 79' lang='lat' dir='ltr'><strong>pro</strong></span> <span class='ocrx_word' id='word_1_335' title='bbox 1302 3528 1596 3578; x_wconf 67' lang='lat' dir='ltr'><strong>turbem—14</strong></span> <span class='ocrx_word' id='word_1_336' title='bbox 1634 3531 1799 3594; x_wconf 86' lang='lat' dir='ltr'><strong>Bong.</strong></span> <span class='ocrx_word' id='word_1_337' title='bbox 1821 3535 1866 3583; x_wconf 87' lang='lat' dir='ltr'><strong>l.</strong></span> <span class='ocrx_word' id='word_1_338' title='bbox 1888 3534 1937 3580; x_wconf 82' lang='lat'><strong>2.</strong></span> <span class='ocrx_word' id='word_1_339' title='bbox 1961 3531 2197 3580; x_wconf 79' lang='lat' dir='ltr'><strong>Florent.</strong></span> <span class='ocrx_word' id='word_1_340' title='bbox 2223 3535 2279 3579; x_wconf 89' lang='lat' dir='ltr'><strong>et</strong></span> <span class='ocrx_word' id='word_1_341' title='bbox 2302 3528 2449 3577; x_wconf 85' lang='lat' dir='ltr'><strong>Leid.</strong></span> <span class='ocrx_word' id='word_1_342' title='bbox 2472 3526 2673 3574; x_wconf 74' lang='lat' dir='ltr'><strong>circum·</strong></span> 
     </span>
     <span class='ocr_line' id='line_1_36' title="bbox 458 3591 2670 3661; baseline 0 -22"><span class='ocrx_word' id='word_1_343' title='bbox 458 3597 619 3641; x_wconf 71' lang='lat' dir='ltr'><strong>tectus</strong></span> <span class='ocrx_word' id='word_1_344' title='bbox 637 3597 811 3655; x_wconf 67' lang='grc' dir='ltr'><strong>μείνας</strong></span> <span class='ocrx_word' id='word_1_345' title='bbox 861 3593 1014 3642; x_wconf 82' lang='lat' dir='ltr'><strong>Voss.</strong></span> <span class='ocrx_word' id='word_1_346' title='bbox 1040 3597 1087 3641; x_wconf 88' lang='lat'><strong>1.</strong></span> <span class='ocrx_word' id='word_1_347' title='bbox 1113 3600 1168 3643; x_wconf 88' lang='lat' dir='ltr'><strong>et</strong></span> <span class='ocrx_word' id='word_1_348' title='bbox 1193 3595 1333 3643; x_wconf 88' lang='lat' dir='ltr'><strong>Dan.</strong></span> <span class='ocrx_word' id='word_1_349' title='bbox 1364 3595 1699 3649; x_wconf 71' lang='lat' dir='ltr'><strong>circumvectos</strong></span> <span class='ocrx_word' id='word_1_350' title='bbox 1728 3601 1866 3658; x_wconf 79' lang='lat' dir='ltr'><strong>petra</strong></span> <span class='ocrx_word' id='word_1_351' title='bbox 1879 3610 1901 3653; x_wconf 56' lang='grc' dir='ltr'><strong>,ὲ</strong></span> <span class='ocrx_word' id='word_1_352' title='bbox 1948 3597 2120 3661; x_wconf 81' lang='lat' dir='ltr'><strong>vulgg.</strong></span> <span class='ocrx_word' id='word_1_353' title='bbox 2145 3594 2263 3644; x_wconf 86' lang='lat' dir='ltr'><strong>edd.</strong></span> <span class='ocrx_word' id='word_1_354' title='bbox 2285 3600 2410 3642; x_wconf 74' lang='lat' dir='ltr'><strong>ante</strong></span> <span class='ocrx_word' id='word_1_355' title='bbox 2433 3591 2670 3641; x_wconf 77' lang='lat' dir='ltr'><strong>Freinsh.</strong></span> 
     </span>
     <span class='ocr_line' id='line_1_37' title="bbox 457 3657 2669 3724; baseline -0 -19"><span class='ocrx_word' id='word_1_356' title='bbox 457 3658 789 3712; x_wconf 75' lang='lat' dir='ltr'><strong>circumvectos</strong></span> <span class='ocrx_word' id='word_1_357' title='bbox 803 3663 1007 3722; x_wconf 79' lang='lat' dir='ltr'><strong>petram.</strong></span> <span class='ocrx_word' id='word_1_358' title='bbox 1073 3659 1228 3707; x_wconf 78' lang='lat' dir='ltr'><strong>Voss,</strong></span> <span class='ocrx_word' id='word_1_359' title='bbox 1253 3663 1302 3708; x_wconf 82' lang='lat'><strong>2.</strong></span> <span class='ocrx_word' id='word_1_360' title='bbox 1325 3675 1465 3722; x_wconf 71' lang='lat' dir='ltr'><strong>asper</strong></span> <span class='ocrx_word' id='word_1_361' title='bbox 1484 3667 1754 3724; x_wconf 79' lang='lat' dir='ltr'><strong>praeruptus</strong></span> <span class='ocrx_word' id='word_1_362' title='bbox 1776 3677 1806 3709; x_wconf 84' lang='lat' dir='ltr'><strong><em>a</em></strong></span> <span class='ocrx_word' id='word_1_363' title='bbox 1844 3677 1890 3711; x_wconf 86' lang='lat' dir='ltr'><strong>v.</strong></span> <span class='ocrx_word' id='word_1_364' title='bbox 1922 3675 2029 3713; x_wconf 69' lang='lat' dir='ltr'><strong>sera</strong></span> <span class='ocrx_word' id='word_1_365' title='bbox 2051 3660 2238 3724; x_wconf 73' lang='lat' dir='ltr'><strong>vigilia,</strong></span> <span class='ocrx_word' id='word_1_366' title='bbox 2272 3662 2483 3724; x_wconf 58' lang='lat' dir='ltr'><strong>aya—15,</strong></span> <span class='ocrx_word' id='word_1_367' title='bbox 2518 3657 2669 3707; x_wconf 87' lang='lat' dir='ltr'><strong>Idem</strong></span> 
     </span>
     <span class='ocr_line' id='line_1_38' title="bbox 458 3721 2669 3791; baseline 0.001 -20"><span class='ocrx_word' id='word_1_368' title='bbox 458 3723 623 3772; x_wconf 85' lang='lat' dir='ltr'><strong>codex</strong></span> <span class='ocrx_word' id='word_1_369' title='bbox 644 3740 656 3770; x_wconf 77' lang='lat' dir='ltr'>z</span> <span class='ocrx_word' id='word_1_370' title='bbox 693 3729 749 3772; x_wconf 79' lang='lat' dir='ltr'><strong>ut</strong></span> <span class='ocrx_word' id='word_1_371' title='bbox 770 3723 821 3772; x_wconf 80' lang='lat' dir='ltr'><strong>in</strong></span> <span class='ocrx_word' id='word_1_372' title='bbox 840 3730 1084 3791; x_wconf 66' lang='lat' dir='ltr'><strong>praerupta</strong></span> <span class='ocrx_word' id='word_1_373' title='bbox 1104 3740 1240 3774; x_wconf 71' lang='lat' dir='ltr'><strong>saxa.</strong></span> <span class='ocrx_word' id='word_1_374' title='bbox 1297 3725 1415 3774; x_wconf 71' lang='lat' dir='ltr'><strong>Pan.</strong></span> <span class='ocrx_word' id='word_1_375' title='bbox 1443 3731 1491 3775; x_wconf 84' lang='lat'><strong>1.</strong></span> <span class='ocrx_word' id='word_1_376' title='bbox 1508 3732 1698 3775; x_wconf 76' lang='lat' dir='ltr'><strong>ventum</strong></span> <span class='ocrx_word' id='word_1_377' title='bbox 1720 3732 1808 3777; x_wconf 80' lang='lat' dir='ltr'><strong>est.</strong></span> <span class='ocrx_word' id='word_1_378' title='bbox 1861 3728 2009 3777; x_wconf 74' lang='lat' dir='ltr'><strong>Voss,</strong></span> <span class='ocrx_word' id='word_1_379' title='bbox 2033 3730 2089 3777; x_wconf 37' lang='grc' dir='ltr'><strong>2.μ</strong></span> <span class='ocrx_word' id='word_1_380' title='bbox 2105 3742 2225 3776; x_wconf 77' lang='lat' dir='ltr'><strong>saxa</strong></span> <span class='ocrx_word' id='word_1_381' title='bbox 2246 3723 2478 3788; x_wconf 73' lang='lat' dir='ltr'><strong>completi.</strong></span> <span class='ocrx_word' id='word_1_382' title='bbox 2544 3721 2669 3776; x_wconf 65' lang='grc' dir='ltr'><strong>ΑΜ..</strong></span> 
     </span>
     <span class='ocr_line' id='line_1_39' title="bbox 452 3787 2669 3856; baseline 0.001 -22"><span class='ocrx_word' id='word_1_383' title='bbox 452 3787 668 3839; x_wconf 75' lang='lat' dir='ltr'><strong>Ievavere</strong></span> <span class='ocrx_word' id='word_1_384' title='bbox 688 3804 738 3838; x_wconf 73' lang='lat' dir='ltr'><strong>se</strong></span> <span class='ocrx_word' id='word_1_385' title='bbox 754 3805 774 3848; x_wconf 89' lang='lat'><strong>,·</strong></span> <span class='ocrx_word' id='word_1_386' title='bbox 827 3790 969 3840; x_wconf 86' lang='lat' dir='ltr'><strong>Leid.</strong></span> <span class='ocrx_word' id='word_1_387' title='bbox 990 3791 1143 3841; x_wconf 77' lang='lat' dir='ltr'><strong>Voss.</strong></span> <span class='ocrx_word' id='word_1_388' title='bbox 1171 3793 1217 3840; x_wconf 88' lang='lat'><strong>1.</strong></span> <span class='ocrx_word' id='word_1_389' title='bbox 1241 3797 1295 3840; x_wconf 83' lang='lat' dir='ltr'><strong>et</strong></span> <span class='ocrx_word' id='word_1_390' title='bbox 1320 3792 1488 3856; x_wconf 87' lang='lat' dir='ltr'><strong>Bong.</strong></span> <span class='ocrx_word' id='word_1_391' title='bbox 1521 3793 1677 3843; x_wconf 82' lang='lat' dir='ltr'><strong>levare</strong></span> <span class='ocrx_word' id='word_1_392' title='bbox 1697 3797 1860 3844; x_wconf 75' lang='lat' dir='ltr'><strong>semet.</strong></span> <span class='ocrx_word' id='word_1_393' title='bbox 1932 3795 2163 3847; x_wconf 57' lang='lat' dir='ltr'><strong>Floreat„</strong></span> <span class='ocrx_word' id='word_1_394' title='bbox 2197 3789 2349 3846; x_wconf 72' lang='lat' dir='ltr'><strong>Leid.</strong></span> <span class='ocrx_word' id='word_1_395' title='bbox 2366 3791 2520 3840; x_wconf 74' lang='lat' dir='ltr'><strong>Voss,</strong></span> <span class='ocrx_word' id='word_1_396' title='bbox 2548 3793 2594 3838; x_wconf 89' lang='lat'><strong>1.</strong></span> <span class='ocrx_word' id='word_1_397' title='bbox 2621 3791 2669 3841; x_wconf 75' lang='grc'><strong>2.</strong></span> 
     </span>
    </p>
   </div>
   <div class='ocr_carea' id='block_1_5' title="bbox 452 3942 2671 4200">
    <p class='ocr_par' dir='ltr' id='par_1_5' title="bbox 452 3942 2671 4200">
     <span class='ocr_line' id='line_1_40' title="bbox 1455 3942 1677 3994; baseline 0.005 -1"><span class='ocrx_word' id='word_1_398' title='bbox 1455 3942 1677 3994; x_wconf 87' lang='lat' dir='ltr'>NOTAE</span> 
     </span>
     <span class='ocr_line' id='line_1_41' title="bbox 521 4049 2671 4116; baseline 0.001 -18"><span class='ocrx_word' id='word_1_399' title='bbox 521 4056 547 4083; x_wconf 56' lang='grc' dir='ltr'>θ</span> <span class='ocrx_word' id='word_1_400' title='bbox 584 4049 781 4100; x_wconf 76' lang='lat' dir='ltr'><strong>Talenta</strong></span> <span class='ocrx_word' id='word_1_401' title='bbox 804 4051 901 4116; x_wconf 85' lang='lat' dir='ltr'><strong>X.]</strong></span> <span class='ocrx_word' id='word_1_402' title='bbox 939 4055 1025 4103; x_wconf 87' lang='lat' dir='ltr'><strong>De</strong></span> <span class='ocrx_word' id='word_1_403' title='bbox 1063 4055 1275 4106; x_wconf 72' lang='lat' dir='ltr'><strong>talentis</strong></span> <span class='ocrx_word' id='word_1_404' title='bbox 1308 4055 1401 4107; x_wconf 85' lang='lat' dir='ltr'><strong>lib.</strong></span> <span class='ocrx_word' id='word_1_405' title='bbox 1434 4070 1526 4109; x_wconf 86' lang='lat' dir='ltr'><strong>m.</strong></span> <span class='ocrx_word' id='word_1_406' title='bbox 1609 4075 1719 4110; x_wconf 87' lang='lat' dir='ltr'><strong>rem</strong></span> <span class='ocrx_word' id='word_1_407' title='bbox 1764 4074 1865 4111; x_wconf 88' lang='lat' dir='ltr'><strong>non</strong></span> <span class='ocrx_word' id='word_1_408' title='bbox 1908 4068 2070 4111; x_wconf 82' lang='lat' dir='ltr'><strong>esset.</strong></span> <span class='ocrx_word' id='word_1_409' title='bbox 2134 4054 2429 4109; x_wconf 83' lang='lat' dir='ltr'><strong>Duodecim</strong></span> <span class='ocrx_word' id='word_1_410' title='bbox 2473 4054 2671 4104; x_wconf 74' lang='lat' dir='ltr'><strong>talenta</strong></span> 
     </span>
     <span class='ocr_line' id='line_1_42' title="bbox 452 4128 2668 4200; baseline -0.006 -9"><span class='ocrx_word' id='word_1_411' title='bbox 452 4131 671 4191; x_wconf 58' lang='lat'><strong>⁰⁸1³·13»</strong></span> <span class='ocrx_word' id='word_1_412' title='bbox 1596 4137 1831 4187; x_wconf 74' lang='lat' dir='ltr'><strong>omnium</strong></span> <span class='ocrx_word' id='word_1_413' title='bbox 1871 4137 2038 4200; x_wconf 86' lang='lat' dir='ltr'><strong>primo</strong></span> <span class='ocrx_word' id='word_1_414' title='bbox 2076 4133 2326 4199; x_wconf 72' lang='lat' dir='ltr'><strong>promissa</strong></span> <span class='ocrx_word' id='word_1_415' title='bbox 2358 4129 2540 4181; x_wconf 77' lang='lat' dir='ltr'><strong>scribit</strong></span> <span class='ocrx_word' id='word_1_416' title='bbox 2572 4128 2668 4183; x_wconf 82' lang='lat' dir='ltr'><strong>Ar-</strong></span> 
     </span>
    </p>
   </div>
   <div class='ocr_carea' id='block_1_6' title="bbox 454 4202 2582 4353">
    <p class='ocr_par' dir='ltr' id='par_1_6' title="bbox 454 4202 2582 4353">
     <span class='ocr_line' id='line_1_43' title="bbox 523 4202 2582 4277; baseline 0.007 -24"><span class='ocrx_word' id='word_1_417' title='bbox 523 4202 546 4234; x_wconf 74' lang='lat' dir='ltr'>f</span> <span class='ocrx_word' id='word_1_418' title='bbox 570 4205 743 4255; x_wconf 67' lang='lat' dir='ltr'><strong>Porcio</strong></span> <span class='ocrx_word' id='word_1_419' title='bbox 775 4204 1065 4272; x_wconf 68' lang='lat' dir='ltr'><strong>[proportio]</strong></span> <span class='ocrx_word' id='word_1_420' title='bbox 1113 4209 1201 4262; x_wconf 84' lang='lat' dir='ltr'><strong>Sic</strong></span> <span class='ocrx_word' id='word_1_421' title='bbox 1234 4212 1522 4266; x_wconf 78' lang='lat' dir='ltr'><strong>tescriben-</strong></span> <span class='ocrx_word' id='word_1_422' title='bbox 1604 4215 1809 4277; x_wconf 84' lang='lat' dir='ltr'><strong>rianus;</strong></span> <span class='ocrx_word' id='word_1_423' title='bbox 1845 4214 2030 4265; x_wconf 87' lang='lat' dir='ltr'><strong>ultimo</strong></span> <span class='ocrx_word' id='word_1_424' title='bbox 2052 4211 2276 4265; x_wconf 72' lang='lat' dir='ltr'><strong>Daricos</strong></span> <span class='ocrx_word' id='word_1_425' title='bbox 2301 4215 2582 4262; x_wconf 63' lang='lat' dir='ltr'><strong>treceutoe·</strong></span> 
     </span>
     <span class='ocr_line' id='line_1_44' title="bbox 454 4279 1520 4353; baseline 0.011 -24"><span class='ocrx_word' id='word_1_426' title='bbox 454 4279 578 4331; x_wconf 83' lang='lat' dir='ltr'><strong>dum</strong></span> <span class='ocrx_word' id='word_1_427' title='bbox 621 4280 745 4348; x_wconf 76' lang='lat' dir='ltr'><strong>fuit,</strong></span> <span class='ocrx_word' id='word_1_428' title='bbox 783 4298 899 4334; x_wconf 87' lang='lat' dir='ltr'><strong>cum</strong></span> <span class='ocrx_word' id='word_1_429' title='bbox 945 4286 1212 4350; x_wconf 81' lang='lat' dir='ltr'><strong>vulgatum</strong></span> <span class='ocrx_word' id='word_1_430' title='bbox 1251 4291 1411 4353; x_wconf 80' lang='lat' dir='ltr'><strong>portio</strong></span> <span class='ocrx_word' id='word_1_431' title='bbox 1451 4290 1520 4340; x_wconf 86' lang='lat' dir='ltr'><strong>ad</strong></span> 
     </span>
    </p>
   </div>
  </div>
 </body>
</html>
