2978 4933
794 354 1056 404 surm..
1107 353 1186 404 m
1239 355 1309 416 Q.
1356 324 1703 405 cuni-ium
1758 353 1899 402 ms.
1950 355 1997 402 ι.
2404 338 2492 405 79

285 499 591 578 magistro,
626 498 895 560 ardorem
925 497 1243 579 prudentia
1271 490 1598 578 temperare
1630 499 1922 560 disceret:
1967 510 2026 558 et
2055 498 2113 557 in
2146 498 2492 578 subigendis

286 597 645 657 Chersonesi
693 597 952 677 oppidis,
1001 607 1242 658 strenua
1290 611 1640 678 promtaque
1668 619 1850 678 opera
1881 598 2007 678 ejus
2039 618 2182 656 usus
2213 607 2350 658 est.c
2429 603 2488 660 4.

286 696 566 756 Ceterum
614 714 752 756 cum
802 694 879 756 ad
938 695 1312 777 Byzantium,
1357 695 1617 757 validam
1668 697 1897 769 urbem,
1943 695 2191 756 haereret
2240 695 2494 768 obsidio,

282 794 510 855 civibus
541 794 781 875 egregie
810 814 917 874 pro
947 794 1217 855 libertate
1246 795 1652 874 pugnantibus
1676 817 1693 867 ;
1742 803 1760 828 ‘
1790 794 1980 876 iisque
2012 793 2208 853 Graeci
2236 792 2501 853 barbari-

284 912 423 972 que,
450 892 667 972 quibus
711 893 1077 955 incrementa
1119 891 1379 973 Philippi
1422 904 1704 972 suspecta
1748 907 1939 967 eraut,
1976 892 2251 953 certatim
2275 890 2496 951 auxilio

283 991 549 1054 venturi'
589 991 1039 1061 nuntiarenturz
1084 990 1401 1072 desperata
1431 991 1701 1064 victoria,
1731 991 1793 1050 id
1823 1006 2006 1051 unum
2035 990 2319 1071 agitabat,
2346 1009 2497 1070 qua-

283 1108 425 1159 nam
453 1089 692 1151 ratione,
711 1109 889 1170 quam
917 1091 1160 1151 minimo
1188 1089 1493 1170 copiarum
1535 1101 1714 1170 atque
1759 1090 1947 1151 same!
1981 1086 2200 1155 damno
2233 1091 2309 1149 ab
2337 1087 2496 1155 obsi·

287 1185 466 1249 dione
497 1187 852 1252 discederet.
936 1192 998 1248 5.
1043 1189 1380 1268 Imperabat
1419 1209 1492 1250 eo
1531 1200 1805 1269 tempore
1837 1183 2032 1261 Getis,
2072 1186 2352 1268 Scythico
2387 1206 2496 1268 po·-

286 1284 453 1364 pu10,
476 1285 742 1347 Atheas:
772 1286 897 1366 qui,
926 1286 1105 1346 armis
1137 1286 1523 1347 Istrianorum
1552 1300 1817 1366 putas,
1847 1283 2126 1346 auxilium
2156 1303 2192 1343 a
2220 1283 2498 1363 Philippo

275 1382 598 1461 petiverat,
651 1402 757 1463 spe
786 1383 1126 1465 adoptionis
1155 1386 1338 1458 facta,
1384 1383 1440 1446 si
1464 1380 1643 1445 fenis·
1672 1380 1958 1445 Getarum
1988 1385 2164 1444 rebus
2195 1401 2500 1444 succurre·

286 1480 426 1541 ret.‘¹
509 1479 676 1542 Idem
706 1500 841 1542 cum
869 1481 1126 1547 hostium
1156 1482 1482 1563 impunes
1503 1480 1888 1555 decessisset,
1909 1480 2057 1542 ⁴belli
2086 1490 2245 1545 metu
2288 1479 2501 1545 libera-e

290 1587 408 1652 tus,
447 1578 822 1642 Macedonas
853 1600 1073 1642 vacuos
1120 1575 1449 1656 remiserat,
1494 1600 1724 1660 negans
1767 1587 1785 1617 ‘
1810 1579 1905 1641 vel
1951 1580 2211 1660 ipsorum
2261 1577 2500 1652 auxilio,

291 1675 736 1757 veladoptione
765 1678 1026 1758 Philippi
1050 1676 1326 1758 eguisse:
1370 1680 1466 1742 cui
1498 1680 1784 1741 adversus
1813 1679 2019 1741 hostes
2053 1678 2199 1737 satis
2238 1674 2503 1757 propria·
2578 1684 2585 1689 “

212 1806 224 1815 ,
291 1793 422 1834 rum
446 1773 679 1848 virium,
723 1782 786 1845 et
819 1776 886 1835 in
935 1776 1378 1839 successionem
1420 1777 1589 1856 regni
1617 1777 1770 1838 filius
1800 1778 2000 1839 esset!
2082 1779 2141 1837 6.
2189 1776 2335 1835 Eam
2366 1775 2500 1841 bare

288 1871 415 1932 bari
456 1870 883 1943 contumeliam
915 1870 1176 1941 ulturum
1215 1875 1410 1936 ferens
1457 1874 1796 1956 Philippus,
1845 1874 2067 1937 omisso
2100 1874 2410 1954 Byzanti0,
2441 1873 2502 1942 in

293 1969 601 2054 Scythiam
630 1969 939 2033 ,mit
988 1991 1226 2052 agmen.
1285 1974 1430 2037 .Ubi
1480 1984 1758 2035 conserto
1803 1973 2030 2054 praeli0,
2075 1993 2209 2033 cum
2259 1989 2505 2031 numero

298 2065 638 2146 superiores
681 2062 919 2151 Scythae
962 2080 1195 2144 essent,
1256 2090 1368 2132 nec
1416 2069 1648 2131 virtutis
1697 2071 2028 2151 poeniteret,
2072 2078 2195 2128 arte
2242 2066 2503 2146 Philippi

294 2154 728 2227 deoffibus
771 2165 1027 2229 ‚victoria
1071 2167 1278 2231 cessit.
1362 2173 1422 2232 ’7.
1467 2169 1658 2249 Cujus
1706 2189 1880 2229 omne
1923 2167 2174 2248 pretium
2200 2184 2504 2249 ‘pecorum

293 2272 699 2346 equorumque
728 2265 967 2329 maximi
997 2287 1234 2349 grege8‚
1277 2281 1340 2331 ,et
1370 2266 1704 2331 infirmioris
1734 2266 1930 2328 aetatis
1961 2285 2258 2346 sexusque
2284 2261 2506 2344 captivi

295 2357 494 2423 fuere:
538 2373 754 2425 ceterae
797 2363 1018 2446 praedae
1063 2366 1212 2428 nibil
1257 2377 1569 2447 exceptum
1599 2376 1731 2427 est:
1766 2365 1995 2446 *quippe
2023 2366 2235 2445 opibus
2266 2362 2504 2424 minime

247 2473 252 2474 ’
298 2458 619 2524 studebant
646 2463 994 2533 Getaezsed
1025 2463 1376 2545 quotidiano
1407 2464 1564 2527 victu
1595 2464 1886 2538 contenti,
1912 2472 2325 2547 paupertatem
2352 2462 2508 2523 inter

296 2558 432 2620 vitae
460 2560 774 2623 commoda
806 2564 1220 2624 numerabant.
1304 2564 1364 2621 8.
1408 2562 1688 2623 Ceterum
1728 2581 1865 2623 cum
1907 2582 1981 2622 ex
2031 2561 2278 2642 Scythia
2306 2575 2504 2640 regre-

299 2654 489 2730 diens,
533 2657 717 2739 longo
746 2659 1299 2740 impedimentorum
1328 2660 1587 2741 agmine,
1636 2679 1743 2739 per
1769 2659 2065 2726 Triballos
2096 2660 2206 2719 iter
2246 2657 2501 2726 faceretz

295 2753 376 2814 illi
422 2757 773 2836 opportunis
826 2758 975 2819 locis
1023 2758 1334 2837 occupatis
1385 2757 1702 2818 transitum
1751 2758 2072 2837 negabant,
2128 2753 2240 2816 nisi
2283 2755 2505 2839 praedes

297 2862 523 2932 partem
549 2856 874 2937 accepturi.
980 2858 1038 2918 9.
1084 2857 1271 2918 Erant
1289 2856 1360 2922 ‚in
1390 2856 1648 2920 exercitu
1677 2856 1934 2936 Philippi
1963 2856 2305 2916 mercenarii
2335 2854 2505 2915 Gree-

300 2966 501 3014 Qorum
529 2952 768 3026 milites,
819 2953 920 3034 qui
964 2965 1024 3015 et
1073 2953 1208 3035 ipsi,
1262 2974 1397 3018 cum
1446 2954 1507 3013 in
1548 2953 1902 3014 discriminis
1922 2964 2158 3033 partem
2185 2952 2508 3026 venissent,

299 3047 739 3114 commodorum
765 3064 1031 3112 exsortes
1077 3052 1282 3113 haberi
1322 3051 1574 3113 moleste
1606 3052 1933 3113 serebant?
2014 3049 2163 3112 lnde
2190 3064 2320 3111 orta
2348 3050 2508 3111 sedi-

297 3144 457 3210 tione
487 3146 565 3206 ad
594 3167 805 3209 manus
835 3158 1077 3210 ventum
1106 3158 1243 3210 est:
1286 3158 1409 3209 tam
1438 3149 1559 3213 acri
1588 3149 1945 3223 certamine,-
1980 3161 2048 3210 ut
2076 3148 2273 3210 multis
2302 3149 2508 3209 utrim-

301 3262 414 3322 que
444 3243 797 3333 cadentibus
826 3247 1004 3312 etiam
1040 3266 1144 3307 rex
1174 3245 1574 3317 sauciaretur:
1619 3245 1952 3309 transfosso
1978 3247 2220 3321 femore,
2269 3246 2508 3316 eodem.-

301 3359 415 3419 que
441 3341 688 3403 vulnere
716 3343 1026 3410 interfecto
1055 3364 1210 3425 equo
1234 3363 1251 3405 ι
1294 3354 1464 3407 tanta
1486 3345 1576 3406 vis
1606 3343 1804 3406 adacti
1833 3346 1957 3420 teli,
2007 3354 2292 3426 tantaque
2320 3344 2506 3405 virtus

187 3493 192 3504 1
302 3437 603 3504 inferentis
628 3440 811 3502 ictum
842 3442 971 3505 fuit.
1048 3445 1143 3503 10.
1178 3441 1266 3503 lbi
1295 3453 1418 3503 tum
1448 3453 1591 3503 ante
1615 3459 1824 3512 omnes
1853 3442 2128 3522 prosiluit
2150 3440 2508 3514 Alexander,

294 3533 709 3617 jacentemque
752 3539 965 3620 clypeo
1011 3550 1354 3621 protegens,
1396 3539 1744 3603 irruentium
1783 3541 1843 3600 in
1891 3560 2028 3601 eum
2076 3540 2224 3601 alios
2266 3539 2505 3612 occidit,

307 3630 450 3692 alios
479 3634 691 3703 avertit
719 3635 777 3695 in
810 3637 1036 3717 fugam.
1126 3639 1221 3698 lta
1266 3638 1373 3700 filii
1421 3639 1645 3720 pietate
1696 3650 1964 3700 servatus
2013 3648 2127 3711 est,
2164 3637 2508 3698 absceden-

307 3727 457 3789 tibus
485 3729 590 3811 qui
617 3735 957 3814 oppressuri
988 3735 1265 3806 fuerant3
1306 3753 1380 3797 eo
1428 3736 1742 3818 promtius,
1789 3735 1951 3816 quod
1980 3734 2350 3798 interfectum
2379 3755 2507 3796 cre·-
2602 3785 2611 3795 .

311 3824 615 3889 diderant.
660 3829 746 3892 sic
796 3832 908 3911 ipsi
953 3830 1214 3895 vulneris
1244 3834 1541 3895 atrocitati
1569 3834 1747 3895 vitam
1775 3833 2049 3895 debuisse
2076 3832 2263 3906 visus,
2306 3834 2511 3894 mortis

311 3922 582 4002 opinione
607 3935 856 4002 mortem
886 3927 1133 4009 effugit:
1164 3929 1368 4011 proeda
1394 3930 1549 3991 inter
1575 3933 2130 4020 consternationem
2146 3931 2367 3991 amissa
2394 3941 2509 4022 est.

319 4020 406 4078 11.
451 4022 726 4085 Ceterum
754 4041 828 4084 ex
855 4025 1093 4140 vulnere
1122 4028 1461 4094 claudicare
1513 4027 1803 4105 coactus,¹
1837 4049 1973 4091 cum
2023 4030 2191 4097 initio
2216 4050 2349 4097 eam
2378 4050 2509 4096 cor

376 4184 621 4239 wastin.
645 4202 724 4241 ιι.
751 4193 800 4239 1.
859 4199 862 4200 ’
1456 4193 1793 4261 Ctesiphont-
1930 4231 1935 4234 <

365 4260 401 4299 δ
430 4262 623 4319 sustin.
669 4280 753 4319 rx.
791 4270 841 4321 2.
883 4267 1155 4325 AEschines
1200 4276 1390 4329 contr.-
1517 4280 1541 4308 ‘
1573 4271 1723 4327 Curt.
1749 4268 2446 4332 v111.1.21.Justiu.1x.a
