2978 4933
379 464 384 473 ,
443 394 456 400 ’
507 397 642 462 132
862 470 866 474 ,
1312 412 1371 458 J.
1423 382 1928 460 rRmNsnEM'u

521 566 627 616 aut
649 555 708 614 in
738 554 1061 636 proximam
1089 552 1281 614 lucem
1312 553 1386 614 de
1417 573 1489 614 eo
1514 555 1865 616 certandum
1893 554 2066 615 esse!
2132 555 2222 616 16.
2268 553 2390 616 Sed
2421 556 2520 635 qui
2551 556 2609 615 in
2637 556 2707 617 ci·

519 654 700 715 vitate
749 662 942 726 erant,
990 652 1240 732 primum
1295 652 1703 714 invadentium
1758 654 2041 732 impetum
2086 653 2311 715 fortiter
2355 651 2709 718 retuderunt»

517 751 689 812 caesis
718 750 870 811 inter
896 749 1041 810 alios
1069 748 1302 810 duobus
1328 750 1656 811 Hellanicae
1685 752 1844 822 filiis,
1868 771 2003 830 quae
2032 750 2228 812 nutrix
2250 749 2572 811 Alexandri
2595 751 2708 811 fue-

517 858 629 921 rat,
658 858 719 908 et
748 847 1021 920 Clitum,⁰
1064 850 1165 928 qui
1215 868 1351 928 rege
1381 859 1616 910 servato
1655 850 1927 909 eximium
1972 848 2159 911 decus
2206 847 2435 919 meruit,
2477 848 2706 907 fratrem

513 944 791 1005 habebat.
882 948 974 1006 17.
1017 945 1138 1005 Sed
1167 964 1300 1004 curn
1332 946 1533 1007 dolore
1561 947 1764 1025 iraque
1791 945 2017 1006 incensi
2045 945 2249 1005 hostes
2279 944 2573 1005 machinis
2612 945 2708 1003 ad-

517 1042 695 1102 motis
724 1062 999 1123 magnam
1027 1063 1322 1103 murorum
1350 1053 1578 1124 partem
1621 1042 1999 1122 dejecissent,
2035 1041 2277 1121 jamque
2318 1041 2381 1101 in
2432 1040 2706 1121 oppidum

515 1140 792 1220 irrupturi
837 1140 1194 1214 viderentur,
1242 1141 1697 1223 conspectisque
1738 1142 1796 1201 in
1824 1150 1995 1220 portu
2041 1140 2440 1200 Macedonum
2470 1138 2708 1198 trire‘miae

512 1238 653 1308 bus,
702 1256 891 1298 novus
937 1249 1123 1298 terror
1162 1240 1493 1318 ingrueret;
1537 1258 1673 1318 pars
1712 1238 1891 1299 scutis
1917 1241 1943 1276 Ρ
1987 1238 2337 1298 incubantes
2382 1237 2441 1295 in
2477 1254 2707 1315 parvam

513 1335 770 1396 insulam
797 1335 930 1396 ‘urbi
959 1336 1323 1416 objacentem
1348 1345 1756 1407 enataverunt,
1787 1335 1887 1397 alii
1917 1335 2154 1415 scaphis
2181 1333 2552 1407 conscensis,
2583 1352 2708 1394 cum

403 1484 412 1497 ,
516 1432 676 1492 idem
721 1432 1087 1506 molirentur,
1138 1433 1199 1492 in
1249 1434 1377 1514 ipso
1422 1445 1629 1514 portus
1672 1433 1834 1494 aditu
1863 1435 1937 1494 ab
1965 1433 2221 1493 hostium
2252 1431 2504 1510 navigiis
2533 1432 2710 1509 inter-

449 1568 457 1572 -
513 1529 673 1609 cepti
714 1539 875 1588 sunt.
930 1532 1059 1589 ·18.
1101 1529 1457 1603 Alexander,
1500 1530 1720 1611 oppido
1746 1531 1806 1589 in
1838 1539 2190 1610 potestatem
2217 1528 2478 1599 redacte,
2506 1540 2711 1588 contra

513 1644 616 1686 eos
661 1627 762 1706 qui
809 1626 1062 1687 insulam
1105 1630 1388 1688 tenebant
1419 1647 1602 1688 naves
1642 1627 1900 1708 expediri
1947 1626 2149 1706 jussit,
2182 1626 2393 1706 quibus
2420 1626 2711 1706 impositae

516 1722 704 1802 proris
735 1723 914 1783 scalae
936 1723 1291 1797 ferebantur,
1319 1736 1386 1784 ut
1413 1725 1471 1784 in
1502 1727 1811 1806 abruptam
1839 1724 2050 1784 insulae
2080 1738 2264 1795 oram,
2292 1723 2454 1783 velut
2480 1722 2543 1782 in
2590 1744 2713 1784 mu-

517 1838 616 1879 ros
644 1820 872 1882 hostilis
901 1821 1124 1903 oppidi,
1153 1823 1596 1883 transcenderet
1620 1822 1809 1883 miles.
1901 1823 1994 1882 19.
2036 1823 2118 1882 At
2152 1841 2284 1881 cum
2321 1821 2711 1882 mercenarios

518 1913 787 1989 GraecoS‚
818 1919 916 1996 qui
943 1938 1014 1979 eo
1043 1919 1454 1998 confugerant,
1485 1920 1747 1998 quamvis
1780 1917 1938 1980 haud
1959 1919 2156 1998 plures
2185 1918 2460 1978 trecentis
2489 1929 2715 1989 essent,

514 2011 724 2073 ultima
744 2015 866 2094 pati
893 2028 1130 2097 paratos
1161 2017 1548 2097 conspiceret,
1589 2017 1861 2077 misertus
1911 2017 2163 2077 virorum
2204 2015 2463 2088 fortium,
2514 2026 2578 2075 et
2618 2018 2714 2094 qui

512 2131 620 2191 pro
661 2111 778 2173 fide
820 2114 880 2173 in
923 2132 1051 2188 εοε,
1081 2133 1117 2173 a
1144 2115 1354 2193 quibus
1381 2115 1662 2176 conducti
1690 2124 1877 2186 erant,
1908 2114 2068 2175 haud
2098 2114 2303 2192 procul
2332 2114 2512 2175 exitio
2542 2116 2712 2174 abes-

514 2219 669 2282 sent,
714 2209 784 2268 iis
833 2211 1117 2292 pepercit,
1157 2222 1219 2272 et
1257 2217 1273 2248 ‘
1298 2232 1499 2273 secum
1544 2206 1826 2274 militare'
1861 2211 2091 2291 jussus
2171 2212 2271 2272 20.
2315 2212 2611 2273 Barbaros
2654 2213 2709 2270 in

514 2308 659 2366 urbe
683 2307 1081 2389 deprehensos
1111 2309 1171 2369 in
1201 2310 1539 2370 servitutem
1569 2309 1826 2389 redegit;
1861 2308 2130 2379 Milesiis,
2149 2308 2248 2387 qui
2278 2309 2714 2386 superfuerant,

517 2404 847 2465 libertatem
878 2406 1152 2479 restituit,
1182 2409 1259 2466 ob
1287 2420 1541 2468 veterem
1571 2407 1729 2468 urbis
1759 2405 2048 2486 gloriam-¹³
2121 2407 2375 2465 Tantum
2404 2407 2563 2466 enim
2607 2408 2712 2468 ali-

516 2503 756 2584 quando
785 2505 993 2585 opibus
1023 2506 1336 2586 gloriaque
1375 2504 1620 2570 Miletus
1670 2505 1966 2576 floruerat,
2022 2514 2089 2564 ut
2137 2523 2240 2583 per
2286 2503 2481 2563 vicina
2527 2507 2715 2564 maria

516 2602 1102 2683 supraseptuaginta
1131 2603 1396 2664 colonias
1427 2601 1795 2665 deduxeritz⁸
1866 2603 1964 2661 21.
1994 2601 2194 2661 multis
2218 2620 2452 2681 quoque
2476 2602 2713 2662 civibus

516 2699 754 2773 nobilis,
783 2701 882 2783 qui
911 2702 969 2762 in
1002 2702 1184 2762 sacris
1214 2703 1635 2764 certaminibus
1661 2695 1916 2781 palmam
1945 2700 2160 2779 adepti,
2206 2698 2413 2778 patriae
2459 2699 2710 2760 celebri-

512 2806 695 2855 tatem
725 2808 1044 2857 auxerant:
1076 2817 1213 2857 nam
1240 2799 1531 2878 ejusmodi
1558 2799 1839 2872 victoriae,
1868 2817 2027 2859 more
2053 2796 2311 2876 quodam
2341 2795 2711 2870 Graecorum,

514 2892 665 2950 inter
691 2892 877 2971 prima
905 2894 1134 2954 virtutis
1165 2894 1380 2954 decora
1402 2908 1699 2955 censetur.
1763 2898 1861 2955 22.
1905 2896 1972 2953 In
2002 2913 2172 2973 quem
2186 2892 2424 2972 jocatus
2454 2893 2714 2952 Alexan-

515 2988 640 3061 der,
666 3009 884 3069 magna
911 2990 1287 3051 multitudine
1319 3003 1644 3053 statuarum
1681 2989 2041 3071 conspecta,‘
2080 2998 2096 3025 ‘
2118 2990 2232 3050 Ubi
2263 3002 2431 3050 erant
2459 2989 2710 3050 istorum

511 3084 755 3160 lacerti,'
781 3086 992 3165 inquit,
1024 3092 1042 3120 ‘
1060 3104 1193 3145 cum
1225 3087 1536 3148 Persarum
1550 3088 1762 3168 jugum
1789 3088 2136 3168 recepistis?
2156 3086 2170 3112 '
2196 3088 2414 3168 quippe
2447 3086 2532 3146 vir
2559 3095 2711 3147 stre-

511 3192 779 3258 nuu8‚'et
806 3183 880 3242 ad
908 3184 1168 3245 bellandi
1199 3205 1373 3245 usum
1401 3196 1618 3245 cuncta
1647 3185 1922 3257 referens,
1945 3185 2397 3264 ignominiosum
2425 3182 2709 3255 ducebat,

512 3276 777 3339 debitum
821 3282 984 3342 seriis
1034 3283 1447 3343 certaminibus
1496 3284 1692 3357 robur,
1740 3283 1815 3342 ad
1865 3283 2228 3361 voluptatem
2275 3279 2474 3340 inertis
2519 3279 2712 3359 vulgi,

507 3375 669 3434 inani
697 3379 1090 3440 ostentatione
1118 3375 1483 3440 consumere.
1571 3382 1666 3440 23.
1713 3380 1944 3439 Interea
1972 3380 2205 3449 militeS,
2233 3378 2374 3457 quia
2400 3377 2456 3435 vi
2499 3376 2710 3436 introi-

510 3487 634 3534 tum
683 3487 829 3549 erat,
878 3477 1050 3536 obvia
1097 3463 1351 3557 quaeque
1400 3477 1765 3559 diripienteS,
1811 3475 1887 3536 ad
1937 3476 2138 3535 fanum
2168 3473 2398 3533 Cereris
2422 3491 2709 3552 pervene-

507 3582 642 3635 rant
667 3577 720 3632 :¹¹
775 3575 934 3652 quod
980 3595 1114 3635 cum
1166 3576 1547 3655 exspoliaturi
1578 3574 1818 3654 quidam
1847 3572 2210 3652 irrupissent,
2236 3570 2390 3650 ignis
2419 3590 2492 3630 ex
2519 3579 2708 3649 pene-⁴

506 3674 754 3733 tralibus
781 3672 942 3742 =aedis
987 3681 1229 3752 repente
1258 3672 1517 3733 emicans
1548 3671 1964 3750 sacrilegorum
1995 3669 2200 3731 oculos
2246 3666 2510 3728 extinxit.
2599 3670 2705 3727 24.

510 3769 626 3829 Hic
652 3772 825 3830 etiam
859 3771 1297 3851 progenitorum
1316 3789 1556 3830 suorum
1576 3778 1957 3829 monumenta
1981 3765 2317 3827 Alexander
2344 3765 2576 3845 reperit,
2612 3766 2706 3823 in-

417 3929 422 3934 ,
514 3877 719 3945 specto
763 3867 945 3939 fonte,
989 3868 1158 3948 cujus
1194 3887 1351 3948 aqua
1378 3888 1448 3929 ex
1479 3867 1610 3949 ipso
1639 3864 2010 3944 scaturiginis
2039 3864 2206 3924 labro
2232 3863 2447 3923 hausta
2475 3862 2704 3921 salsum

572 4071 596 4096 ⁰
630 4064 778 4114 Cur-t.
800 4079 919 4115 vm.
940 4072 988 4117 2.
1008 4073 1056 4118 8.
1709 4076 1726 4100 ⁸
1757 4066 1933 4117 Strab.
1957 4081 2008 4130 p.
2031 4070 2145 4115 635.
2199 4064 2338 4115 Ptin.
2363 4075 2399 4112 1.
2421 4066 2500 4111 29.
2528 4065 2605 4111 15.

574 4147 599 4179 Ρ
638 4140 839 4190 Arrian.
862 4156 897 4190 r.
920 4147 1000 4192 20.
1708 4148 1724 4177 ⁸
1757 4146 1902 4194 Plut.
1926 4144 2193 4207 Apophtb.
2213 4157 2259 4191 c.
2276 4146 2358 4191 37.

574 4226 598 4258 «ι
636 4218 714 4268 ld.
740 4219 775 4265 l.
800 4219 831 4267 1.
1704 4231 1727 4256 ¹¹
1763 4213 1939 4272 valer.
1966 4222 2108 4270 Max.
2132 4233 2165 4269 ι.
2194 4223 2240 4269 1.
2276 4218 2491 4268 Extern.
2514 4221 2562 4264 5.

571 4303 591 4328 r
623 4293 826 4346 Arrian.
852 4298 885 4346 1.
911 4297 947 4346 l.
1000 4296 1151 4350 Diod.
1179 4310 1317 4350 xvn.
1343 4300 1525 4360 p.573.
