2978 4933
851 386 968 433 οι.
1015 382 1198 434 exn.
1244 369 1308 434 1.
1384 385 1457 432 A.
1502 384 1621 433 cn.
1669 384 1741 432 N.
1785 366 1935 433 332.
2361 367 2492 433 249

303 527 496 608 tore3'
539 532 595 593 'e
644 528 887 612 quibus
917 529 1105 613 Tyrii
1152 529 1419 594 duobus
1450 529 1693 612 captiS,
1725 534 1943 593 cetera
1971 527 2215 609 ingenti
2243 533 2492 593 terrue-

301 639 451 695 rant
486 638 712 695 metu:
759 630 973 696 donec
1005 651 1274 695 suorum
1306 632 1593 696 clamore
1622 630 1853 695 audito
1886 629 2292 708 Alexander,
2316 631 2492 695 clas-

299 752 444 795 sem
478 733 709 810 littori,
741 752 780 796 e
810 752 944 817 quo
973 732 1281 798 fremitus
1311 731 1701 810 acciderats
1723 732 2041 798 admovit.
2105 735 2170 798 7.
2202 732 2491 797 Primae

301 835 757 902 Macedonum
785 835 1070 901 navibus
1099 836 1598 919 quinqueremis
1631 837 1990 901 velocitate
2035 836 2201 900 inter
2229 842 2490 901 ceteras

297 937 596 1002 eminens
623 941 955 1004 occurrit:
1001 958 1205 1021 quam
1230 946 1301 1002 ut
1332 957 1749 1022 conspexere
1779 938 1991 1027 Tyrii,
2014 938 2164 1003 duee
2195 957 2234 1000 e
2275 937 2492 1003 diver-

301 1059 381 1104 so
412 1041 482 1104 in
527 1041 738 1106 latera
783 1041 930 1125 ejus
973 1041 1255 1106 invectae
1306 1047 1501 1119 sunt3
1544 1041 1615 1104 in
1662 1060 1936 1124 quarum
1985 1040 2265 1104 alteram
2296 1040 2495 1123 quin-

297 1145 640 1225 queremis
668 1143 904 1208 eadem
936 1145 1294 1219 concitata,
1320 1147 1388 1206 et
1414 1143 1574 1226 ipsa
1601 1151 1816 1208 rostro
1834 1139 1857 1180 f
1890 1143 2027 1208 icta
2058 1150 2181 1218 est,
2213 1151 2281 1207 et
2310 1144 2490 1208 illam

296 1246 586 1311 invicem
604 1248 858 1311 tenuit.t
939 1245 1007 1311 8.
1051 1246 1343 1330 Jamque
1366 1266 1472 1325 ea,
1508 1267 1660 1331 quae
1690 1266 1822 1313 non
1850 1246 2257 1323 cohaerebat,
2284 1247 2492 1311 libero

297 1348 557 1431 impetu
585 1356 841 1426 evecta,
887 1348 953 1412 in
993 1348 1179 1412 aliud
1228 1348 1728 1433 quinqueremis
1758 1349 1934 1413 latus
1973 1348 2495 1429 invehebatur;'·

298 1470 456 1518 cum
486 1451 990 1534 opportunitate
1017 1452 1188 1515 mira
1217 1452 1505 1515 triremis
1531 1470 1570 1515 e
1599 1451 1819 1516 classe
1849 1450 2217 1515 Alexandri
2244 1453 2313 1514 in
2346 1471 2495 1515 eam

265 1564 272 1569 ’
299 1554 546 1636 ipsam,
569 1573 721 1636 quae
755 1552 1225 1637 quinqueremi
1268 1555 1681 1632 imminebat,
1709 1561 1902 1619 tanta
1926 1554 1997 1617 vi
2042 1553 2341 1636 impulsa
2369 1560 2495 1631 est,

300 1662 373 1721 ut
425 1655 674 1740 Tyrius
733 1657 1127 1738 gubernator
1168 1657 1239 1721 in
1297 1677 1478 1723 mare
1527 1663 1947 1722 excuteretur
2011 1676 2050 1720 e
2100 1657 2342 1741 puppi.
2429 1658 2494 1722 9.

301 1759 541 1822 Plures
592 1757 836 1822 deinde
896 1758 1355 1824 Macedonum
1412 1760 1622 1825 naves
1681 1760 2185 1843 superveniunt,
2245 1767 2313 1824 et
2371 1779 2494 1824 rex

300 1878 572 1944 quoque
603 1859 876 1941 aderat;
926 1881 1080 1925 cum
1107 1862 1297 1948 Tyrii
1339 1863 1713 1928 inhibentes
1741 1870 1767 1908 ⁸
1812 1860 2061 1937 remis‚·‘
2095 1865 2277 1943 'aegre
2316 1862 2494 1926 evel-

298 1965 434 2028 lere
461 1983 702 2028 navem
731 1984 886 2047 quae
914 1964 1232 2046 haerebat,
1261 1973 1670 2050 portumque
1687 1963 1715 2002 ¹¹
1744 1964 1968 2029 omnia‘
1993 1963 2196 2036 simul
2222 1964 2497 2046 navigia

354 2142 388 2207 ιζ
421 2146 557 2196 Unde
576 2148 751 2197 clamor
770 2149 833 2198 ad
857 2148 1010 2212 ipsum
1036 2156 1336 2213 pervenerat.
1635 2157 1663 2192 t
1695 2149 1811 2213 Ipsa
1825 2162 2048 2212 pereussa
2069 2152 2142 2197 est
2176 2146 2337 2212 Tyrioe
2359 2144 2496 2195 nevis

293 2222 441 2270 prora
477 2216 685 2261 rostrata
696 2228 717 2271 ,-
748 2215 832 2262 sed
864 2214 998 2264 illum
1028 2214 1241 2265 vicissim
1275 2216 1546 2280 harpagone
1566 2214 1815 2277 corripuit.

362 2273 389 2306 ¹·
420 2275 593 2327 Altera
630 2278 864 2343 triremis,
898 2295 1003 2343 quoe
1032 2279 1277 2344 implicatu
1306 2297 1400 2334 non
1419 2286 1548 2341 emt,
1568 2279 1713 2329 libero
1733 2292 1872 2328 cum
1892 2278 2196 2334 circumactu,
2218 2276 2272 2326 in
2291 2276 2497 2326 nuere-n

297 2340 643 2404 quinqueremis
661 2344 980 2395 Macedonio-<e
1000 2347 1126 2395 latus
1144 2346 1328 2397 ruebat.
1496 2343 1512 2378 ⁶
1546 2345 1715 2396 Remos
1735 2345 1785 2394 in
1805 2342 2098 2394 contrarium
2114 2347 2365 2393 vertentes.

1218 2499 1278 2519 Ν
1281 2498 1576 2520 OOOOOOOOOO
1919 2505 1949 2526 ⁸

295 2612 427 2680 ribus
454 2613 688 2676 remigiis.
752 2614 981 2667 Floreat.
1007 2615 1155 2666 Leid.
1182 2618 1350 2681 Boug.
1376 2615 1546 2678 Lugd.
1585 2620 1640 2665 et
1671 2613 1835 2664 Amat.
1860 2616 2130 2662 terruerunt
2146 2627 2167 2669 ‚-
2198 2611 2349 2660 Voss.
2376 2615 2420 2661 1.
2443 2615 2493 2662 2.

295 2683 526 2729 terruere.
590 2680 739 2730 Voss.
765 2685 812 2731 l.
841 2681 1089 2744 proemitus
1110 2682 1414 2738 «recideram,-
1437 2682 1604 2743 Bong.
1626 2680 1856 2728 Florent.
1880 2686 1933 2727 et
1961 2677 2106 2727 Leid.
2124 2675 2354 2736 fremitus
2373 2677 2496 2723 acei-

296 2745 584 2793 dcrunl.—-⁷
622 2745 788 2794 Primo
812 2748 941 2795 Mae.
995 2745 1114 2795 Pal.
1138 2751 1185 2796 1.
1220 2746 1388 2795 Prima
1408 2759 1440 2793 (ι
1477 2745 1612 2795 Mac.
1634 2743 1783 2793 multi
1808 2743 1959 2792 codd.
1981 2756 2096 2790 cum
2127 2739 2356 2789 Freinsh.
2379 2739 2498 2788 Cel·

298 2809 395 2857 lar.
417 2808 580 2858 Snak.
604 2817 659 2859 et
683 2812 843 2860 Cunz.
905 2812 1079 2864 Prima
1099 2826 1124 2860 e
1145 2811 1278 2861 Mac.
1328 2810 1563 2859 Florent.
1604 2808 1748 2858 Leid.
1784 2808 1933 2860 Voss.
1977 2811 2023 2855 l.
2074 2804 2168 2855 Ed.
2198 2818 2280 2868 pr.
2302 2804 2498 2855 Venet.

301 2873 454 2921 Rom.
476 2875 671 2926 Veron.
710 2875 831 2926 Ald.
859 2876 1025 2925 Colin.
1061 2875 1261 2939 Gryph.
1285 2875 1396 2925 Col.
1433 2874 1556 2924 Bas.
1594 2875 1731 2925 Mer.
1757 2873 1907 2925 Junt.
1931 2871 2100 2921 Amet.
2128 2868 2297 2932 Lugd.
2320 2869 2501 2919 Maitt.

296 2938 425 2987 Tell.
449 2938 637 2990 Pitiec.
660 2941 780 3004 Bip.
809 2946 866 2990 et
892 2940 1078 2990 Bothe.
1147 2940 1306 3005 Tyriae
1330 2941 1460 2989 Dan.
1484 2940 1717 2990 Florent.
1747 2936 1893 2989 Leid.
1916 2943 1972 2987 et
1994 2936 2147 2985 Voss.
2173 2939 2220 2984 1.
2243 2938 2293 2984 2.
2362 2934 2501 2998 Tyrii

297 3004 390 3051 duo
429 3003 547 3052 Pal.
571 3009 621 3052 1.
655 3020 717 3055 ex
736 3007 919 3055 dinem
945 3006 1110 3069 Βοῦς.
1132 3005 1366 3056 Floreat.
1402 3011 1458 3054 et
1482 3004 1631 3055 Leid.
1654 3004 1834 3054 eivem
1869 3003 2007 3052 Mer.
2063 2998 2502 3063 Praepositionem

299 3067 498 3119 omittit
519 3069 672 3119 voss.
699 3075 745 3120 1.
794 3070 1141 3133 quinqueremis
1161 3070 1265 3134 ipen
1299 3071 1536 3119 concitata
1572 3071 1723 3119 Voss.
1745 3072 1795 3118 2.
1861 3072 2014 3116 rostro
2034 3064 2150 3126 jota
2170 3070 2243 3114 est
2268 3063 2415 3114 Leid-
2437 3068 2500 3139 .1.

297 3138 426 3182 rosto
446 3132 581 3193 jacta
602 3139 675 3184 eet
698 3135 966 3185 Leidensis
989 3137 1236 3185 alten—8
1271 3136 1504 3185 Florent.
1528 3142 1585 3185 et
1606 3133 1752 3184 Leid.
1773 3132 2067 3197 quolam-ebul
2080 3148 2100 3190 ,·
2133 3129 2288 3180 Vuae.
2305 3133 2351 3178 1.
2371 3144 2500 3188 euto-

299 3198 511 3248 herebat
533 3199 566 3248 Ι.
587 3198 624 3249 i.
647 3201 754 3250 lacu
776 3206 936 3251 evecta
948 3216 967 3258 ,-
1002 3201 1234 3250 Florent.
1258 3206 1315 3250 et
1338 3200 1486 3250 Leid.
1516 3199 1719 3250 invecta.
1783 3199 1937 3247 Voss.
1960 3202 2010 3246 2.
2045 3197 2170 3246 latus
2190 3194 2498 3244 invehebatur

299 3264 662 3327 quinqueremis.
729 3263 871 3316 Pitb.
904 3266 1028 3314 mira
1049 3266 1151 3330 tyri
1169 3266 1330 3315 remis.
1397 3266 1536 3315 Mer.
1570 3280 1663 3329 qua
1684 3262 2027 3328 quinqueremis
2048 3258 2338 3310 imminebat.
2383 3259 2499 3307 Flo-

301 3336 437 3377 rent.
464 3329 609 3379 Leid.
632 3329 766 3380 Voss
788 3335 835 3380 l.
859 3338 915 3380 et
943 3333 1081 3379 Dan.
1104 3330 1352 3381 omittunt
1380 3330 1580 3393 inpulsa
1614 3335 1705 3390 eet,
1746 3328 1838 3377 sed
1879 3327 1934 3375 in
1966 3329 2102 3375 Dan.
2136 3338 2233 3386 sup
2274 3324 2501 3373 letan-

300 3397 333 3441 9
366 3394 515 3443 Voss.
542 3397 586 3444 1.
613 3402 669 3445 et
694 3396 862 3459 vulgg.
885 3411 916 3445 a
939 3395 1119 3445 Modio
1152 3410 1312 3460 usque
1352 3394 1416 3444 ad
1450 3394 1680 3446 Freineh.
1717 3392 1981 3441 inhibentes
2015 3404 2198 3445 remos,-
2282 3386 2499 3437 cidelius

301 3459 438 3523 conj.
477 3459 735 3511 innitentes
772 3460 934 3523 remis,
968 3459 1295 3527 improbante
1333 3458 1701 3532 Freinshemio.
1782 3458 1931 3507 Voss.
1966 3461 2016 3505 2.
2059 3454 2268 3504 ευιιῑσενε
2298 3466 2499 3509 nacon,-

1293 3621 1510 3673 NoTAE

369 3752 391 3785 f
421 3754 616 3820 Rostro]
650 3755 876 3805 Navium
902 3770 1074 3821 prora,
1101 3755 1221 3821 quia
1254 3771 1360 3806 aere
1442 3771 1527 3806 sus
1550 3755 1778 3816 sistitur-3
1800 3752 1882 3805 vel
1903 3752 1964 3802 iis
1983 3764 2190 3815 proram
2208 3765 2388 3801 versus
2406 3751 2501 3801 im-

302 3830 509 3881 ferrove
538 3832 804 3882 obarmata
837 3833 888 3881 iu
920 3847 1137 3883 acumen
1159 3833 1361 3883 desine·
1441 3834 1604 3900 pulsis
1628 3833 1771 3882 navis
1794 3831 1846 3881 in
1872 3830 2083 3894 puppim
2104 3829 2297 3892 agitur.

303 3906 414 3969 bat,
438 3922 540 3972 quo
575 3908 791 3958 bosticae
825 3909 1228 3973 impetebantur,
1249 3924 1358 3959 roe·
1506 3908 1529 3941 ¹¹
1555 3909 1781 3972 Portum]
1804 3905 2083 3956 Geminum
2100 3904 2269 3967 Tyrus
2290 3909 2502 3967 portum

305 3989 440 4036 trum
480 3986 747 4049 appellata
775 3993 874 4050 est,
899 3988 1058 4038 ducta
1089 4002 1156 4037 ex
1177 3987 1359 4037 avibus
1436 3984 1652 4046 habuit3
1687 3981 2005 4048 AEgyptium‚
2040 3979 2179 4045 quod
2218 3978 2503 4043 AEgyptum

309 4061 660 4112 similitudine.
1439 4068 1737 4128 spectarem
1790 4059 2076 4116 sidonium,
2119 4056 2254 4122 quod
2306 4056 2499 4105 Sidone

369 4146 395 4182 2
416 4138 709 4203 [inhibentes]
735 4124 980 4190 Inhibere
1003 4139 1159 4190 remis
1179 4138 1361 4190 dicun·
1441 4140 1715 4190 venientes
1757 4136 2060 4200 exciperet:
2115 4133 2315 4183 medius
2362 4132 2501 4182 inter

312 4221 412 4277 tur,
432 4231 549 4266 cum
573 4217 655 4266 vel
686 4217 947 4281 depressis
983 4217 1034 4267 in
1070 4232 1251 4283 aquam
1281 4232 1362 4268 re·
1440 4224 1718 4281 utrumque
1739 4227 1899 4278 agger
1919 4211 2222 4275 interjectus
2243 4215 2344 4261 est.
2412 4209 2501 4259 De

314 4306 503 4345 morum
525 4295 764 4360 palmulis
785 4296 1064 4348 concitatae
1088 4296 1230 4347 navis
1247 4311 1364 4348 cur·
1442 4294 1658 4348 Sidonio
1677 4300 1830 4360 portu
1851 4303 1986 4341 nunc
2010 4288 2197 4352 agitur.
