2978 4933
463 383 596 451 284
921 401 989 461 q.
1037 396 1300 449 cunm
1349 399 1532 450 num
1583 401 1730 448 mn.
1777 400 1881 450 lv,
1927 400 2094 451 em.
2135 386 2201 452 8.

467 545 592 610 diti
605 546 776 611 tanti
804 546 1078 611 sceleris
1108 552 1442 612 auctores.
1531 546 1636 611 11.
1683 544 2153 611 Andromacho
2175 545 2417 610 deinde
2446 545 2523 610 Μ
2527 567 2664 612 em-

464 666 647 714 nona
666 648 1055 716 substituit:
1103 648 1372 715 affectis
1400 650 1764 733 supplicio,
1791 649 1911 733 qui
1942 654 2291 732 praetorem
2322 650 2666 715 intereme-

466 758 638 817 rant.
723 752 1094 837 Tyr-annos,
1139 754 1314 818 inter
1359 773 1476 818 eos
1509 753 2118 838 Methymnaeorum
2140 759 2168 789 ⁰
2198 750 2666 818 Aristonicum

468 860 539 920 et
569 854 1032 940 chrysolaum,
1063 857 1506 942 popularibus
1531 857 1675 920 suis
1717 855 2027 921 tradidit:
2071 876 2242 940 quos
2273 857 2374 920 illi
2412 859 2481 941 [e
2521 876 2671 920 mu-

466 957 639 1039 risJJ'
667 960 758 1023 ob
805 958 1089 1042 injurias
1132 965 1371 1038 tortOS‚
1419 965 1852 1026 necaverunt.
1938 961 2045 1026 12.
2089 958 2607 1025 Atheniensium
2628 966 2670 994 '⁷

466 1059 705 1125 deinde
737 1059 1155 1127 Rhodiorum
1179 1063 1371 1146 [que]
1398 1069 1469 1128 et
1499 1061 1817 1127 Chiorum
1857 1063 2114 1147 legatos
2159 1062 2363 1128 audit.
2452 1059 2671 1127 Athe-

464 1163 732 1228 nienses
763 1169 782 1201 ‘
805 1163 1192 1230 victoriam'
1221 1163 1762 1248 gratulabantur:
1809 1171 1900 1242 et,
1955 1177 1972 1202 ‘
1996 1171 2071 1230 ut
2113 1167 2414 1250 captivi¹
2472 1164 2671 1230 Grae-

464 1285 698 1331 eorum
739 1267 884 1332 suis
942 1267 1488 1345 restituerentur,’
1542 1269 1857 1334 orabant:
1915 1268 2169 1334 Rhodii
2213 1275 2282 1333 et
2335 1267 2495 1334 chii
2541 1268 2669 1332 ‘de

464 1369 787 1452 praesidio
809 1368 824 1395 ⁹
870 1371 1354 1452 querebantur:
1399 1390 1638 1436 omnes
1689 1390 1797 1450 ea,
1841 1391 1997 1456 quae
2031 1371 2461 1436 desiderarey
2504 1370 2666 1446 visi,

463 1471 1000 1555 impetraverunt.
1087 1473 1194 1539 13.
1239 1472 1660 1558 Mithylaenis
1683 1480 1706 1508 ⁸
1754 1493 2044 1559 quoque,
2076 1475 2168 1538 ob
2206 1473 2546 1556 egregiam
2598 1473 2672 1536 in

466 1583 695 1658 partes
725 1595 887 1641 suas
929 1576 1153 1656 fidem,
1182 1583 1250 1642 et
1291 1578 1671 1661 pecuniam,
1701 1597 1904 1662 quam
1934 1579 2005 1642 in
2035 1577 2289 1642 bellum
2320 1573 2672 1660 impende-

441 1683 634 1756 ·rant,
655 1679 991 1763 [obsides]
1019 1680 1333 1759 reddidit,
1364 1686 1433 1746 et
1459 1701 1774 1761 maguam
1801 1680 2132 1764 regionem
2152 1678 2397 1745 finibus
2426 1697 2669 1744 eorum

661 1773 680 1805 s

1380 1856 1751 1878 OONMO‘O

465 1971 575 2020 ime.
639 1970 775 2021 Mer.
815 1974 961 2024 cedis
994 1975 1349 2024 meone—11
1387 1971 1529 2024 Pith.
1570 1973 1849 2029 Meamne:
1895 1969 2045 2022 Leid.
2082 1970 2349 2020 Nemmma.
2416 1967 2672 2018 Blancar-

464 2034 562 2084 dus
586 2050 651 2084 ex
674 2035 883 2086 Art-ian.
901 2052 965 2088 n.
986 2044 1065 2089 13.
1087 2043 1137 2088 9.
1170 2039 1413 2089 emendat
1438 2039 1686 2096 Menona:
1738 2038 1828 2087 sed
1865 2035 1982 2086 vide
2006 2051 2163 2100 supra
2201 2034 2264 2084 ad
2304 2036 2488 2085 Nostr.
2514 2046 2591 2082 w.
2622 2038 2670 2082 1.

461 2104 508 2149 4.
545 2100 819 2165 affectisque
838 2104 1067 2167 supplicio
1088 2105 1319 2154 Florent.
1342 2111 1397 2153 et
1419 2103 1566 2153 Leid.
1635 2103 1871 2167 Tyrannin
1892 2102 2008 2152 Pal.
2026 2106 2073 2151 1.
2095 2102 2309 2164 interque
2329 2116 2407 2150 eos
2428 2099 2669 2149 Floreat.

463 2171 519 2214 et
545 2165 692 2215 Leid.
741 2168 871 2217 inter
889 2183 1049 2232 eosque
1086 2170 1259 2233 Bong.
1297 2184 1375 2218 eos
1414 2168 1566 2218 deest
1591 2168 1641 2218 in
1665 2170 1817 2218 Voss,
1842 2172 1887 2217 l.
1940 2171 2099 2229 itaque
2132 2182 2208 2215 eos
2245 2169 2393 2215 Voss.
2430 2169 2481 2214 2.
2532 2164 2671 2213 inter

463 2245 579 2292 quos
622 2232 788 2295 Lugd.
857 2233 1038 2283 interea
1077 2233 1245 2283 Amst.
1311 2235 1672 2283 Medimmumm
1710 2233 1825 2283 Pal.
1863 2236 1912 2281 1.
1978 2232 2379 2281 Mechimneorum
2416 2230 2569 2279 Voss·
2613 2234 2665 2278 2.

465 2294 807 2344 Medimeorum
845 2298 980 2347 Mer.
1005 2299 1126 2347 Bas.
1159 2309 1215 2348 et
1254 2298 1367 2348 Col.
1439 2305 1486 2348 et
1510 2298 1753 2347 Ersilaum
1776 2298 1889 2347 Pal.
1913 2301 1961 2346 1.
1987 2296 2125 2347 Dan.
2149 2296 2383 2348 Floreat.
2423 2294 2574 2345 Leid.
2608 2302 2669 2343 et

463 2361 615 2409 Voss.
639 2364 680 2408 1.
697 2365 746 2409 2.
778 2365 824 2409 et
847 2363 1022 2414 Horsil
1039 2363 1184 2414 Pith.
1208 2369 1256 2413 et
1293 2364 1484 2413 Char-ri!
1508 2363 1699 2413 Fauch.
1732 2378 1759 2412 e
1778 2363 1929 2412 muris
1950 2362 2200 2413 omittunt
2235 2363 2402 2425 Bong.
2427 2361 2668 2410 Florent-

463 2424 610 2475 Leid.
628 2431 683 2475 et
707 2427 854 2476 Voss.
881 2434 923 2479 1.
958 2429 1086 2480 ‘nec
1109 2429 1219 2479 seio
1256 2443 1319 2478 au
1356 2443 1451 2492 pro
1475 2427 1709 2478 insititiis
1744 2428 1858 2479 haze
1885 2426 2048 2480 verba
2082 2426 2319 2478 habenda
2356 2434 2413 2476 et
2454 2439 2674 2490 prorsus

464 2490 754 2556 abiicienda
779 2493 915 2543 sint?
939 2495 1090 2545 Cunz.
1135 2494 1237 2544 ‘At
1259 2495 1304 2544 si
1329 2494 1591 2558 vulgatam
1612 2494 1804 2544 salvam
1829 2508 2031 2558 censes,
2050 2495 2136 2544 vel
2154 2507 2273 2543 cum
2297 2492 2523 2542 Cellario
2542 2505 2671 2540 con-

453 2557 619 2622 junge
642 2558 827 2607 emm-is
843 2566 1143 2622 necaverunt,
1161 2561 1213 2611 h.
1237 2573 1287 2611 e.
1307 2574 1336 2609 e
1356 2560 1516 2610 muris
1535 2574 1626 2610 eos
1648 2559 2009 2623 praecipitatos
2028 2567 2368 2619 necaverunt,
2385 2564 2669 2622 postquam

458 2622 527 2672 ob
547 2623 762 2687 injurias
787 2626 912 2676 torti
935 2632 1122 2688 erant:
1157 2626 1241 2677 vel
1272 2626 1440 2689 junge
1461 2642 1475 2676 :
1511 2642 1537 2676 e
1557 2626 1707 2675 munis
1736 2631 1904 2686 tortos,
1926 2632 1986 2675 ut
2010 2624 2219 2687 poetice
2241 2623 2440 2673 dietum
2465 2637 2593 2686 pro:
2631 2636 2667 2669 e

462 2690 624 2738 muris
640 2690 1018 2754 praecipitatos,
1049 2691 1349 2757 projectos-⁹
1382 2692 1804 2741 &vomicam-12
1839 2690 2075 2740 Florent-
2096 2689 2246 2740 Leid.
2267 2690 2422 2739 Voss.
2444 2693 2492 2737 1.
2526 2688 2672 2737 Dan.

459 2760 516 2802 et
556 2755 724 2816 Boug:
754 2756 1000 2807 omittunt
1034 2756 1095 2806 τὸ
1127 2773 1216 2821 que
1238 2764 1358 2821 post
1394 2757 1705 2806 Rhodiorum.
1769 2756 1926 2806 Voss.
1960 2760 2007 2805 l.
2045 2756 2295 2807 victorium
2324 2753 2669 2818 gratabantur.

462 2818 601 2867 Mer.
624 2821 717 2868 sui.
781 2821 927 2872 Mod.
952 2822 1123 2885 Lugd.
1145 2824 1377 2872 Freinsh.
1404 2822 1534 2872 Cen.
1566 2820 1752 2870 Pitisc.
1786 2820 1917 2871 Tell.
1938 2821 2116 2872 Maitt.
2151 2821 2309 2871 Suak.
2340 2819 2504 2869 Barb.
2538 2818 2666 2882 Bip.

464 2883 624 2933 Cunz.
662 2890 716 2933 et
752 2885 911 2935 Both.
947 2903 1082 2950 oequa
1102 2889 1149 2936 d.
1171 2887 1302 2946 visi5
1351 2889 1486 2937 Dan.
1512 2887 1628 2937 Pal.
1654 2889 1701 2936 1.
1738 2886 1975 2936 Florent.
2019 2886 2163 2937 Leid.
2190 2887 2340 2935 Voss.
2376 2890 2424 2935 1.
2460 2891 2515 2933 et
2540 2882 2663 2933 edd.

457 2953 589 2996 vett.
614 2963 670 2997 ea
689 2963 795 3012 qua·
815 2952 866 2999 d.
889 2950 1016 3008 visi,-
1066 2953 1218 3000 Voss.
1239 2956 1288 3002 2.
1311 2968 1386 3009 ea,
1411 2951 1602 3001 omisso
1624 2966 1748 3014 quoe.
1813 2951 1951 3002 Mer.
1975 2951 2106 3012 jusi
2140 2966 2233 3014 pro
2255 2949 2368 3000 visi.
2433 2950 2589 2999 Voss.
2611 2952 2663 2998 2.

457 3011 925 3076 immutabunt—18
960 3015 1075 3065 Pal.
1099 3020 1143 3065 1.
1167 3017 1456 3081 Mytilenen:
1476 3017 1578 3075 eis,-
1623 3017 1775 3066 Voss.
1798 3019 1845 3065 1.
1870 3023 1925 3065 et
1947 3014 2070 3066 Ald.
2091 3015 2404 3081 Mithyleneis
2418 3032 2439 3074 ,·
2490 3015 2662 3077 Bong.

459 3079 508 3125 1.
530 3078 851 3137 Mitilameiu3
902 3080 1041 3129 Mer.
1071 3080 1343 3146 Mytilenis.
1411 3082 1644 3132 Floreat.
1682 3080 1830 3131 Leid.
1857 3080 2005 3133 Voss.
2029 3086 2078 3132 1.
2116 3081 2283 3141 Bom.
2306 3082 2441 3130 Mer.
2469 3090 2526 3131 et
2552 3080 2664 3129 Col.

459 3142 711 3193 omittunt
728 3158 858 3196 ms.
923 3146 1155 3199 Florem.
1189 3147 1335 3198 Leid.
1357 3145 1511 3198 Voss.
1528 3150 1572 3196 1.
1595 3151 1646 3198 2.
1678 3152 1735 3198 et
1757 3146 1927 3212 Βοῦς.
1944 3146 2197 3199 omittunt
2219 3147 2431 3206 obsides,-
2467 3149 2483 3175 ‘
2504 3160 2663 3211 quam

1435 3295 1656 3348 NOTAE

518 3393 542 3419 ¹⁸
574 3388 1019 3454 Methymnaeam]
1062 3390 1369 3456 Methymna
1388 3393 1513 3443 urbs

451 3463 505 3513 in
545 3464 715 3514 Lesbo
751 3465 949 3528 insula:
983 3466 1050 3516 de
1085 3482 1191 3533 qua
1223 3469 1320 3520 hoe
1355 3470 1510 3534 libro,

454 3555 571 3604 cap.
594 3546 642 3591 5.

517 3626 540 3651 v
577 3618 622 3665 E
637 3616 811 3681 muris]
843 3619 1156 3671 Redundant
1177 3622 1256 3671 lue
1278 3621 1396 3672 duae
1419 3637 1510 3673 vo·

393 3736 408 3749 ,
454 3707 571 3754 ces:
607 3694 702 3743 nisi
741 3694 876 3745 forte
910 3711 1003 3760 pro
1038 3705 1322 3748 necaverunt
1358 3714 1510 3765 repo·

454 3769 676 3818 nendum
701 3769 802 3820 fuit
820 3774 1179 3835 suspenderunt,
1192 3774 1273 3823 vel
1295 3776 1511 3840 proecipc’·

448 3850 631 3907 terunt,
644 3854 735 3895 aut
751 3847 946 3911 aliquid
959 3849 1165 3899 demum
1183 3849 1365 3901 simile.
1396 3854 1444 3902 N
1449 3867 1514 3903 ee

448 3920 700 3984 displicet
742 3923 1027 3973 Blankardi
1072 3926 1392 3990 conjectura,
1436 3929 1511 3978 sie

449 3997 806 4048 restituentis:
841 4015 958 4062 quoe
974 4001 1048 4051 illi
1068 4002 1125 4051 ob
1139 4003 1344 4065 injurias
1358 4010 1512 4056 torto:

449 4074 501 4123 in
521 4072 670 4122 muris
686 4081 981 4138 necaverunt,
1003 4092 1104 4142 quo
1123 4093 1309 4145 nempe
1327 4082 1380 4132 in
1402 4098 1510 4134 om-

451 4152 592 4200 nium
616 4151 779 4199 oculis
802 4166 978 4214 poenas
997 4154 1204 4207 darent.

515 4233 547 4258 '¹
579 4225 963 4293 Atheniensium]
1000 4232 1082 4280 De
1116 4232 1353 4296 Athenis,
1391 4235 1512 4286 vide

450 4303 635 4368 Suppl.
674 4302 760 4354 lib.
790 4316 828 4355 1.
868 4318 986 4370 cap.
1020 4311 1070 4358 2.
1102 4313 1150 4359 5.
1186 4313 1236 4360 6.
1260 4312 1357 4361 διο.
1427 4312 1510 4362 De

1593 3391 1778 3444 Rhodo
1800 3400 1856 3442 et
1878 3391 2030 3455 Chio,
2054 3406 2211 3456 snpra
2233 3393 2452 3456 egimus,
2473 3407 2593 3456 cap.
2618 3399 2661 3443 1.

1658 3475 1685 3502 ¹
1721 3468 1938 3533 Captivi]
1971 3469 2036 3520 Id
2047 3469 2255 3533 jamdiu
2279 3477 2403 3519 ante
2426 3473 2665 3533 postula-⁶

1591 3552 1792 3609 verant,
1812 3561 1930 3596 cum
1954 3546 2122 3597 adhue
2145 3547 2211 3596 ad
2236 3547 2475 3597 Celaenas
2497 3554 2662 3604 esset,
2704 3538 2713 3543 “

1591 3621 1679 3672 lib.
1721 3635 1812 3672 ιιι.
1850 3636 1969 3686 cap.
2007 3628 2053 3671 1.
2101 3622 2187 3671 ubi
2234 3622 2332 3672 hoe
2373 3622 2543 3672 solum
2587 3639 2663 3672 re-

1589 3698 1766 3762 sponsi
1789 3697 2132 3761 abstulerant,
2156 3699 2173 3726 ⁴
2195 3695 2489 3748 reddendos
2513 3699 2663 3749 finito

1592 3776 1811 3825 Persico
1835 3774 2008 3824 bello.’

1655 3860 1677 3895 5
1712 3852 1788 3901 Ea
1809 3866 1914 3915 quoe
1931 3849 2112 3915 [σφω]
2132 3849 2424 3915 desiderare]
2452 3852 2659 3915 Legunt

1592 3930 1753 3995 aliqui
1774 3944 1831 3978 ea
1850 3943 1987 3992 que,-
2021 3927 2115 3978 sed
2140 3941 2320 3991 parum
2345 3931 2657 3978 convenien-

1592 4015 1674 4059 ter
1692 4006 1796 4057 dici
1819 4013 2025 4069 putem:
2049 4020 2123 4068 ea,
2137 4020 2244 4069 que
2263 4006 2534 4057 desider-are
2550 4009 2658 4066 viri,

1589 4086 1977 4147 impetraverant.

1653 4168 1674 4194 ²
1705 4157 2030 4223 Mithyloenie]
2088 4158 2172 4208 De
2217 4158 2502 4223 Mitylene,
2540 4160 2655 4209 vide

1591 4250 1707 4299 cap.
1729 4239 1778 4284 1.
1800 4235 1952 4298 hujus
1975 4234 2114 4284 libri.
2167 4235 2250 4285 De
2274 4236 2454 4301 Cypro
2472 4252 2588 4302 cap.
2610 4241 2655 4286 1.

1591 4314 1677 4364 De
1701 4313 1864 4365 Creta
1887 4325 2003 4377 eap.
2031 4315 2078 4361 1.
