2978 4933
392 312 495 378 24·
1196 326 1760 381 rnonncoumu

395 474 595 539 aliem
627 475 883 539 arbitrn
911 481 980 538 et
1007 476 1132 539 sub
1164 474 1540 560 paedagogo
1567 495 1716 540 esse
1747 475 2062 542 deberet-⁹
2132 474 2430 561 Abjecta
2454 496 2578 563 spe

395 576 768 658 dignitatis,
797 577 884 643 ad
916 579 1125 644 otium
1149 579 1484 644 concessit
1511 577 1715 643 modo
1734 578 1804 644 in
1831 578 2047 644 hortis
2071 587 2145 644 et
2171 580 2580 658 suburbano,

394 679 599 745 modo
624 679 692 744 in
723 679 1117 766 Campaniae
1158 700 1439 746 secessu
1477 680 1909 758 delitescens,
1955 688 2164 765 atque
2208 700 2299 744 ex
2345 688 2581 748 contu-

395 781 628 846 bernio
661 783 1267 848 sordidissimorum
1294 781 1655 861 bominum,
1700 802 1901 867 super
1935 789 2227 848 veterem
2277 784 2584 866 segnitiae

398 889 650 961 notam,
679 885 1021 950 ebrietatis
1055 904 1326 970 quoque
1377 895 1445 949 et
1478 886 1648 951 aleae
1695 885 2038 950 infamiam
2085 886 2316 952 subiit.
2407 885 2583 950 Con-

399 987 695 1051 tumeliis
725 988 969 1074 ubique
997 988 1337 1052 obnoxius
1362 989 1583 1053 vixit.‘¹
1669 987 1749 1053 Si
1783 1008 1848 1053 v.
1879 1007 1943 1052 c.
1989 988 2191 1072 paulo
2235 988 2451 1053 serius
2496 987 2586 1053 ad

398 1089 794 1173 praedictam
834 1109 1051 1154 coenae
1089 1090 1327 1154 horam
1361 1090 1794 1169 occurrisset,
1822 1109 1976 1167 non,
2003 1090 2134 1155 nisi
2163 1109 2336 1174 aegre
2367 1097 2436 1155 et
2462 1090 2587 1155 cir-

403 1191 584 1255 cuito
610 1189 870 1254 demum
905 1191 1217 1269 triclinio,
1247 1191 1712 1274 recipiebatur,
1743 1198 1812 1257 et
1848 1193 2121 1276 quoties
2167 1198 2323 1277 post
2365 1193 2586 1257 cibum

402 1292 942 1371 addormisceret,
991 1293 1170 1378 quod
1216 1294 1279 1357 ei
1317 1292 1451 1358 fere
1472 1293 1866 1371 accidebat,
1897 1292 2192 1358 olearum
2223 1300 2296 1358 et
2324 1294 2586 1377 palmu-

402 1395 613 1458 larum
637 1395 906 1459 ossibus
936 1395 1431 1476 incessebatur3
1460 1395 1797 1461 interdum
1823 1396 2036 1461 ferula
2062 1395 2381 1480 flagrove,
2411 1397 2591 1462 velut

404 1515 531 1579 per.
558 1496 810 1575 ludum,
853 1497 1279 1563 excitabatur
1324 1517 1368 1562 a
1421 1498 1708 1581 copreis.
1795 1498 2125 1563 Solebant
2168 1506 2237 1564 et
2281 1499 2592 1563 manibus

408 1599 748 1664 stertentis
799 1600 984 1665 socci
1032 1600 1281 1679 induci,
1330 1608 1408 1666 ut
1447 1608 1718 1684 repente
1762 1600 2294 1685 expergefactus,
2349 1599 2591 1666 faciem

407 1701 538 1765 sibi
567 1700 982 1769 confricaret.
1069 1702 1263 1767 Talis
1292 1709 1566 1787 tamque
1592 1702 1848 1767 derisus
1890 1704 1975 1767 ab
2022 1704 2329 1767 omnibus
2370 1703 2591 1779 homo,

407 1822 562 1880 non,
591 1805 725 1869 nisi
756 1806 1045 1872 mirabili
1076 1805 1368 1890 quodam
1397 1826 1585 1885 casu,
1617 1806 1704 1871 ad
1734 1807 2083 1889 imperium
2114 1805 2439 1871 accedere
2468 1824 2593 1887 po*

407 1907 560 1980 tuit,
590 1913 791 1991 atque
823 1908 921 1972 ita
961 1909 1165 1973 etiam
1203 1909 1461 1973 factum
1506 1914 1651 1973 est.r
1739 1906 2078 1971 Exclusus
2128 1907 2296 1970 inter
2339 1912 2594 1971 ceteros

409 2008 496 2074 ab
514 2008 1020 2074 insidiatoribus
1048 2009 1378 2092 Caligulae
1416 2011 1484 2074 in
1512 2008 1801 2085 diaetam,
1830 2011 1942 2072 cui
1968 2027 2203 2072 nomen
2231 2014 2376 2077 crat
2425 2008 2596 2072 Her-

408 2130 678 2191 maeum,
706 2120 1084 2179 recesserat.
1153 2113 1390 2197 Neque
1419 2113 1630 2179 multo
1655 2118 1831 2196 post,
1862 2131 2122 2176 rumore
2146 2110 2354 2176 caedis
2382 2118 2594 2176 exter-

410 2215 598 2292 rituS,
636 2218 975 2299 prorepsit
1015 2217 1100 2281 ad
1154 2216 1470 2280 solarium
1495 2216 1893 2297 proximum,
1926 2215 2229 2297 interque
2273 2219 2599 2296 praetenta

409 2315 669 2381 foribus
720 2319 873 2381 vela
932 2338 1006 2380 se
1063 2317 1363 2380 abdidit.⁸
1449 2317 1796 2380 Latentem
1848 2317 1944 2380 ibi
1995 2316 2370 2379 discurrens
2430 2314 2601 2379 forte

413 2416 751 2500 gregarius
795 2416 1032 2495 miles:
1073 2418 1548 2483 animadversis
1594 2417 1906 2502 pedibus,
1949 2439 1986 2483 e
2031 2418 2254 2482 studio
2285 2415 2600 2494 scitandi‚

415 2520 724 2604 quisnam
754 2527 955 2599 esset,
987 2522 1281 2604 agnovit,
1312 2528 1847 2605 extractumque,
1879 2529 1943 2587 et
1974 2540 2109 2606 prae
2140 2527 2325 2586 metu
2357 2520 2445 2584 ad
2491 2540 2602 2603 ge·

413 2643 549 2689 nua
594 2625 726 2689 sibi
777 2626 1213 2702 accidentem,
1258 2623 1805 2716 ‘Imperatorem’
1851 2624 2190 2701 salutavit.
2278 2621 2463 2687 Hinc
2514 2623 2602 2687 ad

417 2726 588 2793 alios
618 2729 1096 2794 commilitones
1125 2728 1467 2813 perduxit,
1500 2747 1542 2793 a
1579 2729 1827 2812 quibus
1865 2727 2122 2793 lecticae
2153 2724 2508 2808 impositus
2538 2729 2606 2792 et

417 2830 490 2894 in
543 2835 766 2894 castra
815 2830 1081 2895 delatus
1127 2836 1231 2895 est
1273 2831 1486 2895 tristis
1526 2849 1609 2894 ac
1655 2830 1976 2913 trepidus,
2016 2829 2374 2892 miserante
2404 2826 2607 2893 obvia

417 2931 630 3008 turba,
675 2932 866 3016 quasi
906 2932 994 2997 ad
1042 2951 1314 3017 poenam
1343 2936 1676 3016 raperetur
1701 2933 1952 2996 insons.
2040 2929 2391 3011 Receptus
2432 2928 2608 2993 intra

416 3032 692 3110 vallum,
721 3035 887 3099 inter
929 3035 1251 3101 excubias
1295 3035 1582 3099 militum
1621 3033 2045 3118 pernoctavit
2084 3031 2435 3113 aliquanto
2486 3031 2611 3094 mi-

414 3153 579 3208 nore
612 3154 735 3218 spe
766 3156 971 3220 quam
1000 3137 1290 3202 fiducia.'
1354 3136 1549 3202 Nam'
1569 3137 1879 3202 consules
1910 3154 2060 3199 cum
2101 3138 2339 3198 senatu
2384 3138 2453 3195 et
2494 3151 2612 3196 co·

419 3236 720 3302 hortibus
765 3239 1042 3307 urbanis
1081 3240 1294 3304 forum
1325 3238 1850 3323 capitoliumque
1879 3238 2371 3318 occupaverant
2396 3251 2618 3316 asser-

412 3340 557 3416 turi
577 3359 994 3406 communem
1017 3342 1406 3407 libertatem.
1450 3338 1737 3405 Accitus
1753 3338 2001 3404 deinde
2017 3357 2132 3421 per
2153 3334 2453 3400 tribunos
2469 3335 2616 3417 ple-

422 3443 533 3507 bis
560 3442 632 3507 in
660 3444 937 3523 curiam,
956 3445 1026 3510 vi
1057 3445 1132 3509 se‘
1146 3451 1212 3510 et
1239 3445 1637 3509 necessitate
1666 3442 1895 3518 teneri,
1911 3437 2274 3523 respondit.
2333 3436 2615 3502 Postero

425 3544 555 3623 die,
576 3551 814 3611 senatu
837 3548 1144 3631 sequiore
1173 3546 1243 3612 in
1262 3545 1677 3633 exequendis
1707 3544 2084 3620 conatibus,
2109 3548 2178 3605 et
2191 3538 2618 3607 multitudine

488 3732 516 3769 Ρ
547 3725 760 3779 Sueton.
782 3728 965 3780 Claud.
988 3735 1040 3782 5.
1118 3755 1121 3758 *
1563 3726 1796 3790 σκοτεινῇ.
1862 3720 2077 3785 Joseph.
2092 3720 2128 3771 1.
2145 3720 2181 3771 1.
2208 3716 2332 3769 κατά
2344 3738 2395 3769 τι
2409 3724 2620 3784 προσβα-

424 3807 427 3812 ’
489 3810 515 3844 ¹1
548 3801 632 3852 Id.
654 3802 781 3855 ibid.
802 3809 852 3856 8.
1560 3801 1648 3852 τὸν
1667 3798 2067 3862 ὀλίγαις-,βαθμῖσι
2086 3795 2275 3859 χωρίον.
2593 3795 2602 3802 ‘

489 3884 511 3911 ³
542 3877 626 3928 Id.
673 3879 803 3932 ibid.
839 3886 919 3932 10.
968 3880 1148 3932 Aur-el.
1175 3880 1318 3931 Vict.
1344 3878 1485 3944 Epit.
1626 3881 1642 3910 ⁸
1675 3876 1860 3926 Aurei.
1884 3876 2024 3924 Vict-
2060 3872 2127 3922 de
2151 3870 2402 3922 Caesarib.
2425 3884 2514 3921 ιιι.
2539 3874 2623 3920 19.

425 3967 509 4005 lv.
583 3955 686 4005 Dio
731 3957 936 4007 Cassius
975 3971 1065 4007 tx.
1107 3957 1225 4009 init.
1265 3954 1484 4021 Joseph.
1517 3979 1522 3982 -
1567 3968 1699 4002 unus
1736 3959 1881 4001 ortus
1909 3948 2139 4014 Epiriex
2163 3946 2620 4010 cohortibus,qnae

428 4032 644 4098 Antiqq.
662 4033 697 4085 J
702 4033 788 4084 ud.
811 4021 934 4087 iux.
955 4037 1003 4083 3.
1565 4028 1811 4094 palatium
1838 4041 1932 4091 per
1965 4030 2281 4087 opportunos
2321 4021 2462 4071 locos
2484 4021 2620 4071 obsi·

495 4115 513 4141 ⁸
548 4108 725 4160 Aurei.
759 4110 904 4161 vict.
926 4110 962 4161 1.
982 4109 1020 4159 1.
1040 4106 1262 4158 deformi
1285 4107 1488 4157 latebra
1563 4104 1777 4154 debant.
1841 4101 2057 4164 Joseph.
2091 4100 2125 4149 l.
2155 4098 2189 4148 1.
2218 4096 2394 4160 Γράτος
2412 4096 2625 4163 τὸνπρὶ

428 4186 616 4237 latens.
682 4187 783 4239 Dio
826 4186 965 4237 Can.
1002 4185 1039 4237 1.
1075 4185 1113 4236 1.
1147 4184 1199 4235 ἐν
1227 4182 1373 4250 γωνίᾳ
1393 4199 1486 4233 που
1563 4181 1622 4231 τὸ
1642 4178 1890 4238 βασίλειόν
1901 4195 1974 4230 τις
1993 4179 2089 4228 τῶν
2108 4177 2425 4241 στρατιωτῶν.
