2978 4933
635 1432 1384 1596 SERENISSIMO
1465 1454 2150 1568 GALLIARUM'
2260 1474 2264 1479 ’

554 1728 2227 1936 DELPH‘INQ

302 2411 556 2506 Quon
586 2428 738 2515 ipse
777 2429 1003 2497 facere
1047 2431 1275 2498 multis
1323 2433 1705 2502 nominibus
1752 2430 2081 2504 debuerat
2108 2432 2405 2511 Curtius,
2434 2432 2495 2502 si

298 2531 430 2597 hac
456 2539 662 2600 aetate
692 2533 967 2614 viveret,
997 2534 1130 2599 hoc
1175 2535 1340 2601 mihi
1376 2538 1530 2621 ejus
1559 2539 1901 2624 interpreti
1931 2539 2311 2605 faciendum
2340 2536 2493 2614 fuit,

302 2633 740 2700 Serenissime
764 2636 1132 2721 Delphine‚
1153 2642 1234 2701 ut
1256 2636 1632 2704 Alexandri
1661 2639 1896 2723 Magni
1924 2639 2228 2722 effigiem,
2253 2637 2496 2721 optimi

302 2738 644 2820 quondam
688 2738 961 2805 artificis
1000 2758 1205 2804 manu
1250 2758 1679 2823 expressam,
1710 2757 1891 2812 nunc
1936 2741 2240 2815 absterso
2282 2738 2496 2808 veluti

300 2840 577 2921 pulvere
606 2839 991 2907 nitidiorem
1027 2839 1334 2906 offerrem
1370 2840 1529 2923 tibi;
1574 2841 1793 2912 audeo
1822 2841 2067 2922 dicere,
2113 2841 2384 2925 dignum
2429 2846 2496 2906 te

303 2960 581 3010 munus·
562 2990 582 3024 ,
612 2941 906 3027 dignum,
934 2944 1233 3027 inquam,
1261 2942 1389 3008 hac
1413 2949 1638 3021 aetate,
1667 2942 1851 3010 hoc
1830 2944 2137 3028 mgenio,
2156 2944 2264 3009 his
2293 2943 2496 3009 mori-

303 3044 451 3122 buS,
502 3045 633 3109 hac
677 3045 968 3124 fortuna,
1012 3046 1142 3110 hac
1195 3065 1320 3129 spe
1373 3045 1817 3112 maximarum
1874 3065 2115 3131 rerum,
2167 3047 2239 3114 in
2294 3064 2496 3130 quam

303 3144 661 3212 adolescis.
864 3213 867 3214 γ

393 3247 693 3314 Cernes
672 3269 739 3313 m
760 3249 888 3316 hac
914 3250 1187 3327 tabella,
1218 3269 1376 3334 quae
1406 3251 1667 3329 mirere,
1694 3269 1828 3315 non
1857 3218 2115 3333 pauca·
2160 3266 2318 3331 quae
2346 3247 2493 3312 imi·

306 3356 470 3427 tere,
497 3350 742 3414 multa.
789 3369 948 3434 quse
991 3350 1247 3431 vincas,
1279 3352 1605 3434 plurima.
1659 3370 1817 3436 quae
1861 3350 2248 3416 intuentem
2272 3347 2493 3414 delec-

304 3455 464 3525 tent,
518 3451 766 3517 omnia.
869 3449 1226 3535 Agnosces
1277 3471 1418 3518 non
1471 3446 1619 3518 sine
1675 3453 2053 3536 voluptate,
2108 3451 2373 3535 opinor,
2424 3453 2496 3517 in
2617 3441 2624 3450 ⁶

304 3550 678 3619 Alexandri
707 3554 992 3636 imagine
1022 3558 1245 3637 tuam3
1289 3561 1365 3620 et
1391 3556 1719 3639 impressa
1744 3554 1853 3619 hic
1882 3553 2020 3620 illic
2047 3571 2181 3618 non
2207 3553 2497 3620 obscura
2557 3557 2562 3560 ’

307 3653 549 3718 indolis
567 3660 698 3719 tuae
719 3656 1039 3739 vestigia:
1070 3655 1256 3721 illam
1279 3675 1322 3720 a
1336 3677 1547 3741 puero
1565 3656 2035 3722 excelsitatem
2054 3656 2285 3733 animi,
2302 3656 2494 3720 illum

306 3773 605 3821 amorem
636 3776 811 3823 verae
844 3757 1093 3837 laudiS,
1119 3757 1305 3825 illam
1334 3762 1406 3824 in
1436 3758 1739 3845 Superos
1780 3760 2131 3844 pietatem,
2161 3756 2351 3823 illum
2391 3777 2495 3822 ar·
2525 3778 2534 3781 ·

186 3917 189 3922 .
307 3858 529 3924 dorem
556 3860 801 3942 ingenii
826 3860 1083 3926 eximia
1120 3862 1352 3927 vultus
1380 3880 1768 3962 morumque
1795 3860 2144 3925 suavitate.
2161 3865 2494 3944 tempera-

308 3965 485 4026 tum:
530 3960 721 4025 illam
752 3962 841 4028 ad
868 3963 1153 4029 honesta
1180 3984 1466 4049 quaeque
1497 3964 1799 4048 corporis
1829 3962 2243 4031 exercitandi
2269 3964 2495 4028 munia

312 4061 814 4131 dexteritatem·
857 4064 1029 4132 illud
1067 4067 1395 4133 adversus
1437 4067 1668 4135 literas
1710 4067 2146 4182 hominesque
2189 4067 2492 4131 literatos

311 4164 602 4232 studium
633 4165 1038 4249 singulare.

402 4266 610 4331 Delph.
634 4273 683 4318 et
707 4268 818 4319 ναν.
838 4269 971 4320 Clas.
1291 4272 1358 4328 Q.
1385 4272 1524 4323 Curt.
2316 4268 2368 4318 A
