2978 4933
455 388 586 455 568
896 407 964 468 Q.
1009 405 1276 456 cumn
1328 405 1513 456 num
1561 406 1709 458 12113.
1755 379 1887 458 vn'.
1932 410 2098 460 cap.
2139 393 2202 459 9.

453 571 626 638 qnos
654 572 799 633 rex,
823 572 1211 638 quanquam
1231 554 1659 620 vexationem
1675 562 1699 590 ⁸
1727 554 2002 622 invalidi
2032 556 2333 643 corporis
2361 557 2507 643 pati
2535 579 2674 625 non

451 663 737 742 poterat,
789 677 912 741 per
969 674 1133 723 Lxx
1146 676 1224 725 X.
1279 666 1505 724 tamen
1560 656 1827 725 stadiaf
1874 661 2132 744 insequi
2183 663 2673 745 perseveravit.

450 762 559 826 14.
602 761 892 846 Jamque
918 762 1252 847 linquente
1284 763 1509 828 animo
1535 765 1677 828 suis
1702 765 2046 849 praecepit,
2076 766 2098 798 ‘
2128 771 2221 842 ut,
2250 764 2460 829 donec
2488 764 2675 829 lucis

453 864 706 949 aliquid
740 874 1153 949 superesset,
1183 866 1579 950 fugientium
1610 867 1812 949 tergis
1837 867 2228 932 inhaererent
2249 866 2299 927 ε’
2339 868 2516 949 ipse,
2550 887 2676 935 ex·

450 966 708 1033 haustis
730 970 934 1034 etiam
963 971 1171 1036 animi
1198 971 1475 1048 viribus,
1505 971 1575 1034 in
1605 977 1833 1036 castra
1861 990 1936 1035 se
1958 970 2240 1056 recepit,
2285 971 2627 1055 reliquum
2646 979 2675 1017 ⁸

452 1072 771 1139 substitit.
829 1075 936 1140 15.
962 1074 1396 1139 Transierant
1407 1075 1556 1159 jam
1577 1071 1827 1139 Liberi¹¹
1844 1075 2060 1159 patris
2092 1074 2444 1154 terminos;
2492 1092 2670 1158 quo-

450 1194 595 1239 rum
625 1186 1056 1244 monumenta
1084 1177 1352 1262 lapides
1400 1184 1586 1244 erant
1624 1178 1878 1242 crebris
1922 1177 2291 1243 intervallis
2322 1176 2670 1261 dispositi,

455 1278 861 1363 arboresque
911 1301 1235 1365 procerae,
1280 1301 1563 1366 quarum
1609 1280 1884 1364 stipites
1929 1276 2209 1345 hederai
2252 1286 2668 1346 contexerat.

453 1380 560 1445 16.
606 1380 742 1446 Sed
792 1383 1214 1450 Macedonas
1261 1385 1360 1449 ira
1402 1383 1673 1467 longius
1726 1385 2077 1468 provexit:
2133 1384 2392 1468 quippe
2437 1383 2671 1448 media

452 1484 589 1548 fere
618 1492 811 1550 nocte
847 1488 914 1551 in
959 1495 1188 1553 castra
1232 1488 1591 1566 redierunt,
1643 1488 1873 1552 multis
1920 1483 2324 1574 interfectiS,j
2355 1487 2670 1570 pluribus

454 1587 695 1670 captiS,
727 1607 1076 1676 equosque
1110 1609 1379 1656 mucce.
1421 1594 1724 1676 abegere.
1815 1591 2215 1657 Ceciderunt
2260 1593 2487 1655 antem
2517 1588 2671 1653 Ma-

455 1688 784 1757 cedonum
826 1696 1093 1779 equites
1127 1713 1255 1761 nx.
1306 1696 1573 1780 pedites
1608 1713 1669 1762 ο.
1701 1697 1861 1776 fere,
1910 1695 2096 1760 mille
2137 1693 2351 1759 saucii
2381 1691 2668 1757 fuerunt.

455 1792 563 1858 17.
608 1794 785 1860 Haec
816 1797 1164 1881 expeditio
1188 1798 1603 1863 deficientem
1632 1819 1873 1882 magna
1894 1817 1983 1863 ex
2006 1803 2197 1881 parte
2221 1795 2671 1890 Asiam-fama

455 1905 597 1962 tam
645 1906 1046 1983 opportunae
1100 1902 1401 1968 victoriae
1459 1902 1739 1969 domuit.
1828 1901 2131 1967 Invictos
2180 1897 2475 1983 Scythas
2515 1916 2674 1962 esse

1376 2085 1735 2107 ‘ww

460 2184 1062 2246 quanquamjactationem.
1127 2189 1242 2238 Pal.
1269 2194 1313 2239 1.
1328 2204 1418 2253 per
1433 2189 1643 2252 triginta
1661 2194 1818 2238 tamen
1832 2186 1993 2237 stadia
2004 2202 2024 2245 ,-
2055 2184 2271 2236 Voss-2·
2292 2181 2492 2260 omittit
2505 2196 2594 2244 per
2615 2187 2674 2232 et

464 2255 769 2300 tamem—14
802 2253 954 2301 Voss.
991 2259 1042 2304 2.
1075 2256 1230 2316 tergis
1250 2255 1504 2316 licerer-ent,
1540 2259 1596 2304 et
1628 2269 1748 2304 mox
1772 2252 1991 2314 omittit,
2022 2251 2167 2300 etiam
2196 2250 2382 2307 αιιίπιη
2439 2249 2676 2324 Florent-

466 2314 667 2363 omittit
688 2317 850 2365 eliam.
923 2319 1089 2382 Bong.
1113 2325 1161 2369 1.
1183 2325 1342 2369 castra
1363 2320 1564 2384 recepit,
1585 2319 1786 2369 omissis
1807 2319 1861 2368 in
1882 2323 1938 2368 et
1958 2333 2006 2367 se
2017 2333 2037 2375 ‚·
2088 2316 2203 2365 Pal.
2227 2320 2272 2365 1.
2291 2319 2457 2363 eastra
2480 2319 2672 2376 repetit·

462 2382 590 2426 -16
629 2380 772 2429 Pitli.
794 2384 1233 2434 minaeum—16
1268 2386 1501 2435 Floreut.
1529 2386 1677 2437 Leid.
1697 2387 1848 2435 Voss.
1870 2388 1915 2432 1.
1936 2387 1984 2434 ².
2015 2381 2157 2432 Pith.
2175 2387 2233 2430 et
2254 2380 2392 2429 Mer.
2417 2381 2673 2428 omittunt

465 2443 519 2491 ia
542 2449 716 2495 castra.
788 2447 957 2513 Bong.
985 2454 1031 2499 1.
1058 2455 1108 2503 2.
1131 2466 1361 2515 equosque
1392 2461 1510 2512 oe.,·
1543 2451 1689 2502 Pith.
1710 2463 1937 2515 equosque
1956 2447 2215 2509 octoginta.
2285 2444 2414 2493 Mox
2438 2444 2675 2494 Florent.

457 2509 778 2576 peditesfere,
803 2513 983 2564 omisso
1011 2516 1072 2581 G,
1105 2516 1214 2567 sive
1236 2523 1440 2568 centum.
1511 2518 1680 2581 Bong.
1705 2520 1753 2568 1.
1775 2521 1823 2567 ὃ.
1859 2525 1943 2570 α).
1975 2513 2268 2565 saucit-1⁷
2302 2510 2453 2560 Mod.
2475 2509 2674 2561 omittit

1456 2661 1674 2713 NOTAE

469 2836 474 2849 ι
516 2781 539 2808 ⁸
571 2774 898 2841 Vexationem]
922 2777 1178 2829 Laborem
1203 2792 1394 2843 pugnae
1406 2778 1519 2844 jac-

454 2852 809 2918 tationemque
854 2869 1034 2905 cursus
1077 2856 1354 2921 equestris.
1434 2857 1522 2906 Iu-

453 2930 626 2992 ralidi]
672 2930 880 2981 Praeter
916 2933 1098 2982 vulnus
1141 2933 1363 2983 nondum
1403 2948 1521 2998 per-

453 3014 709 3070 curatum,
736 3009 839 3057 alvi
871 3007 1032 3057 fluore
1071 3010 1355 3062 laborabat.
1420 3011 1521 3062 Ar·

453 3084 585 3133 rian.
610 3084 702 3134 lib.
725 3100 808 3135 ιν.
830 3093 883 3135 et
905 3086 1173 3137 Plutarch.
1223 3093 1227 3097 ⁴

519 3159 542 3192 f
565 3162 669 3211 Per
688 3162 923 3213 LXXX.
955 3163 1137 3227 nudie]
1182 3165 1380 3215 Decem
1405 3173 1520 3214 tau-

456 3248 566 3290 tum
624 3240 898 3302 milliaria;
952 3247 1011 3292 ut
1052 3255 1244 3306 negare
1288 3243 1523 3306 potuerit

452 3321 692 3373 Justinus
728 3321 819 3372 lib.
861 3334 1112 3372 xxxvnr.
1164 3322 1520 3372 Alexandrum

452 3397 720 3463 Scythiam
738 3400 1021 3462 ingressum
1039 3413 1172 3449 esse.
1207 3399 1517 3450 Plutarchus

455 3476 506 3525 in
531 3476 684 3527 Alex.
707 3481 823 3527 100.
847 3476 1017 3527 stadia
1041 3477 1246 3541 posuit;
1279 3477 1331 3529 iu
1347 3476 1438 3528 lib.
1454 3491 1519 3528 11.

453 3552 520 3603 de
543 3554 688 3604 Fort.
713 3557 826 3603 150.

519 3638 546 3674 8
577 3629 854 3694 Reliquum]
887 3630 1069 3693 Forte,
1103 3631 1334 3695 reliquum
1361 3630 1523 3690 dicun

457 3709 557 3759 nisi
575 3709 808 3772 retiqwm
829 3714 1078 3774 corrupte
1108 3710 1300 3773 legitur
1321 3721 1418 3772 pro
1435 3710 1527 3758 ibi-

457 3798 544 3845 que
565 3786 797 3849 substitit,
829 3791 890 3836 ut
913 3786 1233 3850 conjiciebat
1254 3780 1524 3836 Freinshe-

458 3873 605 3908 1111118.

524 3933 549 3967 ¹¹
581 3937 767 4002 Liberi]
791 3940 952 3990 Liber
975 3939 1112 3990 idem
1132 3941 1216 4005 qui
1241 3940 1527 4006 Dionysus,

460 4013 569 4062 sive
593 4014 846 4079 Bacchus,
871 4016 1175 4067 Graecorum
1211 4015 1401 4068 fabulis
1431 4033 1523 4067 no·

459 4089 685 4138 tissimus
725 4099 824 4139 est.
894 4092 1049 4142 Hunc
1083 4094 1274 4144 Thebis
1300 4110 1367 4144 ex
1387 4095 1524 4147 Jove

458 4180 522 4213 ac
552 4166 755 4214 Semele
799 4175 971 4218 uatum
1008 4170 1230 4235 fingunt,
1253 4179 1524 4238 totamque

459 4242 634 4291 Asiam
667 4259 962 4308 peragrasse
984 4261 1100 4298 cum
1134 4251 1368 4300 exercitu
1405 4266 1523 4314 par-

461 4318 557 4368 tim
576 4319 817 4379 virorum,
838 4322 1026 4388 partim
1046 4323 1370 4378 foeminarum
1384 4329 1527 4392 tityr-

1603 2793 1687 2829 sos
1723 2774 2135 2842 praeferentium,
2157 2775 2259 2823 διο.
2291 2785 2407 2836 quae
2432 2770 2673 2835 pluribus

1601 2854 1857 2904 describit
1889 2852 2147 2901 Lucianus
2178 2850 2230 2898 in
2254 2848 2485 2908 Baccho,
2507 2848 2677 2898 Nata-

1603 2933 1665 2983 lis
1711 2933 1896 2983 Comes
1941 2929 2161 2993 Mythol.
2203 2927 2297 2976 lib.
2336 2940 2389 2976 v.
2430 2939 2548 2989 cap.
2593 2929 2675 2976 13.

1602 3026 1715 3075 quae
1739 3009 1910 3061 omnia
1939 3006 2126 3058 fabulis
2168 3005 2355 3054 merito
2394 3017 2678 3054 accensen-

1605 3097 1709 3152 tur,
1734 3085 2019 3152 praesertim
2042 3084 2084 3132 si
2108 3082 2174 3131 de
2197 3081 2403 3131 Baccho
2419 3079 2676 3130 Thebano

1603 3179 1770 3215 sermo
1792 3163 1879 3213 sit.
1927 3162 2062 3211 Nam
2087 3158 2216 3208 alius
2236 3154 2423 3220 aliquis
2445 3153 2676 3205 fortasse

1601 3242 1760 3295 fuerit
1804 3239 1945 3291 Asiae
1993 3237 2238 3298 domitor,
2281 3234 2433 3297 cujus
2478 3231 2672 3282 famam

1602 3334 1788 3385 resque
1808 3324 1981 3382 gestas
1998 3314 2211 3365 Baccho
2234 3325 2325 3360 suo
2345 3310 2581 3360 Graeculi
2604 3310 2673 3359 de

1600 3411 1741 3447 more
1782 3394 2080 3460 tribuerint.
2168 3386 2436 3450 Ter-minos]
2472 3386 2672 3436 Bacchi

1604 3475 1934 3527 terminorum
1958 3471 2011 3521 iu
2034 3467 2186 3518 India
2208 3464 2507 3515 meminisse
2529 3464 2674 3514 vide-

1602 3560 1691 3604 tur
1726 3552 1918 3603 Strabo
1949 3548 2146 3598 lib.111.
2184 3551 2239 3594 et
2277 3542 2578 3592 Eustathius
2619 3542 2672 3591 iu

1607 3630 1823 3693 Dionys.
1855 3628 1984 3678 istos
2007 3638 2132 3676 vero
2167 3621 2222 3671 in
2262 3619 2477 3684 Scythia
2506 3618 2674 3669 Liberi

1608 3708 1833 3759 terminos
1858 3701 2030 3760 solus,
2074 3700 2274 3765 opinor,
2327 3696 2541 3747 Curtius
2581 3712 2672 3760 ag.

1605 3786 1793 3836 noscit.
1859 3783 1998 3834 Nam
2015 3778 2219 3828 Plinius
2235 3774 2324 3826 lib.
2346 3787 2424 3824 vr.
2447 3789 2568 3839 cap.
2588 3779 2669 3824 16.

1604 3863 1819 3925 Bacchi,
1841 3859 2108 3920 Herculis,
2130 3852 2509 3913 Semiramidis,
2532 3853 2674 3915 Cyri,

1605 3948 1661 3990 et
1674 3936 1961 3991 Alexandri
1975 3950 2095 3985 aras
2112 3934 2247 3984 citra
2265 3930 2536 3981 Iaxartem
2550 3943 2671 3981 con·

1604 4018 1794 4069 stituit.

1675 4095 1689 4129 ¹
1720 4090 1934 4156 Hedera]
1966 4089 2101 4141 Haec
2136 4088 2275 4137 euim
2312 4085 2525 4136 Baccho
2560 4099 2676 4148 pro·

1607 4174 1722 4239 prie
1748 4186 1896 4221 sacra
1918 4168 2103 4233 habitat
2116 4173 2217 4226 est,
2238 4163 2439 4229 pariter
2460 4168 2519 4211 ut
2541 4161 2674 4211 vitis.

1668 4252 1688 4297 ³
1722 4249 1898 4300 Multis
1932 4241 2219 4306 inter-fictis]
2274 4240 2498 4291 Circiter
2536 4239 2676 4288 mille

1609 4326 1893 4383 interfecti,
1910 4324 1954 4375 si
1970 4321 2197 4374 Arriano
2216 4317 2508 4380 credimus;
2533 4316 2676 4381 eapti
