2978 4933
493 330 581 395 80
1291 346 1347 395 s.
1398 304 1904 395 anuinsnnmi

493 490 653 571 poris
677 490 1162 550 deformationem
1183 509 1343 568 aegro
1370 490 1566 549 animo
1586 490 1784 561 ferret,
1805 490 2168 552 memorabili
2196 489 2272 551 ad
2297 492 2702 572 posteritatem

498 588 895 648 adolescentis
915 606 1061 647 voce
1089 587 1349 647 monitus
1378 596 1493 658 est,
1530 574 1560 620 ⁴⁴
1586 606 1705 646 non
1735 587 1908 648 irasci
1940 588 2185 661 vulneri,
2218 588 2388 668 cujus
2418 609 2599 670 opera
2629 591 2702 649 ad

498 685 764 766 singulos
795 706 1035 765 gressus
1065 705 1191 746 suae
1223 685 1455 746 virtutis
1488 685 1947 747 admoneretur.’
2037 690 2132 748 12.
2164 687 2323 748 Satis
2346 688 2470 766 jam
2500 687 2702 767 gloriae

494 785 896 866 potentiaeque
917 784 1197 867 Philippo
1213 785 1532 865 quer-situm
1551 794 1710 854 erat:
1744 786 1889 846 satis
1911 785 2089 845 etiam
2112 786 2505 865 periculorum
2524 797 2702 866 atque

490 859 799 944 vulnerum
849 885 1195 963 pertulerat,
1250 884 1300 943 si
1347 883 1608 964 quietem
1654 884 1779 965 pati
1828 896 2034 964 posset
2088 884 2325 945 animus
2382 885 2699 946 ambitione

485 1001 716 1043 vecors.
836 984 932 1042 13.
990 981 1351 1042 Tributarios
1413 981 1748 1063 Illyriorum
1805 980 2195 1057 Macedonas,
2252 983 2514 1042 omnium
2577 1003 2694 1044 non

487 1079 814 1141 vicinorum
861 1079 1063 1154 modo,
1112 1081 1219 1141 sed
1268 1080 1447 1140 etiam
1498 1081 1678 1161 longe
1719 1080 2059 1142 dissitorum
2090 1081 2364 1142 dominos
2394 1080 2696 1142 effecerat.

498 1181 593 1239 14.
634 1177 925 1239 Triballos
954 1178 1307 1258 subegerat:
1354 1178 1669 1239 Thraciam
1711 1178 1971 1239 habebat
2004 1179 2083 1267 ³¹¹,
2115 1190 2454 1260 potestate:
2498 1178 2698 1240 multis

489 1277 838 1338 Graecorum
867 1279 1101 1359 populis
1124 1278 1484 1359 imperabat:
1518 1277 1667 1337 alios
1705 1287 1866 1338 metu
1893 1287 1998 1338 aut
2019 1276 2431 1357 largitionibus
2450 1279 2695 1338 tenebat

486 1376 799 1437 obnoxios.
866 1375 1190 1436 Thessalos
1222 1376 1531 1449 Daochus,
1559 1375 1794 1448 Cineas,
1823 1374 2277 1455 ThrasydaeuS,⁸
2298 1394 2435 1434 cum
2467 1375 2699 1436 Eudico

477 1483 549 1534 ·et
576 1474 739 1535 Simo
767 1475 1109 1543 Larissaeis;
1160 1474 1425 1535 Arcades
1475 1473 1784 1547 Cercidas,
1829 1473 2258 1554 Hieronymus,
2288 1469 2693 1552 Euealpidas;

485 1571 741 1652 Argivos
771 1564 1008 1653 Myrtis,
1025 1571 1383 1633 Teledamus
1405 1573 1727 1642 Mnaseas:
1763 1573 1940 1633 Eleos
1964 1571 2323 1643 Euxitheus,
2342 1570 2712 1642 CleotimuS,.

483 1669 935 1745 Aristaechmus,
978 1671 1144 1751 regio
1184 1670 1335 1752 jugo
1378 1668 1801 1731 subdiderant:
1893 1671 1988 1730 15.
2034 1668 2373 1730 Messenios
2405 1667 2697 1728 Philiadae

479 1754 668 1842 liberi,
712 1769 886 1829 Neon
915 1779 976 1830 et
1000 1768 1440 1850 Thrasylochus
1465 1789 1482 1836 :
1527 1767 1841 1848 Sicyonios
1870 1766 2199 1828 Aristratus
2225 1776 2286 1827 et
2314 1766 2697 1838 DemaratuS,

483 1863 872 1946 Megarenses
901 1866 1278 1940 Ptoeodorus,
1318 1865 1591 1940 Helixus‚
1634 1865 1943 1934 Perilaus:
1988 1863 2403 1938 Euboeenses,¹¹
2441 1863 2700 1945 Hippar-

479 1963 652 2036 chus,
691 1963 1054 2038 Clitarchus,
1103 1973 1165 2025 et
1207 1963 1590 2038 Sosistratus,
1638 1982 1770 2025 suae
1813 1964 2038 2044 quique
2085 1962 2343 2024 civitatis
2372 1962 2702 2043 principeS,

480 2062 917 2124 conciliabant:
967 2061 1294 2144 Olynthum
1344 2060 1738 2143 Euthycrates
1789 2070 1851 2122 et
1899 2060 2225 2122 Lasthenes
2273 2058 2715 2140 prodiderant.¹'

479 2160 619 2220 Una
673 2161 1097 2243 Spartanorum
1152 2160 1359 2220 civitas
1411 2158 1631 2223 veteris
1687 2157 2021 2240 disciplinae
2076 2158 2314 2239 egregie
2370 2167 2575 2232 tenax,
2618 2168 2694 2218 »et

472 2257 827 2337 proditionis
873 2257 1151 2319 immunis
1199 2258 1335 2318 fuit.
1437 2258 1536 2317 16.
1580 2255 1701 2316 Sed
1744 2276 1881 2317 cum
1929 2257 2176 2339 imperio
2217 2256 2402 2317 totius
2432 2255 2689 2331 Graeciae

474 2353 824 2428 immineret,
854 2354 1316 2414 Atheniensium
1343 2352 1602 2414 maxime
1629 2371 1775 2433 opes
1803 2354 2016 2414 morari
2042 2353 2343 2415 destinata
2367 2354 2692 2414 cernebat:

474 2470 589 2514 nec
617 2452 865 2513 deerant
891 2452 949 2512 in
980 2451 1237 2525 civitate,
1282 2451 1382 2531 qui
1422 2471 1519 2513 res
1551 2450 1630 2512 ad
1659 2451 1852 2533 ipsum
1887 2452 2229 2514 traherent:
2273 2451 2382 2513 sed
2409 2452 2691 2534 populus,

469 2552 577 2633 qui
626 2551 827 2613 omnia
871 2562 1124 2633 poterat,
1179 2549 1522 2633 impellente
1567 2550 1975 2615 Demosthene
2021 2561 2232 2611 contra
2282 2548 2690 2624 Macedonum

473 2653 626 2732 opes
647 2652 976 2713 nitebatur:
1020 2649 1390 2730 crebrisque,
1424 2661 1491 2711 ut
1526 2651 1678 2710 inter
1702 2658 1982 2730 'potentes
2007 2649 2258 2722 vicinos,
2286 2648 2690 2709 contentioni·
2780 2724 2787 2728 ‚

469 2748 607 2823 buS,
634 2748 935 2828 ingenium
965 2749 1224 2829 Philippi
1253 2749 1558 2822 callidum,
1588 2748 1807 2822 audax,
1856 2760 1919 2810 et
1946 2750 2021 2809 ob
2053 2747 2516 2810 dominationem
2545 2746 2689 2806 fidei

470 2847 763 2926 famaeque
792 2847 1105 2926 negligens
1133 2856 1513 2926 cognoverat.
1585 2850 1682 2909 17.
1714 2846 1979 2907 Maxime
2008 2848 2223 2908 urebat
2251 2865 2449 2926 regem
2475 2863 2688 2905 recens

470 2942 690 3018 dolor,¹‘
728 2944 892 3024 quod
923 2943 998 3004 ad
1032 2945 1409 3025 Byzantium,
1435 2945 1888 3007 Atheniensium
1919 2965 2122 3026 opera,
2161 2964 2266 3027 spe
2296 2963 2405 3004 sua
2431 2942 2689 3004 excidis-

471 3051 602 3102 set:
645 3042 749 3123 qui
799 3062 919 3104 non
963 3042 1144 3103 modo
1192 3053 1431 3104 centum
1478 3053 1542 3105 et
1579 3045 1789 3124 viginti
1835 3046 2076 3105 navium
2124 3043 2379 3104 classem
2419 3042 2687 3102 obsessis

466 3139 691 3200 auxilio
721 3142 1036 3210 miserant:
1071 3139 1177 3201 sed
1208 3149 1268 3203 et
1291 3141 1459 3203 Chiis
1486 3141 1855 3223 Rhodiisque
1884 3143 2091 3204 eadem
2119 3140 2380 3202 audendi
2408 3148 2687 3200 auctores

465 3237 722 3317 fuerant.
753 3275 758 3280 -
810 3240 910 3300 18.
955 3231 1311 3319 Igiturdum
1339 3250 1690 3321 percuratur
1713 3239 1932 3301 vulnus
1961 3241 2021 3300 in
2043 3237 2317 3299 Triballis
2347 3246 2685 3316 acceptum,

468 3337 668 3397 omnia
688 3337 919 3400 occulte
942 3340 1334 3420 praeparabat,
1361 3356 1481 3420 quo
1503 3331 1902 3401 Athenienses
1930 3338 2279 3420 improvisus
2300 3335 2680 3415 opprimeret.

464 3433 805 3496 Exercitum
834 3437 1107 3498 retinenti
1129 3438 1399 3498 obtentui
1422 3449 1594 3500 erant
1616 3439 1950 3521 Illyriorum
1971 3435 2414 3514 nationes,quae
2433 3433 2680 3512 ingenio

464 3530 715 3606 feroces,
758 3542 820 3594 et
864 3534 1160 3594 servitutis
1204 3536 1477 3609 insuetae,
1523 3536 1863 3618 impositum
1909 3554 2097 3616 nuper
2130 3534 2345 3613 jugum
2394 3543 2676 3593 excutere

458 3633 793 3692 tentabant.
905 3633 998 3692 19.
1045 3632 1112 3691 In
1142 3651 1245 3692 eos
1274 3633 1615 3708 Alexander
1644 3633 1904 3705 missuS,¹
1957 3632 2224 3693 barbaris
2250 3631 2396 3690 susis
2424 3630 2677 3709 fugatis-

460 3746 598 3805 que,
643 3750 774 3812 eam
814 3730 889 3791 de
924 3728 1163 3790 fortuna
1187 3739 1364 3812 atque
1393 3733 1607 3795 virtute
1637 3751 1749 3795 sua
1779 3751 1967 3812 spem,
2015 3741 2074 3791 et
2128 3729 2367 3812 reliquis
2402 3729 2568 3803 fecit,
2615 3739 2676 3789 et

528 3968 547 4002 f
574 3969 719 4019 Plut.
756 3970 821 4020 de
852 3973 999 4023 Fort.
1033 3971 1188 4022 Alex.
1228 3987 1266 4022 1.
1306 3978 1385 4025 13.
1409 3973 1521 4025 De·
1663 3972 1678 4006 ¹
1711 3973 1865 4026 Diod.
1897 3975 2002 4027 Sic.
2042 3987 2162 4025 xvr.
2200 3989 2254 4038 p.
2301 3976 2416 4024 538.
2441 3972 2670 4023 Pausan.

458 4047 646 4095 mosth.
664 4044 732 4095 de
752 4046 973 4097 Corona.
1602 4067 1709 4102 vu.
1835 4063 1843 4071 ·
2612 4083 2620 4090 ν

509 4131 549 4166 ·8
583 4123 727 4172 Plut.
767 4124 1107 4175 Demostheu.
1147 4139 1204 4190 p.
1247 4130 1362 4177 854.
1413 4128 1514 4177 De·
1663 4127 1688 4162 Β
1721 4126 1990 4177 Demosth.
2013 4125 2081 4175 de
2116 4126 2341 4180 Corona.
2367 4125 2527 4196 Diod.
2560 4124 2666 4176 Sic.

459 4201 647 4249 mosth.
673 4198 741 4247 de
764 4201 985 4251 Corona.
1297 4216 1302 4226 ¹
1597 4216 1715 4254 xvi.
1738 4219 1790 4267 p.
1815 4208 1929 4254 550.
1950 4218 2096 4269 seqq.

421 4319 424 4322 ,
520 4275 546 4309 ¹¹
579 4276 849 4330 Demosth.
872 4278 936 4329 de
958 4279 1110 4330 Falsa
1131 4279 1320 4344 Legat.
1659 4278 1674 4313 ¹
1711 4282 1858 4333 Curt.
1882 4294 2008 4333 viu.
2035 4285 2082 4330 1.
2106 4284 2187 4330 25.
