2978 4933
2326 364 2445 430 321

253 527 418 587 erat.
469 519 736 615 2831n
785 516 1109 586 subsidiis
1156 541 1305 586 cum
1360 535 1561 588 manu
1603 542 1728 587 sua
1772 522 2054 588 Coenos:
2100 523 2258 609 post
2303 546 2456 598 eum
2522 505 2525 508 .

256 622 569 687 Orestes⁸
602 624 1129 707 Lyncestesque.
1220 623 1391 687 Post
1419 623 1578 688 illos
1611 624 2063 708 Polypercon,
2094 627 2232 691 dux
2266 648 2457 712 pere-

250 724 421 806 grini
440 725 700 789 militis:
747 726 947 810 hujus
988 725 1306 809 agminis‘
1329 724 1666 811 Amyntas
1704 728 2018 811 princeps
2046 736 2202 822 erat.
2293 731 2453 797 Phi-

805 379 921 429 οι..
972 378 1158 429 cxu.
1201 364 1264 429 2.
1341 381 1413 428 A.
1460 380 1580 427 cn.
1627 377 1699 427 N.
1743 365 1893 430 331.

1178 890 1266 911 000
1272 890 1540 913 OOOOOOOOO

259 1011 415 1058 cenes
431 1024 449 1065 ,-
481 1008 630 1057 VosS.
668 1012 715 1058 2.
754 1017 805 1056 et
847 1008 965 1058 alii:
1002 1023 1106 1057 cum
1128 1024 1189 1055 m.
1210 1024 1252 1057 s.
1278 1009 1435 1058 Genus
1448 1026 1470 1067 ,·,
1502 1008 1639 1058 Mer.
1664 1009 1787 1057 Bas.
1810 1008 1922 1058 Col.
1947 1017 2002 1057 et
2027 1009 2178 1059 Voss·
2205 1016 2246 1060 1.
2264 1028 2374 1061 cum
2395 1030 2458 1063 m.

256 1090 300 1123 s.
345 1076 513 1131 cenos.
580 1074 687 1122 Pro
730 1074 926 1122 Orestes
961 1074 1129 1136 vulgg.
1152 1073 1418 1131 Horestes,·
1450 1075 1601 1123 Voss.
1639 1078 1691 1129 2,
1727 1074 2018 1131 Hom-estes,-
2053 1075 2221 1137 Lugd.
2247 1077 2458 1128 Orostes.

257 1138 386 1187 Ald.
410 1139 562 1187 Frob.
586 1139 721 1187 Mer.
760 1139 880 1187 Bas.
904 1145 959 1188 et
993 1139 1105 1188 Col.
1138 1138 1464 1203 Lyncestaque
1483 1154 1503 1196 ‚·
1540 1140 1707 1201 Bong.
1741 1140 1975 1190 Florent.
2000 1146 2054 1188 et
2087 1140 2232 1189 Leid.
2257 1141 2462 1206 Lynces-

256 1210 415 1266 toeque
449 1207 560 1252 suut
575 1220 595 1261 ,·
627 1204 775 1252 Voss.
815 1207 861 1251 1.
900 1208 947 1253 2.
986 1212 1039 1253 et
1063 1204 1198 1251 Dan.
1221 1203 1567 1267 Lyncestesque
1587 1209 1693 1253 sunt
1713 1220 1733 1261 ,·
1767 1203 1884 1253 Pal.
1910 1208 1956 1253 1.
1979 1204 2322 1269 Lyncestesque
2343 1209 2458 1257 siut.

257 1269 491 1318 Pion-ent.
524 1267 673 1317 Leid.
706 1279 761 1319 et
792 1269 941 1317 Voss.
971 1273 1016 1317 1.
1039 1273 1089 1319 2.
1115 1269 1408 1331 Potipercon.
1444 1270 1677 1318 Floreut.
1702 1275 1755 1318 et
1782 1268 1932 1317 Voss.
1958 1273 2002 1317 1.
2038 1272 2216 1331 agmeis
2244 1272 2462 1333 princeps

258 1335 502 1397 Amyntas
514 1350 534 1391 ‚·
568 1334 680 1383 Pal.
705 1338 752 1382 l.
776 1333 984 1395 agminis
1007 1337 1241 1395 Amyntas
1262 1336 1379 1382 dux.
1430 1335 1492 1382 Iu
1516 1334 1697 1382 eodem
1721 1333 1834 1383 cod.
1857 1340 1905 1382 et
1927 1334 2187 1394 Phaligrus
2209 1336 2463 1386 Balacriae

256 1414 315 1446 os
336 1400 523 1460 regebat
543 1414 561 1454 ,-
595 1400 729 1447 Dan.
753 1398 921 1460 Bong.
946 1402 995 1447 2.
1022 1405 1075 1448 et
1100 1399 1253 1448 Voss.
1276 1403 1326 1447 2.
1348 1399 1615 1459 Phaligrus
1636 1399 1913 1447 Balacrieos
1928 1415 1946 1455 ,·
1979 1400 2210 1449 Florem.
2234 1401 2382 1450 Leid.
2408 1411 2463 1451 et

260 1464 421 1511 Voss.
447 1468 491 1512 1.
513 1464 775 1525 Phaligrus
797 1464 1080 1512 Horaericos
1099 1463 1323 1524 regebant
1341 1479 1361 1520 ;
1395 1464 1537 1512 Pith.
1559 1464 1881 1521 Bai-achimas,-
1918 1465 2082 1525 Boug.
2123 1469 2167 1515 1.
2189 1472 2246 1514 et
2269 1467 2461 1515 Fauch.

260 1528 570 1577 Baroecrieos.
636 1528 768 1576 Vide
792 1529 914 1577 Noti
935 1530 1062 1577 Var.
1086 1530 1102 1556 ‘
1121 1530 1288 1577 Locus
1311 1529 1400 1578 bic·
1417 1530 1624 1592 integer
1644 1543 1758 1577 esse
1782 1530 1920 1578 nullo
1936 1530 2085 1578 modo
2110 1539 2302 1592 potest,
2325 1533 2463 1595 quod

263 1609 293 1641 e
318 1593 468 1641 Curt.
493 1605 569 1643 xv·
588 1596 637 1641 6.
659 1597 740 1643 30.
765 1591 831 1642 cf.
859 1607 912 1643 v.
947 1598 995 1642 l.
1017 1597 1099 1642 40.
1132 1593 1336 1642 abunde
1361 1602 1526 1653 patet.
1594 1593 1847 1657 Amyntas
1887 1594 2020 1642 euim
2059 1594 2111 1642 in
2146 1596 2242 1644 hoc
2284 1598 2463 1658 praelio

257 1672 369 1708 non
397 1658 599 1707 aderat.
665 1656 874 1708 Modius
913 1657 1028 1707 ideo
1066 1672 1160 1721 pro
1197 1658 1433 1721 Amyntas
1464 1660 1701 1722 reposuit
1724 1658 1967 1708 Menidas.
2036 1661 2141 1708 Cur
2166 1675 2288 1709 vero
2327 1662 2462 1719 hunc

260 1724 439 1787 potius
462 1723 698 1787 elegerit,
721 1723 861 1772 nulla
884 1723 1062 1772 subest
1085 1738 1253 1771 causa.
1291 1751 1296 1754 -
1324 1724 1511 1787 Neque
1534 1723 1688 1772 etiam
1713 1723 1928 1773 credere
1946 1724 2093 1784 licet,
2114 1724 2250 1774 hunc
2272 1723 2464 1790 Amyn·

263 1797 375 1837 tam
398 1788 549 1838 alium
573 1803 707 1848 esse,
730 1794 887 1852 atque
911 1789 1014 1848 ille,
1036 1788 1101 1837 de
1124 1803 1226 1852 quo
1249 1787 1457 1837 Curtius
1480 1790 1535 1837 11.
1565 1789 1618 1837 11.
1642 1789 1886 1851 loquitur.
1955 1789 2081 1837 Erat
2117 1789 2158 1837 is
2180 1790 2464 1844 Androme-

261 1854 349 1902 nis
375 1854 529 1917 filius,
552 1861 604 1901 et
627 1852 835 1902 Arrian.
861 1868 949 1902 111.
974 1857 1053 1902 11.
1082 1868 1175 1916 per
1195 1854 1442 1902 incuriam
1466 1868 1583 1903 eum
1604 1853 1836 1916 Philippi
1863 1852 1902 1901 f.
1924 1851 2078 1915 dixit,
2103 1869 2254 1916 quem
2279 1869 2366 1904 111.
2387 1860 2464 1905 16.

260 1917 573 1968 redeuntem
610 1915 995 1983 conductosque
1035 1919 1224 1968 milites
1254 1917 1598 1980 adducentem
1622 1927 1677 1966 et
1700 1920 1888 1981 passim
1912 1915 2258 1972 Andromenis
2290 1918 2467 1969 fsrec-

265 1984 371 2033 tius
397 1994 567 2034 vocat.
634 1984 818 2047 Itaque
842 1983 1099 2033 medicina
1119 1998 1249 2047 opus
1272 1991 1354 2032 est
1376 1984 1496 2033 huic
1519 1985 1648 2045 loco,
1670 1999 1821 2047 quam
1845 1998 1909 2031 ex
1934 1983 2140 2032 Arriau.
2163 1998 2249 2034 111.
2276 1988 2360 2037 11.⁴
2377 1985 2467 2033 de-

263 2050 478 2105 sumito,
500 2048 588 2113 qni
610 2048 677 2097 de
699 2048 876 2096 eadem
902 2062 958 2096 re
981 2050 1055 2098 ita
1077 2055 1255 2098 narrat
1278 2064 1291 2095 ε
1324 2048 1430 2097 Ἐπὶ
1454 2047 1507 2097 δὲ
1527 2048 1559 2108 ἦ
1579 2050 2008 2110 Πολυσπέρχοντος
2028 2050 2117 2096 τοῦ
2137 2050 2359 2110 Συμμίου,
2390 2050 2466 2099 ἐπὶ

263 2112 317 2163 δὲ
339 2112 374 2172 ἦ
394 2113 625 2174 Ἀμύντου
644 2114 731 2161 τοῦ
750 2112 999 2175 Φιλίππου,
1036 2114 1147 2176 (vel
1180 2113 1352 2176 potius
1377 2112 1768 2177 Andromenis,)
1799 2112 1979 2171 ταύτης
1999 2111 2049 2162 δὲ
2070 2112 2231 2175 ἡγεῖτο
2254 2115 2468 2175 Σιμμίας,

263 2180 341 2227 ὅτι
362 2180 591 2239 Ἀμύντας
611 2178 687 2228 ἐπὶ
719 2177 1011 2228 Μακεδονίας
1033 2180 1082 2228 ἐς
1111 2176 1349 2240 ξυλλογὴν
1370 2181 1603 2243 στρατιᾶς
1617 2177 1907 2239 ἐσταλμένος
1928 2178 2002 2238 ἦν.
2070 2180 2270 2231 Quibus
2295 2182 2467 2230 verbis

264 2246 460 2307 colligo
484 2244 717 2293 Curtium
745 2254 976 2293 nostrum
1002 2245 1075 2294 ita
1098 2246 1397 2308 scripsisse:
1423 2245 1561 2306 hujus
1582 2244 2094 2309 (Polysperchontis)
2104 2252 2244 2309 pater
2262 2246 2470 2306 agminis

264 2312 493 2373 Amyutae
525 2311 743 2373 princeps
777 2316 897 2358 erat.
965 2308 1083 2359 Hoc
1119 2310 1271 2359 modo
1307 2309 1462 2358 simul*
1496 2309 1823 2373 intelligitur,
1867 2325 1960 2359 cur
1998 2324 2097 2360 non
2135 2309 2338 2371 ducem,
2378 2313 2468 2361 sed

266 2376 558 2438 principem
585 2389 699 2423 eum
733 2376 1089 2438 appellaverit.
1156 2377 1278 2424 Dux
1302 2375 1438 2424 enim
1463 2375 1678 2438 agminis
1702 2374 1953 2439 Amyntas
1976 2384 2109 2438 erat,
2129 2391 2231 2441 quo
2255 2378 2469 2426 absente

265 2440 435 2490 frater
475 2448 596 2489 natu
638 2440 804 2489 minor
837 2439 1095 2501 Simmias,
1116 2439 1582 2504 Polyspercbontis
1618 2448 1788 2505 pater,
1813 2441 2060 2491 militibus
2086 2441 2309 2491 vicarius
2345 2443 2470 2505 dux,

269 2521 366 2554 seu
405 2507 649 2569 princeps
686 2512 932 2568 praeerat.
952 2540 965 2555 .
985 2507 1374 2555 ..Balacrorum
1415 2513 1624 2565 gentem
1662 2508 1711 2556 iu
1737 2507 1919 2570 priscis
1952 2509 2249 2557 auctoribus
2274 2507 2472 2557 frustra

263 2571 593 2635 quaesiveris,
660 2571 907 2620 Balacrus
950 2585 1093 2632 vero,
1127 2570 1231 2619 dux
1262 2571 1503 2634 militum,
1539 2587 1604 2620 ex
1630 2570 1873 2634 Arriano,
1903 2573 2150 2634 Diodom,
2191 2580 2246 2621 et
2285 2573 2469 2622 Curtio

268 2637 388 2699 ipso
418 2649 496 2684 ιν.
517 2641 566 2685 5.
593 2639 669 2687 13.
696 2644 749 2686 et
774 2649 896 2687 vm.
924 2640 1001 2684 ll.
1024 2639 1105 2685 22.
1129 2637 1252 2686 satis
1274 2643 1443 2685 notus.
1510 2638 1555 2686 E
1580 2637 1833 2686 varietate
1867 2637 2105 2689 lectionis
2130 2644 2278 2701 patet
2301 2652 2468 2702 neque

1249 2782 1461 2834 NOTAE

267 2909 656 2967 gentes-scuta,
693 2903 833 2952 unde
858 2902 1207 2967 Argyraspides
1225 2899 1332 2950 dic-

266 2981 309 3028 ti
339 2985 509 3038 sunt,
549 2993 651 3027 non
694 2979 836 3043 prius
883 2979 1127 3042 habuere,
1180 2993 1331 3043 quam

267 3055 577 3119 Alexander
634 3054 871 3104 Indicam
944 3055 1331 3120 expeditionem

267 3135 583 3196 susciperet,
619 3133 754 3197 quod
794 3134 907 3196 ipse
941 3140 1165 3182 testatur
1204 3133 1333 3182 Cur-

267 3212 376 3260 tius
404 3210 496 3258 lib.
524 3223 647 3259 vnl.
688 3225 803 3274 cap.
828 3216 875 3258 5.
919 3217 972 3259 et
998 3210 1138 3261 Just.
1161 3210 1248 3259 lib.
1269 3224 1331 3259 11.

268 3304 389 3352 cap.
411 3295 462 3337 7.
500 3304 659 3353 quare
690 3289 941 3339 Arrianus
964 3290 1048 3338 hic
1070 3304 1169 3341 uon
1193 3290 1334 3351 ἀργυ-

266 3366 526 3431 ράσπιδας,
546 3367 636 3416 sed
661 3366 978 3432 ὑπασπιστὰς,
1000 3374 1166 3417 vocat'·
1210 3368 1335 3417 Sub-

266 3447 437 3508 sidiis]
470 3445 566 3495 Les
583 3461 715 3510 corps
731 3448 790 3495 de
809 3460 1010 3496 reserva

1413 2909 1574 2950 cestae
1601 2916 1825 2967 quoque,
1847 2902 1976 2964 sive,
2008 2909 2064 2949 ut
2089 2901 2473 2959 vocatStrabo,

1413 2978 1699 3044 Lyncistae,
1735 2979 1785 3028 in
1813 2977 2122 3028 Macedonia
2153 2979 2474 3028 collocantur

1416 3070 1444 3103 a
1460 3056 1634 3105 Plinio
1654 3072 1668 3116 ;
1691 3056 1949 3120 regionem
1967 3056 2286 3104 Ptolemaeus
2305 3059 2319 3082 ⁴
2341 3057 2475 3119 Lyn-

1415 3131 1696 3181 cestidem'
1738 3140 1923 3182 vocat,
1975 3132 2079 3181 Sed
2102 3133 2309 3196 Lyncos
2336 3133 2472 3196 apud

1416 3210 1735 3274 Stephanum
1776 3210 1897 3259 urbs
1942 3217 2022 3258 est
2065 3210 2242 3272 Epiri3
2290 3210 2474 3258 incolae

1418 3288 1698 3350 Lyncistae.
2278 3336 2284 3343 ,
2466 3317 2472 3321 -

1479 3367 1496 3396 ⁸
1531 3363 1696 3423 Hujus
1714 3363 1944 3426 αςηιὶηὶε]
1976 3362 2294 3412 =Videndnm
2326 3363 2475 3425 cujus

1414 3441 1638 3501 agminis,
1659 3454 1811 3504 quem
1834 3439 2112 3503 Amyntam,
2131 3454 2301 3505 quove
2322 3438 2475 3488 modo

268 3543 278 3548 ·
334 3533 354 3556 ⁵
394 3526 592 3572 Orestes
633 3522 865 3585 [Orestoe]
920 3524 1006 3573 Sic
1061 3523 1334 3587 legendum
1411 3519 1676 3582 principem
1696 3518 1859 3568 dicat.
1893 3519 2045 3566 Illum
2071 3518 2350 3580 Amyntam
2379 3517 2478 3565 Ar-

271 3602 422 3651 docti
446 3601 631 3650 merito
649 3607 982 3665 censuerunt,
999 3614 1098 3649 non
1128 3602 1336 3661 Orestes,

269 3681 550 3743 Lyncestes.
617 3678 940 3742 Populorum
965 3677 1099 3733 enim
1117 3678 1227 3728 baec
1247 3691 1337 3728 no-

273 3760 416 3805 mina
461 3761 629 3817 erant,
682 3770 784 3804 non
828 3755 1055 3804 virorum
1108 3754 1336 3818 propria.

275 3834 486 3883 Orestoe
533 3833 584 3879 in
622 3831 782 3896 Epiro
816 3836 940 3880 sunt
970 3831 1213 3881 Straboni
1250 3831 1338 3881 lib.

276 3922 386 3960 vn.
442 3907 615 3957 Plinio
636 3909 689 3957 in
712 3907 1044 3969 Macedonia,
1075 3908 1129 3956 in
1162 3922 1265 3972 qua
1285 3915 1341 3958 et

278 3985 491 4038 Orestis
519 3985 665 4048 regio
698 3984 986 4034 Ptolemaeo
1007 3990 1339 4034 memoratur.

279 4065 441 4114 Forte
463 4063 550 4111 alii
576 4063 787 4111 aliorum
823 4062 1039 4112 coloniae
1073 4068 1209 4124 sunt,
1240 4062 1342 4112 nisi

284 4141 456 4205 potius
476 4137 666 4188 Strabo
688 4134 904 4202 Epirum
929 4152 1166 4201 magnam
1189 4137 1340 4186 intel·

285 4218 435 4279 lexit,
457 4230 574 4281 quae
615 4213 938 4264 Macedoniae
961 4223 1162 4278 partem
1188 4213 1343 4264 Occi-

290 4295 439 4346 dnsm
464 4293 561 4343 sub
581 4293 822 4344 Romanis
840 4279 1156 4344 continebat.
1208 4295 1343 4358 Lyn·

416 4376 592 4440 Delph.
606 4382 654 4434 et
684 4378 800 4428 Ver.
822 4375 952 4426 Clas.

1419 3598 1590 3644 rianus
1612 3596 1702 3646 lib.
1726 3609 1812 3644 111.
1869 3595 2100 3658 Philippi
2123 3593 2280 3652 filium
2307 3602 2478 3654 vocat,

1421 3687 1642 3736 eumque
1688 3674 1854 3735 ipsum
1893 3685 2009 3720 esse
2043 3670 2172 3719 dicit
2205 3670 2289 3733 qui
2331 3669 2480 3718 Gaza

1420 3757 1575 3813 capta
1597 3749 1837 3798 remissus
1861 3748 1925 3798 ab
1951 3747 2249 3796 Alexandro
2286 3747 2335 3793 iu
2362 3747 2476 3794 Ma-

1418 3826 1688 3879 cedoniam
1723 3823 1898 3873 fuerat
1940 3824 2007 3872 ad
2047 3821 2478 3873 conscribendum

1418 3903 1654 3964 militem,
1676 3902 1860 3968 (supra
1880 3917 1995 3966 cap.
2019 3900 2098 3967 6.)
2134 3901 2288 3951 Unde·
2307 3916 2478 3950 rever·

1422 3995 1535 4029 sum
1569 3981 1830 4044 aliquanto
1864 3986 1982 4043 post
2005 3994 2231 4043 pugnam
2254 3979 2478 4029 Arbelli-

1422 4075 1537 4109 cam
1561 4058 1847 4109 videbimus
1876 4059 1969 4108 lib.
1992 4074 2048 4120 ν.
2071 4075 2117 4109 c.
2138 4063 2187 4108 1.
2210 4059 2299 4107 sed
2324 4061 2478 4108 istum

1422 4139 1614 4188 ibidem
1641 4137 1867 4194 Curtius,
1891 4136 2043 4185 immo
2066 4137 2178 4200 ipse
2210 4132 2491 4197 Arrianus,

1423 4213 1750 4283 postmodum
1784 4220 2133 4277 revertentem
2170 4228 2199 4262 e
2235 4212 2478 4263 Macedo-

1423 4292 1509 4341 nia
1532 4292 1873 4343 Andromenis
1898 4290 2082 4354 filium,
2105 4305 2205 4340 non
2229 4290 2479 4352 Philippi,

1291 4374 1352 4429 Q.
1380 4375 1521 4423 curt.
2298 4370 2348 4429 x
