2978 4933
447 322 535 388 78
1245 342 1305 392 s.
1354 340 1859 391 rnarusflnmr

450 482 645 558 benis,
686 501 822 544 eum
857 483 941 544 ita
969 485 1194 556 statuit,
1246 496 1313 547 ut
1356 487 1415 546 in
1448 485 1736 551 adversos
1764 486 1907 548 solis
1936 486 2134 547 radios
2158 505 2500 561 conversus,
2525 506 2650 548 nm-

450 582 618 642 bram
641 599 810 642 suam
832 582 1178 663 conspicere
1199 601 1320 644 non
1347 593 1594 663 posset:
1621 604 1693 647 ea
1715 585 1875 651 enim
1898 596 2076 648 antea
2097 585 2438 647 exterritum
2461 586 2652 646 acrius

452 678 735 740 ferocisse
765 680 1215 743 observaveratt
1259 700 1516 761 cumque
1545 682 1929 744 nihilominus
1976 692 2279 756 aestuaret,
2314 682 2525 763 jubam
2553 682 2654 743 de-

452 776 744 851 mulcens,
785 777 1144 860 dimissaque
1175 780 1397 840 sensim
1425 781 1765 863 chlamyde,
1808 782 1868 841 in
1916 783 2259 844 saevientem
2288 781 2488 843 adhuc
2518 779 2654 842 insi-

451 874 542 936 lit.
616 877 713 937 17.
743 875 854 936 Ille
883 877 1130 956 parendi
1159 876 1422 938 insolens
1445 879 1734 941 cervicem
1768 888 1828 940 et
1857 878 2052 940 calces
2072 880 2325 960 jactare,
2354 878 2655 958 multaque

452 969 784 1053 pervicacia
826 985 1036 1033 contra
1085 975 1333 1034 fraenum
1380 974 1487 1035 niti
1512 994 1531 1045 ς
1575 974 1831 1057 denique
1879 977 2178 1059 proripere
2228 995 2294 1037 se
2335 976 2562 1049 conari,
2601 986 2658 1034 et

453 1070 680 1150 ingenti
702 1068 984 1131 violentia
1012 1069 1255 1139 cursum
1279 1070 1489 1134 moliri.
1581 1075 1677 1133 18.
1717 1073 1996 1154 Spatiosa
2022 1083 2083 1135 et
2108 1073 2444 1152 equitabilis
2472 1072 2659 1154 plani·-

454 1167 568 1228 ties
615 1168 886 1236 suberat;
931 1188 1073 1247 ergo
1120 1169 1501 1231 ferocientem
1548 1170 2056 1252 exultantemque.
2081 1172 2285 1233 effusis
2326 1172 2386 1230 in
2438 1171 2656 1233 collum

454 1265 725 1338 habeniS,
756 1265 1103 1346 adactisque
1127 1267 1426 1329 calcaneis
1455 1288 1594 1330 cum
1625 1270 1852 1349 ingenti
1881 1269 2138 1351 clamore
2168 1271 2228 1330 in
2254 1289 2501 1332 cursum
2530 1288 2659 1348 per-

455 1365 657 1426 mittit.
750 1366 842 1424 19.
886 1364 1106 1444 Ingens
1151 1364 1367 1426 deinde
1411 1367 1606 1448 campi
1636 1367 1892 1447 spatium
1924 1377 2184 1441 evectus,
2217 1367 2346 1448 jam
2374 1366 2659 1427 lassatum

458 1476 521 1524 et
546 1461 871 1533 consistere
900 1464 1194 1524 volentem
1223 1464 1528 1544 impellere
1557 1485 1676 1526 non
1707 1476 1886 1527 antea
1914 1467 2162 1540 destitit,
2198 1485 2379 1546 quam
2405 1465 2660 1539 exhaus-

459 1572 585 1622 tum
625 1581 825 1634 cursu,
868 1570 927 1621 et
975 1560 1176 1622 labore
1222 1561 1539 1634 domitum,
1583 1562 2038 1625 mansuetiorem
2079 1563 2205 1643 jam
2253 1562 2662 1641 mitioremque

458 1658 813 1721 reduxisset.
897 1661 1001 1723 20.
1032 1658 1513 1720 Descendentem
1544 1661 1920 1720 manantibus
1947 1658 2167 1740 gaudio
2194 1658 2473 1740 lacrymis
2503 1677 2661 1721 com·-

459 1757 671 1839 plexus
699 1768 793 1818 est
815 1766 1015 1836 pater:
1057 1757 1385 1836 osculoque
1409 1756 1589 1835 capiti
1617 1756 1926 1837 impresso,
1957 1765 1974 1793 ‘
1999 1758 2190 1838 majus
2218 1757 2529 1839 imperium
2558 1755 2678 1833 sibi⁸

459 1853 944 1937 circumspicere'
974 1854 1179 1934 jussit,
1220 1861 1236 1889 ⁴
1264 1873 1371 1915 nec
1421 1853 1798 1918 Macedoniae
1842 1874 2091 1937 regnum
2136 1864 2367 1916 tantam
2400 1852 2660 1917 indolem

460 1951 718 2033 capere.{
796 1955 894 2014 21.
939 1951 1219 2013 Posthaec
1268 1949 1645 2031 Bucephalas
1672 1972 1808 2017 cum
1838 1952 1899 2014 in
1928 1963 2157 2014 ceteros
2186 1951 2469 2012 ferociam
2499 1966 2661 2013 suam

459 2050 759 2124 retineret,
800 2050 904 2111 uni
933 2049 1273 2112 Alexandro
1302 2050 1450 2111 mira
1479 2049 1879 2112 submissione
1916 2050 2111 2130 paruit
2134 2060 2193 2118 ς·
2232 2048 2665 2136 multorumque

462 2167 602 2209 mox
629 2148 893 2209 laborum
923 2159 1101 2230 atque
1129 2147 1530 2213 discriminum
1562 2147 1783 2222 socius,
1810 2148 1871 2209 in
1900 2148 2107 2230 praelio
2131 2145 2420 2213 adversus
2452 2146 2667 2209 Porum

463 2247 684 2326 periit.⁰
763 2250 864 2306 22.
909 2248 1174 2326 Dignum
1222 2246 1283 2306 id
1329 2256 1740 2325 argumentum
1772 2247 1963 2305 visum
1993 2254 2119 2319 est,
2147 2264 2266 2325 quo
2308 2242 2670 2309 illustrarent

465 2363 644 2425 opera
674 2363 780 2404 sua
809 2344 1157 2404 nobilissimi
1188 2343 1474 2403 artifices:
1520 2342 1673 2403 duas
1720 2363 1793 2402 ex
1837 2362 2124 2403 marmore
2175 2352 2406 2409 statuas
2453 2360 2670 2422 equum

468 2441 765 2512 domantis
810 2451 1149 2511 ostentant;
1196 2438 1513 2501 Praxitelis
1561 2449 1623 2501 et
1671 2439 1901 2502 Phidiae
1948 2451 2267 2502 certamen.
2350 2436 2673 2512 Alexandri

467 2558 571 2601 eas
599 2539 886 2620 imagines
916 2559 1070 2612 esse,
1122 2538 1394 2619 quamvis
1424 2536 1644 2620 ambigi
1673 2539 1884 2619 possit,
1936 2551 2209 2601 auctores
2237 2537 2401 2606 haud
2430 2533 2670 2602 obscuri

469 2637 873 2704 crediderunt.

548 2736 625 2798 V.
677 2739 729 2797 1.
760 2736 873 2797 His
895 2748 1073 2817 atque
1097 2738 1361 2800 talibus
1345 2736 1569 2819 ingenii
1599 2735 1893 2818 animique
1914 2736 2328 2818 experimentis
2349 2755 2485 2798 eam
2515 2685 2671 2816 apud

469 2834 810 2917 Philippum
838 2836 1333 2898 existimationem
1363 2846 1575 2897 nactus
1603 2844 1717 2906 est,
1764 2847 1832 2896 ut
1859 2856 1993 2895 cum
2024 2835 2150 2915 ipse
2180 2834 2544 2916 Byzantinos
2571 2834 2675 2893 ob

473 2931 704 2994 sidione
751 2945 1009 3013 urgeret,
1060 2933 1339 2997 idoneum
1381 2934 1508 3014 jam
1554 2932 1871 3002 crediderit
1916 2933 2123 3005 filium,
2169 2932 2268 2998 cui
2310 2931 2519 3000 libera,
2541 2948 2673 3002 cum

470 3039 771 3111 potestate
801 3028 1181 3098 ¹Macedoniae
1210 3050 1412 3090 curam
1440 3029 1878 3104 committeret,⁸
1927 3048 2114 3090 annos
2144 3029 2387 3091 omnino
2416 3028 2672 3092 sedecim

470 3127 812 3189 habentem.
895 3129 954 3187 2.
1002 3128 1137 3196 Quo
1164 3137 1470 3209 comperto
1502 3127 1880 3189 Medarorum
1905 3127 2171 3208 quidam,
2209 3126 2460 3188 Thracia
2492 3125 2674 3195 natio,

475 3223 849 3286 Macedoniae
879 3224 1168 3305 subjecta,
1199 3239 1595 3308 opportunum
1635 3224 1976 3299 defectioni,
2020 3244 2198 3305 quam
2229 3222 2457 3285 dudum
2488 3223 2677 3305 agita·-

473 3322 641 3395 bant,
670 3333 903 3404 tempus
932 3321 1248 3385 advenisse
1292 3324 1425 3397 rati,
1452 3322 1706 3385 consilia
1733 3320 2050 3383 nudavere.
2157 3320 2279 3381 Sed
2322 3319 2674 3385 adolescens

475 3421 852 3482 ostentandae
894 3421 1127 3484 virtutis
1166 3422 1480 3483 occasione
1510 3421 1706 3495 laetus,
1758 3439 1895 3481 cum
1924 3419 2176 3482 ducibus
2206 3437 2242 3479 a
2267 3430 2433 3499 patre
2462 3415 2675 3480 relictis

476 3538 725 3602 propere
751 3519 810 3580 in
837 3539 940 3581 eos
968 3522 1187 3582 movit:
1231 3520 1519 3599 victisque
1548 3531 1608 3580 et
1634 3518 1836 3599 ejectis
1865 3518 2203 3591 rebellibus,
2245 3518 2449 3578 urbem
2478 3534 2677 3577 eorum

478 3618 622 3678 varii
651 3619 885 3698 generis
934 3619 1215 3680 convenis
1260 3617 1648 3679 habitandam
1696 3615 1894 3675 dedit:
1939 3614 2025 3673 illi
2053 3609 2579 3694 Alexandropolim
2605 3627 2678 3672 ex

477 3715 715 3778 nomine
744 3715 1002 3778 auctoris
1050 3717 1141 3784 sui
1191 3714 1611 3797 appellavere?
1694 3717 1750 3774 3.
1795 3712 2107 3792 Philippus
2149 3722 2364 3773 eventu
2407 3711 2489 3771 rei
2530 3729 2676 3791 gau-

480 3811 652 3885 dens,
696 3823 956 3875 ceterum
1003 3813 1292 3888 solicitus,
1342 3833 1418 3874 ne
1470 3831 1582 3874 suo
1631 3810 1868 3871 arbitrio
1914 3808 2236 3892 permissus
2285 3806 2676 3869 adolescentis

482 3908 736 3986 animus,
755 3911 981 3992 majora
1002 3911 1222 3976 viribus
1243 3932 1377 3978 cum
1403 3911 1587 3978 exitio
1614 3918 1984 3991 capesseret;
2018 3907 2288 3972 evocavit
2314 3925 2470 3988 eum,
2502 3917 2586 3981 ut,
2615 3923 2676 3964 se

549 4108 573 4138 a
608 4101 753 4154 curt
775 4119 851 4158 vg
876 4110 925 4157 5
949 4110 1029 4160 13,
1687 4109 1712 4137 ⁸
1744 4101 1885 4153 Plnt.
1912 4100 2066 4153 Alex.
2093 4118 2142 4168 p.
2162 4107 2278 4154 668.

547 4179 750 4232 ⁰.Curt
790 4183 1160 4236 v111.14.34.
1202 4180 1345 4270 Plut.
1384 4179 1542 4233 Alex.
1686 4178 1711 4214 b
1744 4178 1889 4227 Plnt.
1932 4177 2080 4234 Alex.
2120 4182 2155 4232 l.
2196 4182 2229 4231 Ι.
2272 4178 2525 4243 Steplian.
2564 4185 2676 4224 voc.

486 4271 539 4319 p.
557 4260 672 4308 099.
1620 4251 1957 4318 megaram.
2509 4285 2519 4290 ,
