2978 4933
451 393 583 460 220
917 415 982 474 Q.
1029 410 1294 462 cuit‘rn
1344 415 1527 463 num
1582 416 1726 462 ms.
1773 417 1876 465 ιν.
1924 416 2088 466 cn.
2135 401 2196 465 1.

453 555 690 639 ipsius,
720 557 900 640 quod
931 557 1272 624 celeritate
1321 561 1689 644 praecipere
1737 563 2122 645 potuisset.·
2206 562 2273 626 4.
2321 560 2413 628 At
2439 561 2674 626 Alex-

454 659 659 725 ander
685 658 1243 739 Parmenionem‚‘¹
1287 682 1406 746 per
1454 682 1653 746 quem
1695 662 1882 747 apud
1927 663 2344 729 Damascum
2386 672 2674 748 recepta

454 771 597 829 erat
625 765 881 849 praeda,
903 765 1176 851 jussum
1218 768 1242 799 ‘
1267 784 1416 830 eam
1451 767 1663 850 ipsam
1692 773 1761 832 et
1790 768 2093 851 captivos
2118 767 2417 850 diligenti
2446 787 2678 831 asser-

453 888 609 933 vare
654 869 1010 949 custodia:
1053 871 1295 955 Syriae,
1343 891 1547 955 quam
1604 869 1964 936 ‘coelen’2
2004 877 2278 949 vocant,
2326 869 2675 955 praefecit.

452 974 518 1036 5.
567 972 841 1040 Novum
872 975 1222 1058 imperium
1252 974 1429 1059 Syri,
1458 974 1756 1040 nondum
1794 975 1954 1039 belli
2003 974 2308 1038 cladibus
2343 973 2505 1037 satis
2543 972 2678 1036 do-

452 1076 623 1154 miti,
653 1080 1224 1162 aspernabantur:
1272 1077 1391 1142 sed
1447 1078 1750 1142 celeriter
1796 1077 2052 1141 subacti
2102 1077 2480 1141 obedienter
2539 1075 2677 1139 im-

452 1189 694 1264 perata
738 1182 1059 1248 fecerunt.
1145 1183 1211 1248 6.
1257 1181 1530 1247 Aradus
1556 1177 1577 1215 f
1627 1201 1896 1266 quoque
1949 1181 2172 1244 insula
2217 1179 2470 1243 deditur
2496 1178 2675 1261 regi.

454 1281 868 1349 Maritimam
901 1290 1040 1349 tum
1086 1306 1267 1351 oram
1296 1291 1366 1349 et
1394 1285 1737 1368 pleraque,
1767 1284 2030 1367 longius
2060 1285 2262 1347 etiam
2294 1303 2334 1347 a
2362 1282 2529 1346 mari
2566 1300 2677 1344 re-

455 1376 785 1464 cedentia,
816 1408 938 1450 rex
971 1388 1119 1473 ejus
1150 1389 1393 1454 insulae
1426 1388 1699 1454 Strato⁸
1729 1387 2157 1472 possidebat:
2208 1386 2427 1470 quoin
2456 1384 2675 1448 fidem

454 1493 761 1571 accepto,
811 1498 1032 1555 castra
1081 1492 1297 1557 movit
1351 1489 1437 1556 ad
1487 1493 1723 1557 urbem
1773 1487 2183 1556 Marathon.¹¹
2269 1491 2335 1554 7.
2398 1488 2504 1552 Ibi
2561 1488 2675 1553 illi

451 1591 664 1655 literae
696 1611 737 1656 a
771 1593 981 1658 Dario
1010 1594 1414 1661 redduntur:
1459 1596 1707 1680 quibus
1746 1601 1819 1660 ut
1852 1594 2136 1679 superbe
2167 1591 2437 1675 scriptis
2459 1592 2673 1656 vehe-

454 1700 700 1759 menter
729 1696 1025 1762 offensus
1049 1706 1194 1763 est:
1225 1699 1574 1783 praecipue
1603 1719 1754 1763 eum
1772 1699 2005 1776 movit,
2037 1696 2220 1782 quod
2246 1695 2496 1762 Darius
2524 1696 2672 1762 sibi

455 1875 731 1991 ιηζςέῖιέω
751 1877 805 1925 id
838 1877 986 1926 solum
1006 1892 1276 1928 mammas
1295 1878 1347 1929 in
1367 1890 1457 1927 sua
1491 1883 1743 1942 potest-te,
1763 1878 1884 1940 qnod
1916 1876 2158 1927 celerftssu
2178 1876 2312 1942 W
2330 1887 2557 1938 ‘'cmm'‘
2576 1887 2671 1938 P⁰‘

1377 2037 1744 2058 OOOOOOOOOOO

447 2151 679 2215 potuisset
698 2168 715 2208 ‚·
776 2154 1005 2203 Florent.
1036 2154 1185 2205 Leid.
1210 2162 1266 2205 et
1288 2155 1442 2205 Voss.
1467 2159 1516 2206 1.
1541 2160 1589 2205 2.
1624 2157 1882 2221 proecipere
1913 2155 2162 2219 potuisset,
2200 2153 2359 2218 quod,
2405 2151 2665 2214 probante

451 2216 736 2275 Scheffero,
771 2220 997 2268 restituit
1020 2219 1434 2271 Schmieder.—-4
1468 2221 1543 2270 At
1566 2222 1716 2271 deest
1739 2223 1789 2270 in
1816 2223 1966 2271 Voss.
1994 2225 2041 2270 1.
2066 2226 2122 2270 et
2156 2219 2300 2269 Pius.
2341 2219 2460 2267 Pal.
2485 2221 2533 2265 1.
2558 2231 2666 2265 eam

451 2285 500 2329 et
522 2283 749 2343 captivos,
774 2285 959 2334 omisso
983 2286 1155 2347 ipsam.
1204 2285 1339 2334 Dan.
1368 2288 1536 2344 Colen,
1561 2295 1615 2335 et
1638 2294 1933 2337 correctum
1961 2287 2120 2336 Coelen
2140 2300 2170 2333 a
2192 2300 2257 2334 m.
2280 2297 2385 2333 sec.
2432 2282 2591 2330 Voss.
2615 2286 2664 2329 l.

456 2346 652 2403 C'aelon3
702 2349 849 2396 Voss.
873 2352 924 2398 2.
951 2349 1257 2398 Celerina—5
1294 2351 1444 2400 Voss.
1465 2356 1518 2401 2.
1541 2351 1682 2401 Sir-ii.
1710 2352 1877 2406 Pius.
1900 2355 2113 2401 nundum
2137 2365 2232 2412 pro
2254 2350 2482 2406 nondum,
2505 2354 2562 2395 et
2586 2346 2662 2395 sic

453 2408 718 2473 deinceps.
789 2413 915 2460 Mox
940 2414 1079 2462 Dan.
1105 2415 1331 2472 Leid.„et
1356 2415 1512 2466 Voss.
1538 2421 1586 2468 1.
1623 2417 2026 2466 oboedienter.—6
2062 2415 2310 2466 Arrhodus
2330 2427 2513 2478 quoque
2536 2410 2659 2460 Ald.

453 2476 651 2525 Nardus
670 2492 845 2540 quoque
868 2479 1019 2528 Voss.
1041 2484 1093 2529 2.
1142 2494 1259 2530 cum
1282 2481 1588 2546 quibusdam
1612 2481 1733 2530 edd.
1769 2488 1902 2531 vett.
1945 2487 2051 2531 tum
2085 2481 2252 2529 horam
2289 2480 2453 2540 Bong.
2506 2483 2663 2526 tamen

449 2538 615 2590 horam
634 2543 774 2591 Dan.
799 2543 946 2593 Leid.
965 2545 1119 2595 Voss.
1141 2551 1185 2595 1.
1209 2554 1266 2596 et
1289 2547 1488 2598 Erasm.
1538 2548 1799 2598 Marathe„
1823 2548 1976 2596 Voss.
1998 2550 2149 2596 2.—7
2185 2544 2334 2594 Leid.
2357 2549 2414 2592 et
2438 2542 2596 2592 Voss.
2617 2547 2666 2590 l.

1453 2684 1504 2735 N
1512 2684 1672 2736 0⁹1·AE

513 2780 539 2814 ὓ
587 2779 973 2846 Parmenionem]
1034 2782 1199 2848 Atqui
1240 2782 1515 2845 Arrianus,
1597 2780 1864 2833 tendatur.
1930 2781 1994 2830 In
2019 2795 2081 2830 ea
2106 2778 2209 2829 fnit
2230 2779 2534 2828 Damascus.

447 2855 583 2905 baud
622 2858 780 2920 paulo
819 2859 1117 2909 accuratior
1157 2860 1210 2908 in
1258 2860 1514 2923 ejusmodi
1660 2858 1679 2894 ¹
1721 2857 1938 2922 Aradus]
2008 2857 2284 2906 Phoenices
2330 2856 2435 2914 vel,
2477 2861 2536 2902 ut
2580 2852 2666 2902 alii

448 2932 743 2983 nominibus
767 2935 1514 2999 repraesentandis,Menonem
1597 2939 1797 2998 volunt,
1826 2936 2125 3001 Coelesyriae
2153 2932 2319 2983 littori
2361 2930 2570 2995 objecta
2593 2930 2668 2978 in·

447 3007 612 3058 fuisse
655 3010 800 3071 dicit,
844 3013 989 3076 cujus
1033 3014 1193 3061 etiam
1231 3026 1517 3074 cognomen
1599 3016 1710 3064 sula
1750 3015 1859 3063 sive
1902 3028 2104 3074 saxum,
2140 3017 2340 3074 septem
2381 3007 2666 3056 stadiorum

451 3086 668 3150 adjecit,
702 3088 1006 3150 Cerdimas;
1039 3095 1094 3138 et
1116 3087 1229 3138 fieri
1261 3097 1520 3153 potestat
1598 3092 1817 3153 ambitu,
1860 3090 1991 3139 mari
2037 3085 2431 3146 circumfusum,
2480 3091 2540 3133 ut
2594 3083 2671 3133 ait

448 3162 660 3212 Curtius
677 3164 861 3227 partim
877 3165 1064 3216 vitioso
1081 3167 1388 3231 exemplari,
1404 3182 1520 3232 par·
1597 3168 1784 3218 Strabo
1803 3188 1817 3229 ;
1858 3165 2045 3230 viginti
2069 3181 2100 3214 a
2124 3165 2431 3214 continente
2451 3160 2668 3209 distans.

450 3240 545 3289 tim
593 3241 762 3307 aliqua
802 3242 1074 3295 vicinitate
1119 3246 1382 3296 nominum
1426 3246 1518 3297 de·
1600 3244 1737 3294 Huic
1775 3242 2060 3306 respondet
2106 3242 2157 3291 in
2198 3239 2443 3303 opposito
2489 3237 2666 3287 littore

449 3323 637 3380 ceptus
658 3320 741 3368 sit.
1596 3320 1919 3380 Antarados,
1943 3317 2323 3369 recentioribus
2348 3315 2565 3366 Tor-losa.

512 3401 536 3427 e
572 3395 756 3459 coelen]
782 3398 948 3461 Syria,
972 3401 1075 3449 late
1098 3408 1267 3451 sumto
1288 3402 1516 3464 nomine,
1659 3405 1685 3441 Β
1719 3397 1911 3461 Strato]
1953 3396 2111 3445 Hunc
2156 3394 2406 3444 Arrianus
2446 3407 2550 3441 non
2586 3406 2667 3440 re-

450 3479 614 3521 totum
638 3473 781 3522 illum
822 3482 1074 3526 terrarum
1109 3485 1333 3528 tractum
1374 3493 1514 3528 com·
1597 3489 1731 3538 gem,
1754 3474 1847 3523 sed
1889 3470 2190 3523 Gerostrati
2222 3471 2362 3535 regis
2397 3467 2557 3518 filium
2591 3465 2666 3517 fa-

383 3605 386 3608 ,
449 3549 605 3611 plexa
625 3552 829 3615 est,qui
861 3552 1255 3603 Mediterraneo
1279 3555 1414 3603 Mari
1445 3555 1511 3605 ad

448 3624 720 3674 Orientem
744 3627 1068 3687 obtenditur,
1094 3630 1337 3679 Arabiam
1356 3632 1513 3694 inter,

449 3702 898 3768 Euphratemque,
914 3711 969 3755 et
988 3705 1245 3756 Amanum
1264 3718 1510 3758 montem.

449 3776 578 3840 Ejus
619 3779 896 3844 praecipuae
935 3780 1083 3832 fuere
1118 3789 1310 3846 partes,
1337 3785 1511 3835 Palai-

448 3854 602 3915 stina,
624 3870 742 3919 quae
761 3863 819 3907 et
835 3859 1224 3922 Terra-sancta,
1248 3860 1514 3925 Piioenice,

449 3936 503 3979 et
529 3931 696 3993 Syria,
719 3935 928 3997 proprie
952 3946 1268 3998 nuncupata.
1335 3937 1512 4001 Hujus

446 4022 569 4071 pars
612 4009 962 4060 meridionalis
1014 4019 1130 4061 erat
1175 4014 1515 4078 Coele-Syria,

450 4084 599 4147 quasi
635 4085 830 4135 Cavam
875 4088 1079 4151 Syriam
1124 4088 1305 4153 dican
1345 4105 1413 4141 ex
1447 4107 1514 4143 eo

448 4174 634 4209 nomen
658 4163 863 4225 sortita,
887 4164 1022 4228 quod
1048 4164 1177 4214 duos
1199 4165 1339 4216 inter
1370 4182 1515 4217 mon-

451 4243 551 4297 tes,
575 4237 825 4287 Libanum
849 4244 1007 4304 atque
1036 4238 1411 4302 Antilibanum,
1433 4244 1513 4294 in-

450 4316 561 4361 star
582 4312 853 4377 cujusdam
887 4314 1035 4365 vallis
1057 4317 1401 4384 amplissimae,
1421 4334 1512 4369 ex-

1595 3551 1682 3601 cit.
1746 3549 1980 3599 Absente
2021 3555 2191 3611 patre,
2224 3546 2314 3611 qui
2348 3560 2508 3595 naves
2549 3560 2664 3595 suas

1594 3642 1711 3677 cum
1754 3624 2153 3689 Autophradate
2207 3623 2443 3672 Persicae
2489 3624 2666 3671 classis

1593 3701 1850 3766 praefecto
1861 3703 2127 3765 junxerat,
2146 3698 2470 3748 deditionem
2485 3699 2665 3748 insulae

1594 3782 1983 3847 vicinarumque
2022 3780 2076 3831 in
2112 3779 2418 3830 continente
2460 3778 2666 3827 urbium

1591 3858 1755 3921 fecit3
1790 3873 1942 3923 qnam
1966 3858 2306 3908 Gerostratus
2339 3855 2456 3918 ipse
2489 3855 2667 3905 deser·

1594 3935 1662 3985 tis
1683 3935 1835 3985 Darii
1858 3935 2091 3999 partibus
2114 3947 2284 3983 raram
2306 3933 2512 3983 habuit.

1648 4010 1681 4045 ‘¹¹
1728 4009 2014 4073 Marathon]
2088 4011 2105 4039 ‘
2137 4008 2447 4067 Marathos,'
2499 4006 2664 4074 inquit

1593 4087 1805 4151 Strabo,
1845 4086 2095 4151 ‘antiqua
2151 4084 2275 4135 urbs
2333 4084 2662 4144 Phoenicum,

1593 4178 1731 4215 nunc
1749 4162 1961 4214 diruta.’
2022 4161 2175 4212 Illam
2197 4161 2450 4211 Arrianus
2485 4176 2552 4211 ex
2575 4160 2663 4208 ad·

1593 4255 1747 4291 verso
1770 4239 1934 4290 Aradi
1958 4240 2012 4290 in
2040 4239 2345 4291 continente
2370 4237 2530 4288 fuisse
2556 4244 2659 4288 tra-

1594 4317 1692 4382 dit,
1712 4316 1891 4383 utique
1914 4330 2017 4367 non
2041 4317 2224 4380 procul
2247 4316 2537 4372 Antarado.
