2978 4933
492 398 624 463 380
975 414 1044 473 Q.
1094 411 1354 459 cun‘ru
1407 410 1586 459 num
1642 411 1783 458 Lis.
1831 412 1901 458 v.
1950 412 2113 460 cAP.
2158 398 2221 461 4.

497 560 778 625 salutem
809 566 879 623 et
908 557 1144 623 suam!
1227 558 1333 622 20.
1363 555 1670 622 Tandem
1692 576 1933 622 venere
1954 557 2020 621 in
2040 557 2318 641 jugum:
2350 577 2393 622 a
2424 558 2697 624 dextera

494 665 619 728 iter
643 664 730 729 ad
760 664 982 748 ipsum
1020 662 1545 728 Ariobarzanem
1590 669 1767 727 erat:
1820 661 1927 727 hic
1970 661 2305 727 Philotam
2336 670 2409 726 et
2438 662 2695 729 Coenon

494 787 642 833 cum
678 766 970 852 Amynta
997 773 1065 832 et
1102 765 1626 850 Polyperconte,
1652 765 2037 849 expeditam
2062 765 2374 830 habentes
2402 786 2698 846 manum,

493 871 785 956 reliquit,
813 871 1146 936 monitos:
1190 874 1326 948 ‘ut,
1356 870 1519 953 quia
1561 889 1766 955 eques
1812 869 2024 954 pediti
2064 873 2205 934 erat
2251 868 2529 947 mixtus,
2561 891 2703 955 qua

494 976 998 1059 pinguissimum
1032 982 1213 1039 esset
1240 976 1457 1040 solum
1484 981 1556 1040 et
1598 974 1838 1059 pabuli
1878 972 2143 1050 fertile,
2167 973 2421 1037 sensim
2461 992 2699 1056 proce—

495 1077 779 1144 derent:'
810 1077 1018 1142 duces
1049 1077 1308 1143 itineris
1342 1077 1427 1142 de
1458 1078 1755 1162 captivis
1795 1076 1959 1142 dati.
2044 1076 2155 1142 21.
2202 1077 2364 1162 Ipse
2410 1095 2566 1143 cum
2596 1096 2704 1141 ar·

494 1182 762 1264 migeris
787 1190 855 1247 et
884 1181 1022 1259 ala,
1053 1200 1256 1266 quam
1286 1186 1308 1215 ‘
1330 1180 1597 1264 Agema
1618 1181 1636 1209 ’
1665 1182 2031 1267 appellant,
2061 1180 2269 1247 ardua
2299 1183 2564 1258 semita,
2585 1181 2703 1246 sed

491 1284 751 1368 longius
777 1303 824 1350 a
853 1285 1258 1351 stationibus
1277 1285 1567 1352 hostium
1598 1294 1876 1365 remota,
1909 1285 2119 1350 multa
2147 1304 2300 1350 cum
2329 1285 2699 1351 vexatione

492 1389 841 1470 processit.
924 1390 1031 1454 22.
1096 1389 1372 1455 Medius
1425 1398 1572 1455 erat
1625 1391 1795 1468 dies,
1847 1395 1914 1455 et
1964 1390 2258 1472 fatigatis
2305 1390 2703 1455 necessaria

495 1492 721 1572 quies:
755 1492 1005 1578 quippe
1037 1494 1426 1560 tantundem
1456 1495 1709 1560 itineris
1738 1499 2106 1579 supererat,
2131 1501 2452 1576 quantum
2474 1512 2702 1557 emen-

496 1594 554 1657 si
600 1602 830 1677 erant3
876 1598 997 1661 sed
1047 1598 1267 1663 minus
1317 1598 1696 1685 praecipitis
1751 1603 1952 1682 atque
1998 1595 2214 1662 ardui.
2297 1597 2408 1671 23.
2453 1595 2700 1681 ltaque

492 1696 764 1763 refectis
804 1700 957 1765 cibo
987 1721 1351 1786 somnoque
1372 1702 1732 1778 militibus,
1766 1699 2058 1766 secunda
2087 1698 2314 1783 vigilia
2341 1699 2591 1782 surgit:
2633 1707 2703 1764 et

491 1806 707 1867 cetera
736 1803 1007 1887 quidem
1031 1802 1215 1869 haud
1245 1825 1426 1888 aegre
1455 1804 1815 1889 praeteriit:
1859 1806 2170 1880 ceterum,
2201 1822 2337 1885 qua
2366 1821 2441 1865 se
2458 1801 2697 1886 jugum

489 1907 812 1971 montium
843 1909 1164 1992 paulatim
1197 1909 1282 1974 ad
1310 1909 1618 1994 planiora
1657 1907 1964 1983 demittit,
1994 1906 2228 1988 ingens
2261 1924 2513 1990 vorago
2541 1925 2699 1972 con·

489 2027 694 2075 cursu
739 2019 986 2077 cavata
1018 2013 1413 2078 torrentium
1443 2013 1567 2077 iter
1595 2016 1900 2096 ruperat:
1950 2009 2061 2074 24.
2091 2007 2183 2073 ad
2210 2007 2359 2072 haec
2389 2009 2698 2073 arborum

488 2113 679 2191 rami,
721 2113 902 2179 alius
935 2115 1074 2180 alio
1105 2115 1430 2200 implicati
1460 2123 1531 2180 et
1559 2113 1913 2192 coeunteS,
1952 2119 2028 2179 ut
2075 2117 2470 2197 perpetuam
2511 2112 2698 2196 obje-

488 2224 722 2283 cerant
752 2238 1009 2302 sepem.
1100 2221 1512 2304 Desperatio
1562 2219 1764 2303 igitur
1822 2219 2070 2301 ingens,
2112 2218 2286 2282 adeo
2329 2221 2405 2279 ut
2449 2215 2571 2279 vix
2601 2215 2699 2280 la-

487 2323 730 2404 crymis
782 2324 1204 2403 abstinerent,
1259 2325 1645 2389 incesserat.
1748 2323 1854 2388 25.
1904 2318 2290 2405 Praecipue'
2315 2320 2697 2386 obscuritas

488 2426 718 2490 terrori
750 2435 936 2510 erat:
976 2448 1130 2495 nam
1176 2431 1386 2495 etiam
1430 2430 1492 2495 si
1538 2449 1672 2514 qua
1717 2428 1943 2495 sidera
1967 2426 2457 2507 internitebant,
2484 2427 2698 2492 conti-

488 2531 673 2595 nenti
704 2530 941 2597 fronde
972 2539 1166 2599 tectae
1199 2536 1474 2599 arbores
1521 2535 1904 2619 conspicere
1932 2532 2416 2617 prohibebant:
2466 2549 2549 2595 ne
2581 2551 2698 2595 au·
2760 2585 2763 2588 .

485 2638 657 2699 rium
686 2636 954 2720 quidem
1000 2656 1166 2702 usus
1213 2643 1576 2721 supererat,
1607 2636 1839 2722 sylvas
1885 2636 2227 2721 quatiente
2264 2639 2495 2715 vento:
2544 2654 2695 2718 quae

482 2741 1028 2807 concurrentibus
1058 2742 1262 2806 ramis
1293 2739 1619 2826 majorem
1664 2760 1866 2825 quam
1912 2757 2037 2825 pro
2087 2740 2246 2805 flatu
2278 2758 2519 2805 sonum
2549 2737 2697 2803 red-

1405 2941 1769 2964 OOOW‘OO

484 3072 642 3142 Frob.
664 3080 721 3123 et
746 3073 883 3125 Mer.
904 3077 979 3125 vel
1002 3078 1053 3139 s.
1076 3079 1152 3128 vel
1178 3078 1482 3128 anima—20
1517 3077 1671 3129 Voss·
1703 3081 1753 3128 2.
1779 3075 1978 3128 omittit
1999 3091 2105 3125 cum
2123 3074 2361 3139 Amynta,
2382 3080 2439 3123 et
2459 3087 2578 3122 mox
2608 3088 2693 3122 ex·

483 3139 629 3194 hibet
652 3140 982 3204 Palypercota.
1048 3142 1282 3194 Florent.
1321 3142 1467 3195 Leid.
1489 3145 1642 3194 Voss.
1673 3148 1721 3195 1.
1755 3144 1894 3193 Dan.
1918 3142 2112 3192 Fauch.
2135 3147 2192 3190 et
2214 3141 2380 3203 Bong.
2406 3144 2453 3188 1.
2476 3142 2528 3188 2.
2551 3139 2692 3187 relin-

480 3205 619 3266 quat,-
658 3220 753 3269 pro
791 3220 895 3271 quo
930 3206 1147 3259 Veneti.
1181 3209 1409 3263 Mediol.
1443 3211 1638 3259 Veron.
1657 3209 1806 3260 Junt.
1832 3207 1952 3258 Ald.
1990 3207 2157 3256 Colin.
2183 3206 2386 3270 Gryph.
2411 3204 2535 3254 Col.
2565 3206 2694 3254 Mer.

482 3270 608 3319 Bas.
634 3278 689 3320 et
712 3271 866 3322 Frob.
886 3273 1143 3336 pra-misit.
1208 3276 1377 3340 Bong.
1414 3279 1457 3325 l.
1482 3281 1533 3326 2.
1569 3281 1619 3326 et
1655 3276 1805 3338 quia,-
1855 3275 2086 3324 Florent.
2126 3271 2274 3320 Leid.
2310 3277 2367 3320 et
2398 3270 2548 3319 Voss.
2572 3273 2620 3319 l.
2642 3274 2692 3319 ut

484 3336 594 3398 quia
616 3342 663 3386 et
682 3353 700 3394 ,-
734 3337 883 3387 Voss.
906 3342 957 3390 2.
977 3344 1031 3389 at
1053 3341 1165 3403 quia
1187 3342 1365 3405 equites
1380 3341 1539 3405 pediti
1560 3347 1698 3390 erant
1720 3340 1881 3389 mixti.
1948 3338 2182 3388 Floreat.
2205 3341 2257 3386 et
2276 3351 2416 3400 quam
2432 3335 2692 3399 pinguissi-

479 3417 609 3451 mum
625 3418 647 3461 ;
681 3402 825 3453 Leid.
844 3409 891 3453 et
913 3420 1053 3468 quum
1070 3405 1437 3469 pinguissimum
1453 3422 1474 3465 ,·
1508 3408 1660 3455 Voss.
1684 3410 1734 3456 2.
1753 3420 1894 3470 qaam
1913 3403 2279 3467 pinguissimum
2293 3418 2313 3459 ,·
2347 3410 2402 3450 et
2424 3401 2502 3449 sic
2530 3402 2693 3465 Bong.

483 3471 531 3515 1.
556 3467 647 3517 sed
672 3471 946 3534 exsculpto
970 3486 1035 3520 m.
1075 3470 1197 3523 Ald.
1232 3487 1330 3522 esse
1362 3472 1529 3521 solum.
1566 3472 1684 3521 Pal.
1708 3475 1757 3520 1.
1792 3476 1840 3521 et
1872 3470 2058 3532 pabulo.
2092 3469 2245 3517 Voss
2283 3471 2331 3517 1.
2369 3471 2420 3517 2.
2461 3466 2690 3536 Floreat.

482 3533 632 3583 Leid.
659 3535 743 3583 alii
771 3550 888 3585 cnm
905 3534 1025 3586 edd.
1047 3544 1181 3587 vett.
1205 3545 1324 3600 post
1342 3551 1503 3587 omnes
1519 3536 1716 3586 addunt
1733 3539 1918 3585 errant.
1954 3534 1969 3562 ‘
1986 3532 2092 3585 Sed
2132 3532 2366 3583 Freinsh.
2400 3530 2690 3583 Acidalium

482 3607 693 3649 secutus
727 3600 824 3650 hoc
852 3601 1063 3651 verbum
1089 3617 1188 3668 pro
1212 3603 1528 3665 glossemate
1553 3600 1779 3667 rejecit!
1818 3603 1966 3650 Cunz.
2032 3599 2156 3648 Bas.
2192 3601 2250 3648 de
2272 3597 2422 3662 captis
2442 3599 2686 3649 data—21

481 3664 717 3715 Florem.
756 3665 900 3716 Leid.
939 3674 995 3716 et
1030 3667 1187 3717 Voss.
1219 3671 1270 3717 2.
1303 3667 1599 3732 appellabant
1617 3684 1637 3727 ,·
1671 3668 1825 3717 Voss.
1863 3670 1910 3716 1.
1943 3663 2355 3729 appellabat.—22
2390 3664 2532 3715 Pith.
2567 3664 2690 3727 quies

479 3731 888 3781 necessaria—23
925 3731 1007 3781 Ita
1040 3731 1235 3791 refectis
1273 3734 1449 3797 vulgg.
1489 3739 1612 3783 ante
1654 3732 1889 3782 Freinsh.
1921 3734 2084 3795 prima
2117 3730 2290 3793 vigilia
2322 3729 2439 3779 Pal.
2480 3732 2528 3778 1.
2569 3744 2689 3791 oegre

476 3796 693 3855 proeterit
719 3796 945 3846 Floreat.
969 3797 1118 3847 Leid.
1141 3799 1294 3847 Voss.
1314 3803 1362 3847 1.
1387 3804 1437 3849 2.
1473 3799 1647 3848 Amst.·
1667 3806 1722 3848 et
1746 3797 1913 3861 Lugd.
1948 3795 2178 3846 montium
2194 3795 2374 3857 jugum
2395 3795 2549 3844 Voss.
2575 3800 2621 3845 1.
2642 3798 2686 3843 2.

480 3856 650 3909 Amst.
675 3867 731 3909 et
757 3861 923 3926 Lugd.
968 3864 1031 3912 ad
1049 3878 1100 3926 p.
1119 3862 1330 3914 dimittit
1350 3865 1501 3915 Voss.
1521 3870 1572 3915 2.
1597 3864 1720 3915 Ald.
1757 3864 1929 3914 Calin.
1965 3862 2165 3927 Gryph.
2191 3862 2301 3912 Col.
2318 3861 2442 3910 Bas.
2468 3868 2526 3910 et
2562 3861 2690 3909 Mer.

479 3939 703 3974 concursu
721 3932 889 3976 vacata
914 3927 1144 3979 Floreat.
1167 3934 1335 3979 cavata
1352 3936 1391 3981 t.
1414 3930 1737 3994 interruperat
1755 3929 2031 3981 pitu—24
2055 3928 2288 3978 Floreat.
2308 3927 2463 3976 Voss·
2482 3930 2532 3977 1.
2549 3925 2684 3976 Leid.
2762 3973 2767 3978 .

480 3990 727 4065 etBong.
750 3994 814 4041 ad
835 3992 937 4044 hoc.
974 3993 1202 4044 Florem.
1226 3995 1375 4046 Leid.
1407 3997 1557 4045 Voss.
1591 4001 1647 4054 l.
1673 4001 1721 4047 2.
1760 4003 1816 4046 et
1844 3996 2014 4058 Bong.
2045 3993 2277 4058 implicati
2311 3998 2358 4042 et
2393 3992 2684 4042 coleaerentes.

481 4054 624 4130 Pith.
648 4055 925 4116 obiecerant.
946 4059 1086 4109 Mer.
1110 4060 1427 4124 Sepia—25
1462 4062 1697 4111 Florent-
1719 4060 1867 4111 Leid.
1900 4067 1956 4111 et
1979 4062 2131 4111 Voss.
2157 4064 2205 4110 1.
2242 4057 2683 4118 continentisronte.

477 4119 619 4170 Pith.
645 4136 731 4171 nec
752 4123 957 4171 aurium.
1004 4124 1141 4175 Edd.
1167 4128 1333 4191 antiq.
1358 4141 1475 4176 cum
1500 4127 1731 4177 Freinsh.
1756 4127 1944 4177 Cellar.
1969 4126 2154 4177 Pitisc.
2177 4126 2311 4175 Tell.
2331 4123 2512 4174 Maitt.
2532 4123 2678 4173 Snak.

479 4185 640 4238 Barb.
666 4186 793 4250 Bip.
817 4188 979 4238 Cunz.
1003 4197 1059 4237 et
1078 4190 1238 4242 Both.
1275 4208 1380 4255 quoe
1412 4192 1819 4251 concutientibus,-
1854 4193 2088 4242 Florent-
2120 4192 2269 4242 Leid.
2303 4189 2429 4241 Ald.
2466 4190 2613 4241 Frob‘.
2632 4193 2681 4235 et

477 4252 618 4301 Mer.
637 4254 719 4316 qui
739 4255 1152 4314 concurrentibus,-
1185 4255 1336 4307 Voss.
1357 4262 1407 4308 2.
1429 4258 1513 4321 qui
1533 4257 1938 4316 concutientibus3
1971 4258 2123 4306 Voss.
2160 4261 2203 4306 1.
2237 4257 2406 4318 Bong.
2441 4253 2607 4304 Amst.
2628 4259 2679 4301 et

473 4317 651 4381 Lnga.
675 4334 779 4383 quoe
800 4320 1201 4372 concurrentibus.
1260 4323 1496 4374 Florent.
1519 4324 1670 4374 Leid.
1692 4325 1844 4374 Vasa.
1872 4328 1916 4374 l.
1938 4326 1984 4371 2.
2009 4329 2064 4372 et
2085 4323 2251 4385 Bong.
2274 4335 2439 4370 sonum
2460 4320 2675 4374 edebant:
