2978 4933
843 405 960 454 or..
1006 403 1193 454 oxu.
1239 387 1304 453 3.
1378 402 1452 451 A.
1504 403 1623 451 cn.
1677 403 1753 451 N.
1798 387 1954 453 329.
2360 391 2491 457 543

286 570 514 618 rursus
536 550 606 615 in
624 556 924 615 montem
947 555 1392 615 recesserunt.
1438 564 1578 613 xx.
1600 548 1817 614 millia
1833 559 1861 586 ⁸
1887 549 2225 615 latronum
2257 559 2487 618 erant:

285 655 508 720 fundis
568 654 964 736 sagittisque
1008 670 1302 735 pugnam
1353 650 1700 716 invadunt.
1788 652 1852 717 3.
1916 651 2121 731 Quos
2165 653 2320 718 dum
2370 657 2491 720 ob-

288 757 465 822 sidet
510 775 655 833 rex‚
700 756 870 820 inter
917 752 1410 838 promtissimos
1456 753 1786 819 dimicans
1839 756 2097 839 sagitta
2137 757 2320 824 ictus
2364 765 2488 835 est,

286 879 442 942 quae
486 860 554 922 in
608 858 834 922 medio
873 875 1067 921 crure
1128 854 1271 920 fixa
1312 856 1676 939 reliquerat
1718 858 2074 942 spiculum.
2169 860 2236 922 4.
2287 858 2489 923 Illum

286 962 558 1045 quidem·
587 961 838 1025 moesti
862 969 934 1025 et
965 960 1240 1026 attoniti
1273 958 1691 1024 Macedones
1718 961 1791 1024 in
1812 968 2040 1025 castra
2065 960 2484 1027 referebant:

283 1065 401 1128 sed
423 1084 545 1129 nec
573 1066 893 1129 barba-ros
925 1062 1163 1130 fefellit
1188 1062 1560 1128 subductus
1590 1082 1679 1128 ex
1698 1065 1844 1130 acie
1867 1085 1981 1129 rex
2009 1076 2072 1146 3⁰
2114 1065 2372 1147 quippe
2396 1083 2488 1129 ex

282 1168 461 1232 edito
514 1172 737 1232 monte
788 1172 1029 1232 cuncta
1073 1174 1582 1249 prospexerant.
1668 1168 1731 1230 5.
1778 1166 2023 1250 Itaque
2066 1172 2334 1249 postero
2380 1166 2488 1230 die

281 1270 527 1335 misere
559 1270 814 1353 legatos
845 1270 931 1333 ad
964 1287 1208 1351 regem,
1258 1286 1433 1352 quos
1466 1269 1587 1334 ille
1631 1273 1654 1304 ‘
1680 1269 2034 1353 protenus’
2067 1270 2270 1354 jussit
2326 1274 2345 1303 ‘
2369 1269 2487 1333 ad-

279 1373 449 1437 mitti
471 1372 511 1454 ;’
544 1374 916 1457 solutisque
933 1372 1173 1437 fasciis
1192 1372 1713 1455 magnitudinem
1730 1372 2024 1437 vulneris
2045 1372 2485 1437 dissimulans

281 1495 435 1541 crus
464 1476 772 1541 barbaris
805 1475 1120 1540 ostendit.
1207 1471 1272 1540 6.
1323 1474 1438 1540 Illi
1477 1475 1658 1560 jussi
1703 1474 2121 1541 ‘considere'
2167 1475 2490 1541 affirmant

280 1585 301 1613 ‘
327 1599 456 1643 non
487 1578 926 1658 MacedonaS,
958 1599 1161 1663 quam
1210 1580 1406 1663 ipsos
1441 1578 1655 1644 fuisse
1687 1579 2018 1645 tristiores
2050 1580 2315 1661 cognito
2343 1578 2488 1642 vul-

276 1701 436 1746 nere
453 1683 709 1766 ipsius:
742 1683 939 1767 cujus
966 1682 1030 1764 si,
1051 1689 1394 1748 auctorem
1425 1685 1851 1765 reperissent,
1873 1682 2214 1746 dedituros
2231 1682 2485 1746 fuisse:

273 1785 342 1848 7.
388 1804 542 1852 cum
585 1785 734 1848 Diis
768 1787 944 1849 enim
976 1806 1265 1869 pugnare
1298 1786 1666 1869 sacrilegos
1697 1790 1975 1850 tantum.
2066 1784 2377 1850 Ceterum
2414 1805 2486 1861 se

275 1892 535 1970 gentem
565 1889 634 1951 in
667 1887 864 1952 fidem
896 1888 1163 1968 dedere,
1192 1896 1550 1975 superatos
1582 1890 1822 1953 virtute
1849 1887 2072 1952 illius?
2134 1888 2317 1965 Rex,
2348 1886 2484 1951 fide

277 1991 447 2054 data
476 1997 542 2054 et
571 1991 869 2073 captivis
900 1993 1218 2076 receptiS‚
1250 2001 1508 2077 gentem
1539 1993 1609 2058 in
1642 1991 2050 2056 deditionem
2079 1992 2375 2074 accepit.
2417 1989 2485 2053 8.

278 2092 546 2159 Castris
576 2092 732 2158 inde
779 2095 985 2158 motis
1026 2096 1273 2161 lectica
1311 2096 1585 2161 militari
1629 2096 1990 2173 ferebatur,
2022 2112 2225 2178 quam
2255 2114 2380 2178 pro
2411 2113 2484 2157 se

271 2200 567 2281 quisque
593 2215 803 2280 eques
838 2197 1177 2282 pedesque
1207 2199 1433 2263 subire
1462 2199 1836 2264 certabant.
1923 2196 2225 2281 Equites,
2282 2201 2304 2230 ‘
2328 2216 2483 2261 cum

275 2301 527 2384 quibus
568 2318 692 2363 rex
727 2291 970 2382 praelia
1009 2299 1178 2364 inire
1231 2300 1473 2365 solitus
1525 2300 1833 2378 erat„sui
1862 2300 2156 2365 muneris
2187 2300 2258 2364 id
2293 2319 2445 2364 esse
2468 2299 2487 2325 ’

273 2401 662 2468 censebant.
730 2400 1007 2466 Pedites
1038 2408 1294 2483 contra,
1324 2408 1510 2469 ‘cum
1542 2402 1808 2468 saucios
1835 2403 2326 2468 commilitones
2348 2402 2484 2487 ipsi

270 2515 538 2590 gestare
566 2506 1048 2585 assuevissent,
1092 2508 1261 2590 eripi
1305 2508 1439 2572 sibi
1477 2507 1826 2591 proprium
1871 2506 2159 2572 officium
2189 2516 2330 2571 tum
2362 2526 2485 2589 po-

267 2612 631 2686 tissimum,
663 2627 816 2672 cum
845 2628 966 2673 rex
996 2610 1356 2693 gestandus
1388 2607 1620 2688 esset,'
1659 2611 2129 2693 querebantur.
2215 2610 2278 2674 9.
2324 2608 2483 2672 Rex

270 2717 346 2779 in
370 2716 551 2777 tanto
574 2711 917 2795 utriusque
950 2702 1160 2796 partis
1186 2712 1547 2777 certamine
1575 2716 1642 2776 et
1672 2710 1804 2775 sibi
1826 2709 2190 2789 difficilem,
2218 2717 2287 2774 et
2310 2729 2479 2794 prae-

342 2917 367 2940 ⁰
401 2910 504 2959 Nec
528 2908 745 2959 barbaris
765 2907 908 2958 hztuit
930 2908 1256 2957 Alexandrum
1277 2920 1339 2955 ex
1356 2905 1526 2970 proelio
1545 2911 1840 2969 asportatum
1863 2920 1976 2956 esse.

1194 3063 1553 3085 OOMOO‘O‘O‘

272 3188 511 3237 barbaris.
581 3187 825 3236 Nonnulli
850 3185 1003 3236 codd.
1024 3185 1105 3234 ubi
1122 3187 1179 3233 de
1195 3185 1449 3248 proximis.
1499 3184 1639 3234 Mer.
1670 3185 1828 3246 plures
1849 3183 1979 3247 capti
2000 3184 2229 3232 πατὰ-4
2253 3181 2407 3230 Voss.
2428 3185 2477 3230 2.

271 3255 331 3303 in
367 3259 521 3302 castra
560 3252 790 3311 referunt.
858 3252 988 3300 Mox
1028 3250 1259 3300 Florent.
1297 3250 1444 3299 Leid.
1484 3250 1642 3298 Voss.
1668 3252 1715 3297 1.
1738 3253 1786 3297 2.
1826 3251 1991 3310 Bong.
2032 3246 2195 3309 Lngd.
2230 3252 2285 3295 et
2312 3245 2481 3295 Amst.

274 3319 528 3384 omittunt
564 3321 770 3366 resa—6
803 3316 955 3366 Voss.
993 3320 1041 3364 2.
1072 3316 1279 3379 affirmat
1322 3315 1631 3373 Macedonas,
1670 3314 1858 3362 omisso
1894 3327 2023 3369 nom·
2058 3313 2288 3360 Floreat.
2330 3310 2480 3359 Leid.

272 3385 435 3433 Voss.
460 3387 506 3432 1.
528 3389 586 3431 et
606 3383 776 3444 Bong.
798 3397 845 3430 a.
866 3396 915 3429 n.
938 3382 1241 3429 Macedones.
1309 3379 1544 3428 Floreat.
1580 3378 1729 3427 Leid.
1758 3379 1908 3427 Voss.
1935 3381 1982 3425 1.
2002 3380 2052 3424 2.
2085 3382 2142 3424 et
2173 3375 2341 3437 Bong.
2364 3375 2480 3421 tris-

269 3450 421 3497 tiores
438 3446 611 3507 fuisse.
679 3448 801 3495 vid.
827 3448 955 3496 Not.
978 3447 1102 3493 Var.
1168 3442 1319 3494 Leid.
1342 3442 1474 3504 cnjus
1494 3443 1540 3491 si
1561 3448 1780 3491 actorem.
1848 3443 1997 3491 Voss.
2032 3444 2080 3488 2.
2120 3439 2313 3488 omittit
2343 3439 2479 3487 Diis.

273 3517 375 3562 -7
410 3514 576 3575 Bong.
598 3516 646 3562 1.
678 3517 917 3575 superato.
984 3512 1212 3560 Floreat.
1232 3508 1384 3558 Leid.
1403 3509 1554 3557 Voss.
1579 3512 1624 3556 l.
1653 3509 1787 3557 Dan.
1811 3506 1928 3555 Pal.
1951 3510 1998 3554 1.
2020 3512 2075 3553 et
2097 3505 2267 3567 Bong.
2292 3505 2480 3552 vulnere

275 3593 375 3642 pro
397 3579 590 3627 virtute.
657 3578 825 3641 Bong.
853 3581 901 3625 1.
935 3575 1035 3625 iuis
1072 3589 1166 3639 pro
1204 3575 1450 3623 illium—8
1484 3572 1599 3622 Pal.
1629 3577 1678 3622 1.
1722 3587 1808 3635 pre
1844 3586 1912 3620 se.
1964 3569 2131 3618 Paulo
2166 3576 2301 3634 post,
2338 3568 2479 3617 Pith.

273 3642 478 3693 Pedites
512 3658 617 3691 cum
647 3648 845 3700 contr-(15
879 3640 1049 3704 Lugd.
1084 3640 1254 3689 Amst.
1293 3636 1443 3688 Mod.
1480 3635 1599 3688 alii:
1635 3637 1832 3686 Pedites
1851 3651 1955 3685 cum
1974 3635 2174 3683 saucios.
2244 3634 2482 3683 Florent.

264 3708 426 3757 ‘Leid.
462 3708 616 3758 VosS.
654 3712 700 3756 1.
736 3713 784 3757 2.
821 3706 997 3769 Sigeb.
1031 3706 1215 3755 Colon.
1258 3713 1315 3754 et
1353 3701 1474 3752 Ald.
1520 3702 1620 3767 ipse
1653 3707 1880 3765 gestam,-
1914 3701 2145 3751 Florent.
2184 3700 2331 3748 VosS.
2356 3703 2401 3747 l.
2426 3702 2479 3746 2.

272 3773 454 3838 Sigeb.
494 3774 674 3823 Colon.
717 3781 773 3822 et
809 3771 931 3823 Ald.
966 3772 1259 3822 assuevisset.
1323 3769 1476 3820 Voss.
1500 3771 1550 3818 2.
1592 3769 1791 3818 omittit
1825 3767 2030 3817 riht—9
2063 3766 2198 3815 Mer.
2225 3764 2479 3814 certamine

1265 3934 1482 3986 NOTAE

343 4078 367 4104 ⁸
403 4069 530 4119 XX.
555 4069 727 4134 millia]
762 4067 915 4131 Apud
952 4067 1224 4117 Attianum
1247 4066 1338 4115 tri·
1409 4066 1695 4129 plerosque
1717 4063 2049 4113 barbarorum
2088 4074 2270 4120 caesos,
2290 4057 2417 4107 alios
2448 4072 2478 4106 e

272 4146 415 4206 ginta
458 4147 701 4209 leguntur
737 4145 886 4193 millia
899 4162 917 4202 ,·
974 4145 1059 4209 qui
1103 4142 1258 4195 etiam
1306 4158 1337 4192 a
1416 4144 1631 4208 rupibus
1653 4157 1767 4192 sese
1789 4142 2167 4206 praecipitasse,
2185 4141 2316 4189 adeo
2335 4144 2394 4187 ut
2411 4151 2478 4185 ex

276 4224 460 4273 Curtio
484 4222 686 4271 diversa
705 4228 911 4271 narrat:
939 4222 1120 4271 collem
1137 4220 1337 4269 scilicet
1417 4220 1633 4285 triginta
1688 4219 1911 4271 millibus
1953 4227 2074 4269 octo
2114 4219 2276 4268 solum
2319 4214 2479 4264 millia

276 4299 331 4348 in
355 4315 506 4364 quem
530 4298 827 4362 refugerant
864 4299 913 4348 vi
950 4306 1162 4362 captum
1203 4309 1337 4360 esse,
1414 4296 1694 4349 evaserint.
