2978 4933
763 394 882 444 οι..
932 393 1119 444 oxu.
1166 378 1228 443 1.
1308 395 1381 442 A.
1429 394 1548 443 cn.
1595 391 1672 444 N.
1715 378 1865 445 331.
2302 381 2434 453 2¹73

254 539 668 625 AEthiopum:
713 541 781 605 in
831 539 1193 606 Meridiem
1222 535 1458 606 versus
1511 540 1772 608 Arabes
1835 549 2169 627 spectant,
2219 550 2240 581 ‘
2266 546 2435 613 Tro-

248 627 522 729 glodytis
551 642 566 671 ²
587 652 615 679 ⁰
661 663 1038 727 cognomen
1067 651 1209 711 est:
1255 663 1531 729 quorum
1561 646 1746 728 regio
1776 666 1988 731 usque
2033 646 2118 713 ad
2169 643 2436 715 rubrum

249 766 419 811 mare
446 750 772 822 excurrit:
823 748 929 812 19.
960 754 1030 813 at
1060 768 1193 833 qua
1218 750 1432 832 vergit
1446 743 1537 815 ad
1574 747 2033 830 Occidentem,
2064 751 2182 817 alii
2216 751 2437 818 AEthi-

248 868 401 932 opes
424 850 673 931 colunt,
706 870 885 936 quos
911 855 932 886 ‘
949 849 1269 917 Scenitas
1295 847 1356 900 Ῥ
1396 857 1674 919 vocant:
1702 873 1747 918 a
1774 851 2265 937 Septemtrione
2293 855 2358 920 N
2365 876 2440 922 a-

1153 984 1239 1007 ‘O‘

1482 984 1512 1005 O

877 1084 991 1137 Pal.
1016 1089 1064 1136 1.
1085 1085 1138 1134 in
1161 1086 1242 1137 M.
1257 1100 1450 1136 versum
1472 1084 1785 1147 stagoditiu
1820 1085 1961 1137 Dan.
1986 1086 2097 1138 Pal.
2119 1092 2167 1139 3.
2204 1089 2437 1141 Florem.

247 1146 381 1198 Leid.
406 1156 460 1198 et
480 1149 633 1199 Voss.
654 1156 705 1200 2.
748 1149 1022 1214 Tragoditis
1060 1151 1110 1200 in
1153 1152 1232 1200 M.
1255 1166 1439 1201 versam
1472 1151 1654 1202 Arabes
1682 1158 1929 1216 spectant.-
1967 1154 2246 1217 Tragoditis
2274 1170 2441 1206 nomen

246 1219 343 1271 est3
376 1213 537 1276 Bong.
561 1230 713 1279 quem
739 1216 998 1266 Gruterus
1023 1215 1183 1266 vidit:
1217 1217 1270 1266 in
1306 1217 1379 1266 M.
1404 1230 1590 1266 versam
1617 1216 1684 1267 A.
1722 1224 1931 1280 spectat.-
1970 1220 2245 1282 Trogoditis
2275 1236 2442 1270 nomen

244 1283 340 1336 cst,-
362 1279 552 1330 Venet.
574 1281 791 1332 Mediol.
812 1282 1009 1332 Veron.
1031 1282 1178 1334 Junt.
1200 1282 1339 1332 Mer.
1360 1280 1483 1331 Ald.
1507 1283 1675 1334 Colin.
1699 1283 1904 1347 Gryph.
1930 1284 2082 1335 Frob.
2106 1286 2229 1335 Bas.
2253 1294 2307 1335 et
2324 1286 2442 1335 Col.

244 1342 290 1393 iu
309 1344 382 1393 Μ.
420 1345 549 1395 versi
579 1345 762 1397 Arabes
798 1353 1031 1411 spectant,
1066 1348 1372 1412 Troglodytas
1409 1359 1666 1410 cog-nomen
1702 1354 1773 1397 est
1787 1366 1806 1408 ;
1840 1350 2007 1411 Bong.
2034 1355 2082 1403 1.
2101 1356 2151 1401 2.
2186 1365 2280 1415 pro
2311 1352 2443 1401 versi

242 1407 427 1459 liabent
448 1418 685 1470 versatus,
715 1418 771 1461 et
791 1412 1070 1474 Tragodz'tis
1091 1428 1183 1476 pro
1208 1413 1534 1476 Trogloditis;
1569 1413 1719 1463 Voss.
1746 1420 1792 1464 1.
1828 1415 1904 1464 M.
1927 1430 2107 1464 versam
2140 1416 2205 1466 Δ.
2228 1421 2442 1479 spectant

247 1474 556 1541 Troglodytia,
576 1480 659 1541 ‹Vq-c.
727 1478 864 1527 Vide
899 1478 1027 1529 Not.
1061 1479 1321 1529 Ἵππη-19
1355 1479 1496 1529 Dan.
1522 1480 1691 1543 Bong.
1714 1480 1948 1529 Floreat.
1970 1480 2118 1530 Leid.
2143 1489 2199 1531 et
2221 1482 2372 1532 Voss.
2393 1487 2440 1533 1.
2478 1491 2485 1495 ‘

243 1542 288 1587 2.
317 1555 346 1588 α
384 1556 475 1605 qua
516 1544 715 1604 vergit5
748 1542 870 1593 Ald.
916 1550 970 1593 at
1006 1560 1127 1608 quae.
1193 1543 1427 1593 Florent.
1472 1545 1624 1594 Leid.
1665 1544 1813 1595 Voss.
1843 1549 1893 1595 2.
1930 1545 2100 1609 Bong.
2123 1551 2172 1597 2.
2207 1547 2351 1598 Pith.
2386 1554 2442 1597 et

243 1604 419 1656 Fancb.
441 1608 505 1656 ad
526 1608 891 1667 occidentalem5
906 1610 1097 1659 Venet.
1119 1609 1338 1659 Mediol.
1362 1610 1555 1659 Veron.
1579 1618 1633 1660 et
1657 1610 1795 1660 Mer.
1819 1609 2069 1661 omittunt
2088 1614 2168 1660 ad.
2192 1612 2358 1675 Bong.
2386 1620 2443 1662 et

242 1670 383 1719 Voss.
404 1676 452 1722 1.
488 1672 677 1722 Simuos
695 1680 863 1724 vocant
874 1690 894 1732 ,-
919 1674 1040 1725 Ald.
1061 1674 1217 1725 Frob.
1236 1683 1291 1724 et
1312 1672 1477 1737 Lugd.
1515 1675 1717 1739 Symnos
1736 1681 1904 1725 cocant
1920 1691 1941 1734 ,·
1974 1676 2208 1728 Florent.
2226 1677 2440 1727 Theocr.

245 1734 381 1786 laeid.
406 1746 462 1787 et
482 1738 637 1789 Voss.
661 1742 710 1790 2.
749 1740 939 1791 Simuos
977 1747 1176 1800 noman
1210 1740 1348 1790 Mer.
1389 1741 1517 1790 Bas.
1556 1746 1612 1791 et
1650 1740 1765 1790 Col.
1813 1740 2012 1805 Symeon
2050 1748 2234 1792 vocant.
2303 1744 2447 1793 Dan.

1229 1869 1466 1932 NOOEAEJ
1481 1899 1508 1912 a

247 1087 297 1131 et
317 1081 477 1144 Lugd.
498 1082 811 1149 AE'Htiopiam.

160 1952 163 1960 ’
240 1964 376 2014 littus
414 1966 648 2018 occurrit
679 1967 902 2033 primum
940 1969 1107 2035 Libya
1143 1984 1294 2035 quam

241 2042 544 2096 exteriorem
587 2054 798 2109 vocant,
830 2054 938 2098 tum
964 2048 1298 2110 Marmarica,

240 2118 353 2170 inde
395 2124 692 2188 Cyrenaica
738 2125 1084 2191 Pentapolis;
1142 2141 1306 2192 quam¹

242 2198 426 2262 excipit
448 2198 635 2254 Africa
664 2202 877 2267 proprie
900 2203 1056 2254 dicta.
1122 2204 1298 2256 Quan-

243 2289 384 2339 quam
421 2277 628 2341 priores
667 2285 774 2329 tres
811 2280 886 2330 ita
908 2278 1301 2345 distinguuntur

240 2347 434 2416 finibus,
469 2361 532 2405 ut
565 2354 883 2419 singularum
923 2358 1123 2406 nomine
1157 2371 1300 2421 saepe

240 2425 449 2483 ¹vocetur
470 2430 723 2498 quicquid
758 2440 1011 2486 terrarum
1037 2435 1175 2488 inter
1198 2435 1301 2486 Mi·

239 2523 405 2560 norem
438 2511 677 2562 Africam
713 2519 874 2579 atque
907 2513 1190 2579 AEgyptum
1223 2514 1299 2564 in·

240 2589 529 2653 tercipitur.
600 2588 731 2641 Inde
753 2589 950 2641 factum
968 2596 1048 2641 est
1065 2598 1125 2641 ut
1138 2590 1302 2641 Ham-

238 2664 392 2713 monis
426 2665 726 2729 Templum,
765 2666 901 2732 quod
943 2667 996 2716 in
1027 2667 1117 2716 illa
1154 2672 1302 2717 exte·

238 2743 366 2792 riore
389 2743 585 2809 Libya,
616 2757 718 2792 non
752 2743 935 2808 procul
974 2744 1301 2793 Marmaricae

240 2817 437 2882 finibus,
459 2820 755 2881 visebatur,
789 2819 878 2871 alii
908 2820 961 2870 in
988 2821 1299 2887 Cyrenaica,

239 2897 316 2946 alil
339 2897 390 2947 in
409 2898 753 2964 Marmarica,
774 2899 860 2949 alii
882 2898 931 2948 in
957 2900 1122 2964 Libya
1143 2899 1302 2951 coilo-

242 2975 421 3027 earint.

296 3058 322 3084 ¹·
356 3051 609 3116 Proximi]
672 3050 867 3102 Procul
922 3052 1044 3102 binc
1095 3052 1306 3118 quidem

241 3133 453 3196 utraque
499 3128 785 3194 AEtbiopia,
831 3128 1079 3195 Superior
1123 3136 1179 3180 et
1217 3129 1306 3180 In-

241 3204 431 3257 ferior:
470 3208 567 3257 illa
601 3220 760 3271 supra
787 3206 1070 3272 AEgyptum
1105 3208 1171 3257 ad
1210 3208 1305 3258 Ni·

242 3283 340 3333 lum
395 3283 599 3335 flumen
656 3290 714 3334 et
767 3282 1055 3335 Arabicum
1110 3286 1307 3350 Sinum,

243 3358 619 3427 Oceanumque
632 3358 978 3426 AEthiopicum
995 3379 1018 3424 ;-
1033 3363 1134 3414 ista
1149 3365 1305 3415 etiam

239 3437 435 3504 longius
476 3440 622 3489 ultra
666 3439 989 3504 AEquatorem
1029 3448 1303 3505 protensa:

244 3518 419 3579 procul
444 3517 613 3567 etiam
624 3516 1059 3582 Troglodytarum
1073 3517 1305 3569 Arabum

243 3600 295 3643 et
317 3594 678 3645 Nasamonum
714 3595 969 3659 regiones,
987 3609 1199 3660 quorum
1234 3595 1308 3646 illi

242 3671 681 3738 inter·AEgyptum
705 3680 760 3722 et
783 3672 1013 3722 Rubrum
1034 3673 1205 3736 Mare,
1221 3672 1314 3723 isti

248 3750 309 3799 ad
339 3766 485 3801 oram
507 3751 678 3817 Syrtis
702 3751 753 3800 in
778 3750 959 3802 Africa
984 3752 1195 3801 Minore
1230 3752 1309 3801 in-

246 3828 436 3878 colunt.
507 3830 650 3892 Ergo
677 3842 775 3878 non
803 3830 955 3880 aliter
980 3829 1188 3879 videtur
1220 3827 1310 3879 de-

247 3900 386 3953 fendi
410 3918 566 3969 posse
605 3919 637 3953 a
668 3906 942 3970 multiplici
964 3920 1141 3957 errore
1181 3907 1313 3957 Cur·

249 3980 368 4044 tius,
407 3992 569 4048 quam
613 3983 655 4033 si
700 3982 978 4040 dixerimus
1017 3982 1176 4034 fuisse
1221 3984 1320 4035 ali-

250 4070 373 4120 quas
429 4056 734 4123 AEtbiopum
790 4068 939 4110 extra
985 4059 1320 4126 AEthiopiam‚

251 4141 401 4185 extra
449 4135 687 4187 Africam
733 4138 944 4202 proprie
986 4137 1182 4188 dictam
1228 4138 1319 4188 ali·

254 4225 375 4274 quas
411 4213 771 4263 Nasamonum
808 4214 1080 4266 Colonias:
1113 4216 1321 4280 Troglo-

253 4286 403 4351 ἀξίω
426 4302 555 4339 uero
576 4301 676 4338 non
705 4295 806 4338 tam
843 4292 1055 4356 propria
1089 4293 1321 4356 gentium

379 4370 566 4435 Delph.
585 4377 635 4422 et
652 4371 767 4423 Vur.
791 4371 923 4425 Clas.

1377 1982 1493 2019 esse
1517 1968 1738 2040 nomina,
1759 1983 1909 2035 quam
1949 1970 2253 2035 populorum
2278 1971 2330 2022 in
2353 1988 2443 2022 an·

1377 2046 1473 2096 tris
1518 2045 1806 2108 viventium
1852 2048 2160 2099 communia.
2226 2049 2350 2112 Sed,
2386 2056 2449 2100 ut

1377 2124 1489 2173 baec
1514 2122 1592 2174 ita
1608 2125 1732 2189 sint,
1754 2125 1853 2175 tria
1878 2132 2051 2176 tamen
2070 2126 2301 2190 graviter
2324 2142 2445 2191 pec-

1379 2212 1532 2248 casse
1572 2199 1806 2249 Curtium
1846 2215 1999 2251 nemo
2036 2200 2234 2252 inficias
2274 2204 2444 2255 iverit.

1380 2274 1613 2325 Primum
1648 2276 1700 2325 in
1731 2275 2067 2341 Troglodytis
2106 2277 2451 2330 Hammonio-

1381 2364 1493 2400 rum
1519 2350 1723 2414 vicinis,
1750 2352 1888 2417 quod
1912 2367 2000 2404 eos
2022 2354 2353 2421 Troglodytis
2379 2355 2447 2407 ad

1382 2431 1614 2482 Rubrum
1651 2430 1802 2483 Mare
1844 2431 2117 2497 Arabibus,
2150 2440 2256 2485 tam
2292 2435 2448 2500 longe

1381 2508 1503 2560 hinc
1546 2507 1760 2572 dissitis,
1806 2511 2120 2576 conjungat.
2206 2512 2446 2563 Alterum

1384 2600 1532 2650 paene
1556 2600 1670 2650 par,
1692 2587 1828 2650 quod
1855 2588 2176 2637 Nasamones
2204 2587 2452 2638 Hammo·

1383 2661 1463 2709 nis
1487 2661 1694 2711 accolas
1718 2676 1835 2711 cum
1854 2661 2232 2713 Nasamonibus
2251 2663 2448 2714 Africae

1383 2735 1591 2800 populis
1625 2738 1690 2787 ad
1714 2745 1984 2803 utramque
2018 2739 2211 2804 Syrtim
2237 2739 2448 2792 confun-

1383 2812 1511 2874 (λαις
1558 2826 1589 2863 a
1633 2814 1821 2880 quibus
1864 2822 1977 2867 tota
2021 2816 2352 2867 Marmarieae
2393 2821 2450 2868 et

1386 2891 1692 2956 Cyrenaica}
1748 2893 2024 2944 latitudine
2079 2894 2234 2945 divisi
2277 2902 2449 2947 erant.

1385 2966 1640 3034 Tertium,
1654 2966 1790 3034 quod
1805 2969 2010 3020 eosdem
2029 2984 2060 3020 a
2073 2973 2448 3036 septemtrione

1386 3051 1568 3110 ponat,
1593 3046 1680 3112 qui
1704 3045 1769 3097 ab
1800 3060 1990 3098 occasu
2020 3056 2170 3100 erant
2195 3051 2453 3100 collocan-

1387 3124 1459 3187 di,
1498 3132 1555 3173 nt
1592 3124 1731 3188 apud
1774 3125 2119 3187 Ptolemaeum
2157 3127 2336 3179 videre
2372 3134 2453 3178 est

1387 3206 1568 3259 tabula
1586 3204 1785 3256 ’Africa‘
1803 3210 1851 3255 3.

1389 3318 1392 3321 -
1448 3291 1472 3316 ⁰
1497 3280 1822 3347 Troglodytis]
1850 3282 1904 3335 A
1918 3282 2136 3348 τρώγλη,
2159 3300 2378 3349 caverna,
2399 3292 2453 3336 et

1383 3359 1498 3421 δύω,
1526 3360 1789 3422 ingredior,
1810 3361 2144 3425 Troglodytae
2169 3361 2298 3411 dicti
2316 3370 2458 3425 sunt,

1390 3436 1569 3502 populi
1608 3437 1661 3486 in
1702 3437 1969 3501 speluncis
2006 3438 2197 3502 degere
2243 3440 2458 3501 assueti,

1389 3515 1570 3581 quales
1608 3512 1769 3564 fuisse
1813 3529 1916 3564 non
1953 3517 2106 3565 modo
2150 3516 2202 3565 in
2240 3514 2455 3574 Arabia,

1390 3607 1546 3659 quam
1580 3591 1827 3655 diximus„
1855 3590 2247 3658 Troglodytica,
2279 3608 2456 3643 verum

1391 3668 1551 3718 etiam
1572 3667 1628 3716 in
1649 3667 1931 3732 AEthiopia,
1944 3676 2001 3719 et
2035 3668 2175 3719 cirea
2210 3670 2462 3733 Pontum,

1392 3759 1459 3796 ex
1495 3745 1685 3802 Plinio,
1723 3746 1947 3808 AEtbico,
1969 3752 2024 3796 et
2061 3746 2337 3807 Strabone,
2359 3750 2458 3797 διο.

1393 3822 1768 3887 cognoscimus.
1843 3824 2110 3873 Dicuntur
2166 3833 2221 3874 et
2262 3824 2462 3888 Trogo·

1395 3899 1538 3964 dytae
1561 3913 1592 3947 a
1611 3899 1751 3964 τρὼξ,
1772 3900 1974 3965 τρυγὸς,
1988 3902 2124 3967 qnod
2142 3901 2278 3953 idem
2303 3909 2462 3969 atque

1394 3977 1607 4043 τρώγλη.

1463 4063 1488 4098 ⁹
1520 4056 1740 4108 Scenitas
1779 4054 1983 4123 [Simos]
2023 4058 2161 4112 Quid
2206 4059 2303 4109 hoc
2347 4059 2462 4107 loco

1399 4135 1670 4201 scripserit
1705 4137 1937 4198 Curtius,
1973 4122 2207 4203 plerique
2253 4135 2467 4186 addubi-

1402 4219 1539 4264 tant.
1605 4212 1816 4277 Simuos,
1839 4210 2059 4280 Symn‘os,
2080 4229 2208 4279 quos
2243 4213 2362 4262 libri
2387 4210 2466 4264 of-

1402 4289 1597 4349 ferunt,
1619 4307 1769 4342 nemo
1795 4292 2140 4358 Geographus
2165 4289 2364 4356 uspiam
2386 4303 2466 4337 re-

1260 4374 1324 4429 Q.
1350 4373 1487 4425 Cure.
2298 4370 2339 4421 S·
