2978 4933
473 393 603 460 522
797 439 810 454 .
894 411 961 471 Q.
1010 407 1276 457 cumn
1325 409 1507 457 aui-*1
1560 408 1707 455 mn.
1754 408 1887 458 νιι.
1934 410 2097 457 οΑΡ.
2143 392 2206 458 3.

473 564 629 631 tem,
654 555 844 640 cujus
876 553 1141 618 dorsum
1171 551 1407 617 Asiam
1430 559 1756 636 perpetuo
1769 551 1940 635 jugo
1961 553 2243 617 dividit:
2274 552 2423 618 hinc
2459 551 2702 630 simul,

474 658 659 742 quod
692 655 998 721 Ciliciam
1029 656 1235 733 subit,
1265 655 1450 719 illinc
1481 653 1814 737 Caspium
1831 654 2067 720 fretum
2088 663 2154 721 et
2176 676 2431 720 amnem
2462 655 2705 721 Arax-

473 768 623 826 emr
670 759 939 844 aliaque
988 759 1276 842 regionis
1327 757 1625 841 Scythiae
1672 757 1944 823 deserta
1972 765 2261 842 spectat.
2348 760 2458 824 20.
2502 758 2707 823 Tau-

483 871 639 929 ιἰιε8
687 862 1005 929 secundae
1052 861 1533 945 magnitudinis
1579 880 1771 926 mons
1802 862 2238 926 committitur
2268 862 2625 941 canense,
2663 859 2708 927 a

475 965 959 1051 Cappadocia²
1001 986 1075 1031 se
1126 965 1440 1031 attollens
1486 964 1801 1030 Ciliciam
1847 967 2168 1049 praeterit,
2218 964 2704 1049 Armeniaeque

473 1071 817 1135 ‘montibus
842 1070 1164 1154 jungitur.
1250 1069 1358 1133 21.
1403 1070 1518 1134 Sic
1563 1070 1731 1134 inter
1768 1089 1843 1132 se
1889 1068 2051 1153 [tot]
2087 1069 2257 1153 juga
2301 1069 2484 1132 velut
2512 1068 2703 1131 serie

472 1173 879 1238 cohaerentia
908 1180 1302 1258 perpetuum
1331 1174 1584 1238 habent
1612 1173 1907 1251 dorsum,
1946 1193 2032 1236 ex
2076 1192 2211 1255 quo
2238 1169 2426 1235 Asiae
2458 1171 2709 1235 omnia

473 1276 606 1340 fere
649 1276 942 1353 flumina,
972 1276 1111 1340 alia
1137 1276 1205 1340 in
1240 1275 1570 1355 Rubrum,
1601 1276 1740 1342 alia
1769 1275 1839 1339 in
1872 1275 2197 1359 Caspium
2218 1283 2246 1309 ¹¹
2293 1294 2499 1352 mare,
2547 1273 2705 1336 alia

1395 1441 1633 1462 mm
1636 1439 1752 1462 Μ

472 1557 652 1598 casum,
683 1541 868 1591 omisso
891 1543 968 1592 ad.
1037 1542 1264 1591 Florent.
1286 1540 1407 1590 hunc
1442 1541 1598 1590 cimtd.
1664 1541 1779 1591 Pal.
1814 1544 1863 1591 1.
1906 1541 2100 1604 Caspia.
2164 1539 2271 1588 Pro
2308 1540 2513 1602 aliaque,
2550 1540 2703 1603 quod

473 1607 667 1657 habent
704 1608 937 1657 Florent-
976 1605 1125 1658 Leid.
1163 1615 1218 1656 et
1242 1607 1390 1655 Voss.
1420 1611 1467 1656 l.
1492 1611 1540 1655 2.
1565 1607 1832 1670 etclioeque
1867 1606 2065 1655 habent
2106 1606 2240 1654 Dan.
2279 1612 2332 1653 et
2376 1604 2607 1654 Pau..1.
2649 1610 2703 1654 2.

471 1671 792 1722 Schmieder.
830 1673 1103 1736 legendum
1129 1672 1336 1736 putavit
1369 1677 1418 1721 et
1451 1671 1550 1721 aliu
1580 1675 1866 1736 parta—20
1901 1671 2052 1721 Voss.
2077 1676 2125 1719 2.
2154 1670 2373 1719 Ciliciam
2399 1668 2705 1733 μείω.-

472 1741 534 1787 21
573 1739 801 1787 Florent·
825 1738 968 1787 Leid.
995 1739 1145 1786 Voss.
1169 1742 1217 1787 2.
1248 1739 1412 1801 Bong.
1436 1745 1493 1787 et
1522 1738 1663 1786 Dan.
1689 1737 1940 1787 omittunt
1974 1741 2046 1787 tot
2069 1744 2191 1784 ante
2218 1733 2361 1797 juga.
2430 1734 2561 1792 Par„
2583 1739 2633 1785 1.
2656 1736 2705 1783 si

474 1803 553 1853 die
576 1818 670 1868 pro
692 1804 830 1852 ser-ie.
895 1804 1045 1853 Voss.
1072 1807 1119 1853 1.
1137 1807 1355 1866 per-tuum
1387 1804 1437 1853 Ιι.
1471 1804 1681 1853 dorsum.
1749 1804 1900 1852 Voss.
1923 1805 1973 1852 2.
2006 1808 2061 1851 et
2101 1802 2238 1851 Mer.
2275 1800 2525 1850 omittunt
2560 1815 2703 1849 mare

1462 1949 1513 2000 N
1520 1949 1683 2000 OTAE

538 2072 557 2097 ¹*
588 2064 823 2129 Araxem]
869 2063 1026 2114 Multi
1062 2071 1412 2115 memorantur
1444 2065 1537 2113 hu-

463 2144 552 2207 jus
586 2143 804 2192 nominis
837 2141 999 2202 fluvii,
1022 2158 1239 2206 quorum
1265 2143 1349 2192 hic
1381 2143 1537 2205 louge

471 2220 861 2278 celeberrimum
885 2235 949 2270 ex
977 2220 1093 2270 Abo
1125 2219 1233 2268 sive
1265 2219 1537 2282 Paryedro

473 2298 734 2347 Armeniae
757 2304 933 2347 monte
956 2297 1121 2347 oritur
1139 2295 1335 2359 pariter
1354 2302 1412 2344 ut
1429 2295 1536 2343 Eu·

473 2375 717 2438 phi-atem
754 2375 837 2424 cui
861 2375 1132 2439 oppositus
1153 2375 1342 2423 Ortum
1369 2371 1536 2436 petit3

473 2459 528 2501 et
552 2450 882 2515 Atropatiam
905 2450 1099 2500 Mediae
1120 2457 1322 2514 partem
1344 2449 1409 2499 ab
1429 2447 1534 2498 Ar-

472 2530 644 2579 menia
663 2529 917 2591 dividens»,
932 2529 1104 2578 multis
1122 2527 1272 2577 ostiis
1289 2526 1537 2590 Caspium

472 2623 617 2657 mare
638 2606 945 2670 ingreditur.
1015 2604 1293 2669 Hodieque
1315 2604 1444 2652 Aras
1465 2601 1541 2651 di-

472 2685 628 2745 citur,
644 2698 827 2748 parum
847 2682 1116 2731 immutato
1135 2681 1357 2730 nomine.
1381 2678 1537 2732 Quod

470 2761 515 2810 si
532 2760 732 2810 Araxes
748 2760 833 2810 ille
846 2760 1047 2809 Graecis
1064 2758 1380 2822 celebratus,
1391 2758 1538 2808 Oxus

472 2845 574 2902 est,
597 2845 655 2887 ut
680 2837 864 2886 Vossio
900 2837 1103 2886 videtur
1135 2836 1185 2884 iu
1220 2835 1376 2884 Melae
1406 2837 1537 2884 cita-

474 2922 583 2965 tum
605 2916 803 2974 locumg
845 2914 938 2962 hic
953 2915 1186 2964 Caucaso
1213 2912 1395 2962 Indico
1419 2927 1538 2974 pro-

470 2991 694 3055 pinquus
738 2991 843 3040 dici
883 2997 1082 3054 posset.
1186 2988 1271 3039 De
1311 2988 1539 3054 „Scythia

473 3081 591 3129 cap.
613 3071 663 3116 7.

535 3151 553 3176 ·
592 3142 798 3205 Taurus]
834 3144 902 3192 Et
923 3157 1051 3193 vera
1073 3140 1204 3192 dicit
1227 3142 1455 3205 Curtius,
1478 3148 1535 3190 et

469 3220 672 3271 fallitur
714 3228 908 3271 tamen.
993 3219 1110 3269 Etsi
1147 3218 1286 3268 euim
1329 3221 1535 3283 utrique

474 3300 707 3349 Caucaso
744 3311 887 3346 mons
929 3294 1128 3344 Taurus
1172 3295 1537 3354 committitur,

467 3375 743 3435 Strabone,
755 3372 1202 3436 Solino,Arriano,
1223 3372 1385 3435 Mela,
1400 3370 1536 3420 aliis-

472 3469 574 3518 que
611 3453 865 3513 testibns;
908 3452 989 3500 vel
1033 3450 1208 3514 potius
1250 3448 1369 3498 duae
1414 3456 1538 3499 sunt

471 3531 622 3579 unius
660 3529 849 3583 montis
895 3536 1091 3592 partes,
1127 3532 1189 3576 ut
1227 3524 1365 3575 infra
1394 3525 1537 3575 dice-

472 3622 582 3657 mus
601 3615 815 3668 stamen
831 3607 899 3654 du
908 3605 1044 3654 bium
1067 3617 1170 3652 nou
1195 3609 1277 3653 est
1292 3603 1414 3668 quin
1435 3603 1540 3652 ista

472 3685 640 3735 Curtii
666 3685 876 3749 proprie
894 3682 1141 3747 Scythico
1157 3681 1394 3731 Caucaso
1417 3694 1537 3729 con-

421 3784 434 3799 r
470 3762 832 3826 veniant,quoe
851 3760 937 3809 ille
961 3759 1024 3808 ad
1049 3758 1288 3809 Indicum
1312 3764 1536 3809 transtu·

468 3839 546 3887 lit.
584 3838 805 3888 ‘Tauri’
827 3853 985 3903 porro
1001 3853 1189 3888 nomen
1217 3838 1339 3887 huic
1371 3837 1537 3887 monti

470 3914 689 3963 inditum
714 3924 814 3978 est,
833 3915 989 3980 quod,
1012 3922 1071 3965 ut
1104 3916 1178 3965 ait
1214 3915 1537 3977 Eustathius,

470 3998 676 4041 veteres
700 3991 917 4054 grandia
939 3992 1115 4042 omnia
1134 3999 1192 4042 et
1223 3991 1436 4041 robusta
1456 3991 1532 4040 sic

471 4081 656 4117 vocare
672 4076 1069 4119 consueverant.
1101 4070 1196 4117 Est
1216 4068 1349 4117 euim
1370 4068 1534 4117 maxi·

467 4158 581 4193 mus
598 4144 757 4192 totius
774 4140 913 4191 Asiae
931 4157 1078 4192 mons
1098 4159 1248 4208 quam
1272 4151 1532 4207 perpetuo

461 4223 589 4286 jugo
606 4223 668 4269 ab
688 4233 878 4269 occasu
894 4220 949 4268 in
966 4227 1133 4269 ortum
1154 4220 1338 4270 dividit
1353 4235 1370 4282 3
1395 4220 1533 4270 unde

467 4304 592 4347 nata
625 4304 858 4349 veterum
894 4297 1325 4362 Geographorum
1346 4299 1534 4349 divisio

1617 2061 1761 2112 Asiae
1784 2061 1802 2092 ‘
1826 2060 1990 2111 intra’
2009 2068 2066 2111 et
2088 2062 2103 2120 ‘‚
2129 2066 2277 2111 extra
2299 2062 2574 2111 Taurum!

1682 2140 1700 2172 ²
1729 2138 1774 2188 A
1802 2138 2120 2202 Cappadocia]
2160 2138 2284 2201 Ejus
2318 2136 2521 2185 initium
2562 2139 2693 2188 alibi

1619 2217 1685 2266 ab
1725 2217 1839 2266 aliis
1879 2217 2157 2280 accipitur.
2231 2213 2473 2263 Arrianus
2514 2214 2607 2264 lib.
2641 2230 2696 2266 v·

1618 2309 1649 2343 a
1689 2294 1904 2359 Mycale
1931 2294 2018 2359 qui
2053 2306 2198 2341 mons
2233 2298 2314 2340 est
2345 2290 2509 2339 Ioniae
2538 2292 2701 2341 Samo

1619 2371 1800 2421 insulae
1838 2362 2148 2436 oppositus:
2183 2368 2371 2419 Strabo
2405 2374 2461 2416 et
2488 2368 2700 2433 Diony-

1617 2448 1722 2498 sius
1745 2463 1776 2498 a
1797 2449 2102 2499 continente
2131 2445 2316 2495 Rhodo
2339 2444 2592 2509 opposita
2622 2446 2699 2495 in·

1618 2535 1702 2577 ter
1736 2525 1948 2590 Lyciam
1987 2533 2043 2574 et
2079 2525 2320 2574 Cariam:
2369 2523 2698 2573 Ptolemaeus

1619 2620 1650 2654 a
1671 2604 1997 2668 Pamphyiiae
2022 2601 2208 2652 finibus
2250 2615 2419 2664 prope
2457 2601 2700 2651 Phaseli-

1621 2682 1769 2732 dem:
1803 2683 1949 2731 Mela
1972 2681 2037 2730 ad
2066 2679 2225 2729 siden
2259 2679 2495 2741 ejusdem
2535 2680 2698 2728 Pam·

1621 2759 1808 2824 phyliae
1834 2758 2081 2823 oppidum
2115 2756 2573 2818 versus.Ciliciam,
2595 2761 2701 2807 διο.

1624 2837 1827 2900 Nempe
1852 2845 1910 2885 ut
1934 2834 2165 2899 ejusdem
2187 2833 2329 2884 fluvii
2359 2834 2541 2897 plures
2579 2850 2699 2885 esse

1620 2913 1794 2965 fontes
1813 2923 2044 2978 possunt,
2066 2914 2141 2963 sic
2165 2913 2397 2978 ejusdem
2421 2914 2583 2962 Tauri
2609 2929 2700 2962 va·

1618 2993 1698 3043 ria
1735 3000 1997 3057 ponuntur
2035 2990 2437 3055 exordiayquot
2480 2991 2697 3041 scilicet

1618 3070 1981 3134 promontoriis
2009 3069 2059 3117 in
2084 3082 2227 3117 mare
2244 3067 2497 3118 excurrit.
2560 3067 2698 3117 Inde

1613 3147 1669 3196 in
1693 3146 2019 3197 Orientalem
2044 3159 2209 3209 usque
2243 3143 2517 3193 Oceanum
2548 3143 2698 3193 Sina-

1618 3239 1729 3273 rum
1766 3222 1960 3272 desinit
1998 3219 2355 3286 promontorio
2379 3219 2520 3284 quod
2558 3222 2694 3272 ‘Ta-

1615 3299 1758 3350 mos'
1798 3300 2019 3350 vetustis
2065 3298 2360 3358 dicebatur,
2393 3298 2507 3346 sive
2547 3299 2565 3326 ‘
2589 3298 2695 3348 Ta-

1615 3376 1822 3427 maros!
1901 3379 1988 3427 De
2032 3377 2187 3428 variis
2243 3375 2404 3424 Tauri
2449 3375 2692 3439 partibus

1617 3461 1778 3519 atque
1822 3455 2111 3504 nominibus
2160 3452 2368 3502 videndi
2409 3453 2464 3501 in
2511 3453 2693 3517 primis

1620 3533 1810 3583 Strabo
1832 3533 1922 3582 lib.
1946 3546 2032 3581 xi.
2057 3545 2119 3580 ac
2144 3543 2262 3579 xiv.
2311 3530 2459 3579 Mela
2481 3529 2575 3578 lib.
2602 3543 2688 3580 ιιι.

1620 3608 1876 3658 Arrianus
1900 3608 1990 3658 lib.
2015 3622 2067 3657 v.
2102 3607 2312 3657 Solinus
2334 3620 2450 3670 cap.
2473 3611 2556 3656 41.

1682 3695 1707 3720 ¹¹
1737 3687 1852 3737 Aua
1875 3687 1924 3736 in
1951 3684 2201 3748 Caspium]
2235 3685 2314 3733 De
2344 3682 2525 3733 Rubro
2558 3682 2685 3733 mari

1618 3763 1827 3813 dicendi
1871 3764 2012 3813 locus
2057 3762 2162 3811 erit
2198 3762 2291 3810 lib.
2320 3774 2444 3809 vm.
2485 3775 2605 3824 cap.
2637 3764 2684 3811 9.

1619 3838 1722 3890 Hic
1745 3854 1869 3889 vero
1900 3838 2064 3888 ferme
2100 3839 2299 3887 nescias
2322 3836 2447 3902 quid
2477 3837 2542 3887 de
2562 3838 2685 3888 Cas-

1618 3917 1725 3980 pio,
1740 3917 2005 3980 Hyrcano,
2017 3914 2338 3979 Ponticoque
2348 3915 2543 3963 sentiat
2560 3916 2684 3965 Cur-

1618 3993 1739 4044 tius.
1809 3993 1982 4041 Minus
2005 3991 2140 4040 euim
2162 3991 2439 4040 Ponticum
2461 3991 2530 4040 ab
2549 3991 2682 4055 Hyr-

1614 4084 1763 4132 cano,
1784 4082 1941 4133 quam
1967 4066 2108 4116 istud
2134 4083 2164 4115 a
2186 4067 2399 4131 Caspio,
2417 4075 2561 4117 certe
2582 4082 2679 4117 nou

1614 4146 1794 4210 magis,
1815 4145 2024 4194 videtur
2055 4144 2391 4205 distinguere.
2462 4145 2681 4208 Nempe,

1614 4223 1752 4286 quod
1777 4237 1935 4286 supra
1957 4221 2177 4271 diximus
2200 4222 2288 4272 lib.
2317 4234 2397 4270 vr.
2426 4235 2547 4283 cap.
2568 4226 2616 4270 4.
2633 4228 2683 4272 5.

1615 4300 1857 4365 Caspium
1893 4313 2010 4351 cum
2056 4299 2261 4351 Euxino
2307 4300 2417 4350 sive
2458 4299 2678 4350 Pontico
