2978 4933
387 379 454 427 J.
503 375 1007 442 rnntnsnssm
1056 375 1317 426 surm..
1365 375 1444 424 m
1494 375 1565 438 Q.
1611 374 1963 425 cun-rrum
2013 377 2157 426 mn.
2205 377 2289 426 11.
2373 362 2501 429 111

288 525 375 585 tri
435 534 666 605 septem
721 523 1033 587 Persarum
1086 523 1571 605 conspiratione,‘¹
1623 524 1930 605 imperium
1983 523 2183 605 Magis
2234 526 2503 587 extorsit.

289 624 359 682 5.
406 622 537 682 Sub
564 621 655 682 his
697 621 938 702 regibus
977 641 1084 702 per
1120 620 1415 682 ducentos
1445 634 1507 683 et
1535 620 1779 702 triginta
1806 621 1986 682 ferme
2014 641 2204 682 annos
2234 642 2327 684 res
2355 621 2502 687 Per·
2530 650 2533 655 ¹

285 738 503 779 sarum
530 719 677 780 mira
699 718 983 782 felicitate
1007 719 1242 780 floruit:
1283 721 1521 780 acribus
1560 718 1767 794 initiis,
1806 718 1952 791 dum
1993 719 2157 781 rudis
2182 718 2263 780 'ad
2294 719 2502 802 volup-

282 826 458 877 tates
490 819 654 878 natio
680 837 786 897 pro
813 817 1131 892 libertate:³
1156 817 1481 898 gloriaque,
1508 828 1574 879 et
1610 818 1823 900 opibus
1853 817 2117 881 animose
2143 817 2463 880 dimicabat
2479 840 2499 881 ι

286 915 349 972 6.
399 914 771 994 procedente
793 925 1082 997 tempore,
1106 928 1422 998 postquam
1447 917 1692 1000 praemia
1722 917 1952 978 virtutis
1986 917 2189 997 adepti
2213 917 2504 978 videban-

281 1023 414 1088 tur,
447 1013 641 1092 ipsam
667 1012 1100 1094 posthabuere;
1143 1034 1262 1076 non
1292 1024 1415 1076 tam
1441 1016 1565 1077 suis
1593 1015 1814 1076 viribus
1843 1016 1974 1088 tuti,
2001 1035 2181 1096 quam
2208 1015 2368 1074 fama
2390 1032 2502 1096 po·-

282 1109 508 1168 tentiee
549 1128 586 1169 a
630 1108 951 1190 majoribus
982 1121 1192 1190 partoe,
1221 1132 1455 1194 usuque
1482 1111 1869 1186 divitiarum,f
1886 1113 2101 1193 quibus
2130 1110 2291 1177 haud
2319 1110 2503 1194 paulo

282 1205 537 1266 felicius
560 1216 765 1269 eontra
785 1206 1055 1283 Graecos,
1076 1228 1257 1290 quam
1279 1211 1456 1272 armis
1486 1210 1883 1273 decertavere.
1929 1213 1989 1272 7.
2017 1209 2108 1273 Ad
2134 1221 2501 1293 postremum

281 1302 528 1384 itaque,
542 1324 678 1366 cum
700 1305 987 1368 adversus
1009 1306 1333 1370 Alexandri
1360 1309 1477 1370 vim
1499 1329 1641 1370 auro
1658 1329 1864 1389 parum
1891 1309 2293 1389 proficeretur,
2311 1306 2499 1366 omni-

280 1420 414 1483 que
447 1413 693 1464 e'xterna
717 1398 832 1485 ope
860 1405 1239 1480 abscedente,
1269 1407 1501 1470 sibimet
1536 1407 1681 1488 ipsis
1709 1406 2078 1468 innitendum
2111 1401 2498 1478 esset,-animi

278 1496 533 1559 deliciis
578 1508 640 1561 et
679 1500 927 1562 mollitie
969 1501 1142 1564 fracti
1189 1502 1645 1585 effoeminatique
1672 1504 1925 1565 fortunae
1958 1503 2184 1564 ruentis
2216 1502 2501 1584 impetum

277 1614 413 1655 non
445 1597 876 1659 sustinuerunt.
951 1601 1019 1667 8.
1061 1599 1298 1681 Quippe
1334 1600 1686 1663 industriam
1729 1612 1968 1682 egestas
2011 1599 2206 1670 acuitg
2251 1599 2502 1659 affluen-

275 1693 438 1753 tiam
468 1713 664 1754 rerum
692 1694 867 1756 luxus
896 1706 958 1757 et
991 1698 1202 1758 inertia
1241 1699 1525 1777 sequitur.
1610 1699 1799 1780 Igitur
1822 1699 2029 1761 audito
2072 1699 2191 1759 fine
2219 1696 2500 1778 Philippi,

277 1792 470 1873 cujus
500 1792 739 1854 fortuna
763 1804 827 1855 et
853 1790 1232 1876 apparatibus
1274 1797 1535 1858 exterriti
1567 1797 1819 1871 fuerant,
1860 1810 2023 1860 metu
2060 1796 2288 1869 soluti,ss
2316 1795 2500 1857 Alex-

278 1889 470 1949 andri
499 1889 966 1953 adolescentiam
993 1891 1440 1972 despieiebant;
1481 1904 1828 1956 contentum
1855 1895 1979 1956 fore
2006 1893 2294 1967 arbitrati,
2325 1893 2375 1954 si
2404 1913 2500 1955 se-

275 2007 441 2049 curo
493 1987 680 2049 Peuae
726 1989 1108 2051 obambulare
1151 1990 1375 2052 liceret.
1458 1992 1520 2053 9.
1563 1993 1784 2053 Verum
1823 2012 1958 2054 eum
1997 1991 2076 2053 de
2111 1991 2284 2053 bellis
2314 1991 2498 2072 ipsius

276 2074 678 2166 victoriisque
703 2086 824 2149 alia
850 2107 1027 2167 super
1053 2087 1175 2148 alia
1199 2089 1645 2159 nuntiarentur;
1688 2099 2053 2151 contemtum
2080 2088 2371 2150 hactenus
2402 2090 2501 2170 ju·

279 2205 507 2247 venem
552 2185 872 2265 impensius
916 2185 1323 2260 formidantes,
1370 2207 1598 2248 summa
1639 2207 1803 2262 cura,
1842 2197 1913 2247 ut
1954 2186 2015 2247 in
2063 2185 2286 2248 bellum
2326 2183 2498 2248 at'rox

274 2294 472 2362 atque
503 2281 871 2357 diuturnum,
899 2284 1117 2344 auxilia
1144 2284 1590 2364 comparabant.
1679 2285 1774 2346 10.
1819 2285 1897 2344 Et
1923 2283 2200 2363 quoniam
2226 2283 2497 2366 superio-

276 2402 422 2443 rum
453 2381 790 2461 proeliorum
819 2381 1235 2463 experimentis
1271 2381 1555 2463 imparem
1582 2383 1907 2444 Asiaticum
1935 2382 2176 2444 militem
2206 2383 2499 2464 Europaeo

276 2479 654 2553 didicerant,
692 2480 893 2541 missis
937 2478 999 2539 in
1041 2478 1341 2542 Graeciam
1390 2480 1914 2560 conquisitoribus,
1951 2481 2031 2542 ad
2069 2480 2500 2565 quinquaginta

274 2577 519 2638 millia¹¹
575 2577 830 2657 egregias
898 2577 1227 2659 juventutis
1271 2578 1544 2640 mercede
1598 2571 2032 2641 conduxerunt.
2145 2578 2257 2641 His
2309 2578 2499 2657 copiis

276 2675 590 2737 Memnon
620 2675 896 2737 Rhodius
923 2684 1141 2755 praetor
1169 2674 1348 2735 datus
1374 2684 1468 2736 est
1486 2676 1532 2744 ;ί
1572 2677 1673 2756 qui
1705 2676 1906 2736 multis
1953 2683 2091 2735 ante
2118 2673 2289 2734 bellis
2315 2674 2496 2735 fidem

275 2773 693 2853 virtutemque
721 2793 893 2834 suam
917 2772 1117 2835 Persis
1147 2773 1385 2835 abunde
1406 2774 1779 2855 probaverat.
1870 2775 1965 2835 11.
2010 2771 2070 2833 Is
2098 2771 2175 2831 ad
2202 2790 2499 2853 occupan-

276 2872 429 2933 dam
466 2871 750 2952 Cyzicum
780 2870 1021 2946 missus,
1050 2871 1249 2961 citatis
1275 2872 1603 2946 itineribus,
1629 2892 1739 2953 per
1766 2870 2105 2953 Phrygiam,
2132 2888 2254 2950 qua
2277 2868 2497 2929 Troadi

274 2970 704 3046 committitur,
732 2970 811 3032 ad
833 2971 1000 3031 Idam
1027 2979 1290 3034 montem
1318 2973 1607 3051 pervenit,
1630 2971 1765 3052 ipso
1789 2970 2028 3031 nomine
2047 2977 2320 3029 natur-am
2344 2967 2495 3028 situs

275 3070 376 3131 sui
401 3068 859 3149 praeferentem3
887 3087 1026 3129 nam
1055 3068 1363 3131 condensa
1389 3070 1695 3131 arboribus
1716 3068 1853 3129 loca
1876 3073 1894 3103 ‘
1917 3066 2058 3127 Idas
2082 3067 2098 3092 ’
2121 3065 2346 3145 antiqui
2365 3065 2495 3126 dix-

275 3161 442 3230 ere.¹‘
478 3168 579 3228 12.
601 3167 882 3247 Exsurgit
893 3167 1008 3228 iste
1023 3167 1269 3228 celsiore
1287 3168 1621 3241 cacumine,
1639 3184 1815 3245 quam
1839 3164 2018 3226 ceteri
2037 3163 2116 3225 ad
2137 3163 2496 3244 Hellespon-

272 3276 411 3328 tum
441 3271 723 3348 arentes)
791 3266 885 3326 13.
911 3266 980 3340 ln
1008 3265 1204 3328 medio
1232 3286 1477 3347 specum
1502 3265 1687 3326 babet
1702 3264 1985 3344 religioso
2013 3262 2253 3329 horrore
2272 3260 2494 3322 famam

271 3362 338 3422 in
361 3361 594 3422 fabulis
613 3371 873 3434 nactum,
888 3372 957 3421 ut
978 3359 1082 3423 ‘ibi
1101 3353 1360 3423 Dearum
1378 3362 1598 3423 formas
1620 3362 1836 3422 arbiter
1853 3359 2144 3439 Trojanus
2166 3357 2501 3438 spectasse'

277 3457 677 3540 praedicetur,
700 3478 835 3521 cum
866 3458 1112 3539 imperio
1153 3459 1340 3540 patris
1370 3459 1698 3540 expositus,
1723 3458 1787 3519 in
1817 3456 1928 3517 Ida
1972 3465 2171 3518 monte
2201 3454 2496 3516 adolevis-

278 3566 403 3617 set.
500 3558 599 3617 14.
642 3555 869 3619 Eadem
920 3557 1213 3618 Idaeorum
1262 3557 1706 3638 Dactylorumm
1732 3555 1922 3637 patria
1964 3574 2099 3616 esse
2153 3554 2357 3625 fertur,
2388 3553 2494 3632 qui

157 3665 166 3674 '
276 3652 488 3735 primi,
516 3653 747 3734 Magna
775 3652 971 3715 Matre
1007 3655 1281 3730 docente,
1309 3644 1648 3736 ambiguum
1673 3654 1811 3714 ferri
1852 3672 2050 3725 usum,
2078 3670 2283 3742 nequer
2297 3649 2493 3709 minus

278 3750 442 3813 utile
486 3752 862 3813 necessitatis
916 3752 1250 3835 laborisque
1287 3754 1584 3827 solatium,
1627 3750 1972 3813 acerrimum
2013 3748 2225 3809 furoris
2271 3747 2493 3812 instru-

355 3968 381 3995 e
413 3961 629 4014 Arrian.
648 3977 706 4015 v.
725 3966 775 4016 4.
808 3961 899 4015 fin.
922 3964 1164 4031 Xenopb.
1194 3965 1357 4031 Cyro·
1497 3961 1514 3997 ¹
1544 3961 1706 4014 Diod.
1724 3961 1760 4011 l.
1782 3960 1818 4012 1.

283 4038 438 4106 ped.
464 4052 503 4089 ι.
1498 4038 1523 4075 ¹²
1555 4041 1783 4090 Pausan.
1807 4052 1864 4090 x.

353 4114 380 4148 f
405 4115 556 4168 Plut.
573 4116 627 4167 in
649 4116 900 4184 Agesilao
921 4125 978 4171 et
999 4120 1309 4173 Artaxerxe.
1499 4117 1513 4150 ¹
1545 4116 1704 4167 Diod.
1728 4115 1818 4174 1.1.
1842 4115 2083 4183 Apollod.
2107 4129 2172 4169 n.

349 4201 386 4237 s
422 4191 587 4245 Diod.
609 4206 753 4245 xvu.
777 4211 830 4260 p.
853 4201 967 4249 565.
1229 4239 1232 4242 .
1499 4193 1712 4246 ¹¹¹¹Diod.
1730 4195 1813 4245 1.1.
1828 4195 1965 4248 Plin.
1981 4196 2122 4249 Hist.
2139 4194 2270 4246 Nat.
2289 4204 2477 4244 xxxiv

356 4267 385 4301 ¹¹
422 4268 571 4320 Curt.
596 4283 649 4321 v.
668 4274 745 4322 11.
767 4277 817 4322 5.
1434 4276 1517 4325 14.
