2978 4933
907 359 1023 406 οι..
1073 359 1231 408 cxi.
1275 347 1341 410 4.
1417 367 1489 412 A.
1538 366 1662 413 cn.
1705 367 1781 417 N.
1824 353 1973 420 333.
2048 374 2049 377 ’
2406 362 2536 431 229

331 492 662 578 AEgyptii,
717 516 890 565 vana
938 523 1099 584 gens
1158 512 1222 570 et
1279 510 1636 595 novandis,
1685 534 1887 597 quam
1931 520 2258 601 gerendis,
2305 526 2532 607 aptior

327 597 586 675 rebus?
602 619 691 663 ex
716 604 858 666 suis
890 607 1181 692 quisque
1208 606 1380 675 vicis
1403 615 1838 700 urbibusque,
1860 622 1946 685 ad
1972 621 2104 687 hoc
2127 625 2350 706 ipsum
2379 638 2536 693 con-³

327 707 619 779 currunt,
661 703 748 768 ad
779 704 1060 772 delenda
1092 713 1415 794 praesidia
1445 715 1839 786 Persarum:
1884 725 1998 806 qui
2047 727 2274 806 territi,
2305 736 2534 794 tamen

324 819 518 883 spem
561 805 885 880 retinendi
938 810 1300 901 AEgyptum
1323 829 1355 855 w
1413 837 1547 883 non
1598 821 1977 891 amiserunt.
2062 828 2172 892 31.
2224 830 2359 895 Sed
2409 853 2529 898 eos

321 900 662 988 Amyntas
692 911 931 991 praelio
964 925 1315 998 superatos
1348 923 1416 985 in
1435 921 1682 988 surbem
1708 929 2098 1012 compellit3
2148 935 2529 1019 castrisque

318 1007 591 1086 positis,
606 1011 906 1078 victores
964 1018 1052 1081 ad
1096 1023 1526 1104 populandos
1584 1046 1780 1109 agros
1826 1029 2101 1098 eduxit:
2149 1054 2251 1112 ac,
2294 1036 2529 1103 velut¹

315 1106 392 1190 in
426 1109 649 1175 medio
683 1115 926 1196 positis
957 1122 1268 1188 omnibus
1314 1125 1631 1206 hostium,
1663 1139 1910 1198 cuncta
1939 1136 2348 1217 agebantur!
2415 1141 2522 1207 32.

382 1291 422 1380 ”w
442 1287 668 1352 AEgyptii
688 1279 975 1374 levis-natio,
997 1284 1044 1351 et
1066 1272 1201 1353 novis
1220 1306 1358 1356 rebus
1377 1311 1689 1375 suscipiendis
1710 1329 1849 1379 quom
1866 1280 2150 1382 exequendis
2169 1293 2343 1383 aptior}

450 1350 593 1414 Spem
614 1358 820 1422 AEgypti
840 1372 1184 1419 conservanda:-

379 1420 409 1443 x

313 1424 533 1534 Graeczg’
555 1424 688 1484 quasi
720 1429 875 1478 omnia
892 1435 1316 1513 praedoe-exposita
1333 1437 1526 1502 forent,
1558 1449 1725 1494 cuncta
1746 1445 1953 1546 hostium
1984 1447 2522 1544 bonadiripiebunturu

300 1665 548 1723 permvvit
562 1683 597 1745 3·
619 1669 787 1736 Bong.
815 1678 860 1723 1.
876 1679 1148 1739 promovit,-
1181 1681 1297 1732 Pal.
1325 1687 1371 1734 1.
1390 1692 1650 1746 promovet.
1717 1690 1951 1741 Florent.
1974 1692 2118 1742 Leid.
2142 1695 2309 1757 Bong.
2329 1698 2382 1742 et
2407 1693 2522 1742 Pal.

308 1731 361 1775 1·-
382 1729 613 1795 AEgyptz.
654 1738 872 1812 ’Fauen
897 1757 1017 1793 nova
1034 1760 1193 1806 gens,·
1227 1749 1457 1798 Florent.
1476 1753 1699 1812 gerendis
1718 1757 1918 1820 ceptior.
1951 1759 2120 1822 Bong.
2152 1760 2289 1809 Dan.
2322 1758 2442 1807 Pal.
2476 1763 2521 1807 1.

299 1789 547 1870 Floreat.
574 1798 722 1851 Leid.
749 1813 803 1853 et
835 1806 988 1859 Voss.
1017 1814 1062 1859 1.
1085 1812 1253 1875 quique
1283 1829 1378 1876 pro
1415 1816 1627 1879 quisque.
1664 1819 1771 1870 Elz.
1794 1823 1914 1871 sicis
1934 1824 2218 1887 viribusque.
2291 1824 2521 1873 Florent-

299 1856 461 1910 Leid.
489 1869 542 1911 et
568 1865 732 1928 Lugd.
756 1870 844 1919 hoe
861 1872 1033 1936 ipsum,
1060 1879 1249 1927 omisso
1271 1881 1333 1927 ud
1348 1894 1369 1937 ,⁰
1404 1881 1555 1930 Voss.
1579 1888 1627 1933 2.
1667 1888 1785 1947 quod
1819 1887 1906 1935 hoc
1926 1889 2081 1950 ipsum
2096 1906 2116 1948 ,·
2152 1888 2318 1937 Amst.
2354 1890 2417 1937 ad
2440 1888 2517 1950 ip-

295 1938 444 1973 wm*
464 1924 481 1952 ⁴
499 1928 676 1980 verba
696 1936 757 1982 Μ
778 1935 861 1985 ¹⁸⁰⁰
878 1939 1050 2000 imum,
1074 1943 1158 1991 vel
1193 1945 1256 1991 ad
1290 1945 1459 2009 ipsum,
1487 1949 1715 2010 speciem
1737 1951 1927 2001 habent
1951 1953 2308 2016 glossematis!
2342 1953 2519 2002 Bothe.

297 1989 432 2067 Pa-l.
456 1995 502 2043 1.
522 1997 585 2043 ud
604 1998 815 2050 dedendo
832 2019 851 2058 ‚·
877 2003 1045 2069 Bong.
1070 2008 1281 2072 delenda,
1305 2013 1496 2061 omisso
1515 2014 1590 2063 ud.
1626 2014 1764 2064 Vide
1791 2018 1917 2067 Not.
1935 2020 2060 2068 Var.
2099 2021 2265 2082 Bong.
2288 2018 2520 2068 Florent-

296 2055 458 2106 Leid.
483 2066 539 2109 et
562 2061 708 2112 Voss.
750 2072 796 2115 1.
836 2071 885 2117 2.
922 2085 1048 2133 spem
1071 2073 1321 2124 retinendi.
1355 2077 1472 2125 Pal.
1498 2081 1545 2127 l.
1570 2080 1789 2145 AEgypti.
1820 2082 1973 2132 Dan.
1995 2084 2274 2134 umisserunt
2290 2100 2311 2142 ,·
2345 2084 2516 2145 Bong.

297 2120 463 2172 Voss·
491 2129 536 2175 1.
573 2131 622 2178 2.
661 2131 886 2183 Florent.
929 2143 984 2185 et
1022 2137 1169 2188 Leid.
1206 2140 1466 2191 omiserunt
1481 2159 1502 2200 ,·
1551 2144 1685 2194 Mer.
1721 2146 2093 2199 amiserat.-3l
2130 2150 2268 2198 Mer.
2311 2148 2409 2198 Sed
2449 2163 2518 2198 eo.

297 2187 418 2264 ΡΙᾯ
440 2193 614 2243 castris
631 2197 803 2258 positis
821 2201 993 2250 multae
1018 2203 1139 2252 edd.
1164 2210 1294 2254 vett.
1329 2209 1417 2256 huc
1437 2209 1550 2256 illuc
1581 2209 1898 2274 incompositis
1928 2214 2199 2275 agminibus
2219 2215 2423 2263 hostium
2442 2228 2518 2263 se·

296 2259 407 2305 cute
428 2259 693 2319 agebantur
707 2278 727 2319 ;
760 2264 976 2316 Theocr.
1002 2268 1172 2318 locum
1196 2270 1273 2335 ita
1296 2271 1543 2323 exhibet:
1577 2277 1837 2340 castrisque
1854 2280 2045 2340 positis,
2067 2278 2519 2338 victore-§festinant

295 2321 362 2367 ad
383 2325 677 2386 populandos
697 2343 858 2391 agros,
877 2347 934 2380 ac
954 2335 1081 2383 velut
1104 2335 1157 2384 in
1176 2336 1328 2386 medio
1359 2339 1533 2401 positis
1558 2341 1677 2389 Diis
1708 2342 1933 2406 hostium,
1964 2346 2044 2407 ᾅτ.
2078 2345 2216 2394 Vide
2245 2346 2367 2396 Not.
2389 2345 2517 2393 Var.

295 2383 477 2462 Boug.
500 2388 648 2440 Voss.
674 2398 718 2441 1.
743 2395 906 2457 Lugd.
932 2405 986 2448 et
1011 2400 1185 2452 Amst.
1213 2403 1460 2454 omittunt
1483 2407 1651 2455 eduxit
1667 2423 1688 2465 ;
1719 2423 1777 2456 ac
1791 2425 1812 2468 ;
1845 2410 1994 2458 Voss.
2020 2414 2069 2460 2.
2095 2410 2305 2460 exbibet
2325 2427 2340 2458 ε
2373 2416 2519 2471 agros

293 2455 453 2531 ἔθ”ῑζῑξ
471 2455 735 2531 agebantur
759 2462 991 2514 Muzetes.
1040 2465 1269 2519 Florent.
1293 2469 1445 2520 Voss.
1467 2474 1514 2521 1.
1539 2481 1596 2521 et
1619 2473 1753 2523 Dan.
1772 2476 1945 2537 positis
1963 2478 2060 2527 Dis
2078 2477 2313 2533 hostium,-
2347 2477 2518 2538 Bong.

287 2524 451 2577 P⁰⁸211
479 2520 575 2569 122⁸
608 2524 693 2583 in;
729 2542 823 2589 pro
848 2543 949 2592 quo
991 2532 1142 2583 Leid.
1175 2533 1277 2583 odis
1286 2550 1306 2592 ;
1342 2536 1512 2598 Boug.
1535 2542 1583 2586 2.
1609 2547 1729 2587 ante
1754 2540 1849 2589 Dis
1871 2542 2029 2603 spatii
2054 2543 2202 2591 vacui
2222 2543 2516 2605 aliquantu-

293 2583 407 2659 lum
434 2586 675 2637 relictum
702 2592 854 2642 habet
876 2610 892 2655 3
930 2595 1047 2646 Pal.
1071 2602 1117 2647 l.
1136 2599 1496 2664 poseitwcunctis
1512 2618 1533 2660 ‚·
1566 2603 1702 2653 Mer.
1725 2607 1965 2668 possidiis,
1984 2608 2109 2656 Bas.
2134 2615 2188 2654 et
2211 2606 2325 2656 Col.
2345 2605 2520 2669 positis

292 2647 374 2699 11²8
387 2649 621 2727 {Lugd-
656 2654 827 2707 Amst.
854 2667 907 2708 et
944 2662 1009 2714 al,
1043 2664 1215 2724 positis
1246 2664 1451 2715 hostium
1487 2673 1672 2716 cunctis
1705 2670 1894 2731 agebat.
1942 2674 1958 2699 ‘
1979 2672 2094 2733 Ego
2119 2670 2392 2735 aliqnando
2419 2684 2516 2734 pro

290 2716 518 2767 omnibus
538 2719 829 2774 scribebam
850 2724 1046 2789 opibus!
1078 2728 1534 2782 Schinieder.--32
1571 2734 1707 2784 Dan.
1733 2736 1952 2786 Mazecos
1965 2754 1986 2796 ;
2020 2738 2172 2787 Voss.
2192 2738 2479 2788 2.⁷Mazetes
2491 2752 2512 2794 ,-

1299 2865 1350 2915 N
1357 2864 1516 2915 0¹1⁸AE

288 2947 519 3011 lusium;
565 2952 784 3005 alterum
821 2957 986 3022 magis
1030 2959 1302 3010 occiduum
1338 2976 1370 3011 a
1452 2962 1778 3027 desperatior
1801 2965 1965 3023 locuS,
1988 2960 2043 3015 et
2075 2966 2161 3032 qui
2197 2966 2512 3018 Criticorum

292 3025 518 3091 Canopo
544 3030 672 3079 urbe
706 3047 890 3082 nomeu
929 3036 1152 3099 accepit.
1218 3038 1367 3088 Inter
1449 3039 1657 3103 ingenia
1679 3043 1843 3106 magis
1867 3046 2182 3094 exercuerit.
2229 3045 2351 3093 Non
2374 3055 2513 3093 com-

293 3108 576 3169 utrumque
619 3107 762 3158 illum
802 3107 1025 3162 fluminis
1070 3116 1273 3163 alveum
1312 3123 1367 3165 et
1447 3115 1653 3166 mittam
1677 3127 1736 3167 ut
1759 3127 1835 3169 tot
1857 3121 2072 3170 aliorum
2097 3119 2404 3184 conjecturis
2425 3134 2513 3168 no·

292 3193 441 3230 mare
493 3182 641 3246 jacet
682 3188 851 3239 insula
894 3205 1010 3255 quae
1050 3206 1081 3241 a
1122 3194 1363 3257 trianguli

287 3257 463 3333 forma
480 3275 667 3312 nomen
690 3268 913 3330 accepit,
946 3269 963 3297 ‘
985 3271 1149 3320 Delta
1166 3271 1199 3320 :’
1231 3272 1363 3322 hanc

291 3338 566 3399 plui-essex
592 3348 813 3408 utroque
838 3346 1044 3395 brachio
1067 3346 1211 3398 ducti
1228 3349 1363 3399 alvei

291 3412 639 3483 intersecant,
688 3426 957 3487 totamque
1022 3423 1361 3488 navigabilem

291 3489 549 3542 efficiunt.
647 3491 660 3506 ‘
709 3527 712 3530 -
791 3526 798 3531 -
967 3527 970 3530 -
1009 3529 1014 3532 -

357 3569 382 3603 ¹¹
414 3571 690 3636 Memphin]
734 3574 996 3639 Memphis
1035 3576 1160 3627 urbs
1201 3592 1361 3642 quon-

292 3643 649 3711 ‹lam'AEgypti
673 3650 937 3713 primaria,
960 3666 1139 3715 regum
1161 3652 1362 3718 indige—

290 3736 478 3773 narum
516 3726 699 3776 sedes:
752 3741 892 3777 nunc
937 3727 1095 3778 etiam
1134 3729 1361 3793 regionis

291 3809 472 3865 caput,
497 3803 540 3851 si
575 3818 700 3853 vera
740 3806 999 3855 sentirent
1037 3805 1124 3870 qui
1157 3806 1359 3857 hodier-

289 3892 416 3927 num
451 3880 648 3930 Cairum
686 3895 800 3931 esse
840 3888 1046 3947 putant.
1124 3884 1228 3933 Sed
1262 3885 1361 3935 hoc

294 3956 384 4006 alii
429 3960 614 4021 procul
658 3959 840 4010 abesse
891 3961 1082 4012 rectius
1125 3962 1358 4013 tradunt.

292 4032 408 4084 Sita
431 4033 532 4084 fuit
565 4050 668 4085 non
703 4037 885 4100 procul
920 4038 1184 4101 superiore
1224 4038 1357 4089 illius

289 4118 337 4166 Δ
375 4114 582 4177 angulo,
615 4113 707 4164 ubi
750 4114 903 4165 Nilus
945 4116 1000 4166 in
1038 4114 1143 4165 duo
1165 4130 1361 4168 cornua

291 4188 523 4240 finditur.
761 4205 764 4206 ’

352 4269 378 4326 ¹?
408 4269 501 4332 Ae,
519 4266 671 4329 velut]
720 4268 825 4318 Vix
856 4269 995 4321 ullus
1033 4274 1150 4317 toto
1174 4267 1356 4318 Curtio

1448 3206 1537 3241 vas
1562 3193 1748 3243 addam
1774 3195 1934 3245 nihilo
1957 3211 2081 3246 saue
2100 3194 2320 3259 amplius
2339 3195 2515 3259 profu·

1423 3275 1602 3337 turas-
1667 3271 1723 3319 Si
1762 3271 1845 3320 cui
1879 3287 1981 3321 non
2011 3273 2188 3336 placet
2211 3273 2313 3321 ista
2334 3272 2515 3334 lectio,

1448 3360 1598 3410 quani
1631 3348 1832 3410 vulgati
1878 3348 2166 3412 praeferunt
2208 3347 2349 3410 libri,
2385 3348 2511 3397 duas

1445 3436 1513 3471 ex
1549 3424 1746 3488 multis,
1783 3439 1899 3489 quae
1935 3424 2147 3489 propius
2187 3440 2218 3473 a
2262 3421 2511 3488 germano

1445 3498 1696 3550 Auctoris
1726 3515 1882 3550 sensu
1921 3501 2064 3550 abire
2105 3499 2226 3549 visae
2262 3506 2404 3561 sunt,
2430 3512 2509 3547 re-

1445 3583 1735 3639 praesento:
1774 3577 2062 3641 “castrisque
2096 3575 2269 3640 positis
2305 3575 2511 3624 victores

1442 3654 1506 3701 ad
1524 3655 1813 3717 populandos
1843 3667 2006 3716 agros,
2039 3654 2169 3701 velut
2197 3651 2379 3701 cunctis
2399 3650 2509 3699 lios-

1442 3728 1565 3778 tium
1586 3731 1637 3779 in
1670 3732 1822 3780 medio
1850 3729 2042 3794 positis,
2063 3727 2382 3791 vagabantur,
2404 3727 2509 3776 Ra-

1442 3806 1629 3871 derus;
1652 3816 1742 3858 aut
1761 3824 1774 3858 ε
1809 3808 2010 3858 velutin
2026 3813 2153 3857 metu
2163 3807 2337 3872 positis
2357 3809 2509 3856 omni-

1442 3883 1546 3950 bus,
1578 3886 1784 3935 hostium
1817 3891 1987 3944 cuncta
2022 3887 2306 3950 agebantur,
2330 3886 2381 3936 id
2406 3892 2506 3948 est,

1442 3962 1842 4026 diripiebantur,
1855 3964 2252 4015 Freinshemius.
2275 3965 2346 4014 Et
2359 3972 2506 4014 certe

1441 4052 1507 4088 ea
1523 4038 1732 4089 suberat
1753 4040 1927 4090 nimiae
1949 4039 2154 4091 fiduciae
2172 4055 2348 4102 causa,
2369 4038 2508 4105 quod

1441 4117 1636 4167 Persas
1658 4118 1818 4166 semel
1841 4118 2003 4169 victos
2020 4118 2145 4182 nihil
2166 4130 2379 4169 ausuros
2395 4130 2503 4183 prae

1434 4201 1582 4244 metu
1603 4194 1896 4246 crederent.
