2978 4933
2309 367 2478 449 257‘

254 539 563 607 ¹ludicrum
584 535 1101 620 Isthmiorum‚*³‘
1132 539 1316 625 quod
1337 546 1675 611 conventu
1698 541 2231 624 totiustraeciae
2265 545 2440 610 cele-

261 646 484 710 bratur.
569 642 654 708 In
703 658 786 710 eo
845 644 1172 723 concilim,
1213 649 1285 710 ut
1336 650 1492 710 sunt
1537 643 1934 711 Graecorum
1991 648 2438 731 temporaria⁶

260 747 524 831 ingenia,
552 746 932 825 decernunt,
962 751 984 785 ‘
1004 752 1081 811 ut
1111 746 1494 831 quindecim
1522 747 1905 832 legarentur
1933 749 2021 816 ad
2051 770 2295 834 regem,
2323 753 2442 836 qui

263 850 343 916 ob
369 869 470 915 res
510 860 631 934 pro
668 849 886 917 salute
914 849 1208 919 Graeciae
1238 872 1320 917 ac
1348 851 1659 918 libertate
1689 860 1939 935 gestas,
1968 870 2293 920 coronam
2322 874 2442 921 au·-

261 972 427 1021 ream
456 952 701 1019 donum
743 955 1047 1021 victoriae
1095 953 1382 1022 ferrent?
1468 956 1575 1021 12.
1623 955 1840 1022 Iidem
1887 957 2098 1042 paulo
2142 963 2300 1023 ante
2344 958 2448 1023 in·

262 1062 445 1123 certae
474 1056 674 1123 famoe
713 1064 1146 1143 captaverant
1192 1078 1449 1138 auram,
1480 1065 1579 1138 ut,
1609 1079 2036 1145 quocumque
2064 1061 2441 1145 pendentes

261 1163 501 1231 animos
550 1163 822 1229 tulisset
861 1162 1147 1242 fortuna,
1178 1171 1634 1250 sequerentur.
1647 1189 1679 1251 ,-
1761 1164 1868 1230 13.
1916 1164 2249 1242 Ceterum,
2307 1188 2444 1232 non

258 1266 396 1355 ipse
424 1264 622 1332 modo
651 1286 773 1332 rex
803 1266 1040 1332 obibat
1066 1269 1288 1344 urbes,
1321 1268 1587 1353 imperii
1616 1268 1854 1352 jugum
1880 1267 2101 1334 adhuc
2133 1289 2445 1336 recusa-n-

259 1377 395 1451 tes}
438 1370 552 1436 sed
607 1376 935 1457 praetores
981 1390 1257 1455 quoque
1304 1372 1550 1456 ipsius,
1582 1373 1829 1456 egregii
1860 1373 2092 1452 duceS,
2123 1372 2445 1460 pleraque

257 1474 642 1540 invaserant.
732 1474 941 1540 Calas
974 1474 1529 1558 Paphlagoniam,
1550 1474 1932 1559 Antigonus
1964 1476 2378 1562 Lycaoniam
2396 1475 2447 1544 :¹¹²

261 1577 570 1644 Balacrus
599 1576 843 1642 Idame
890 1585 1184 1662 praetore
1235 1579 1432 1645 Darii
1480 1586 1799 1663 superato
1833 1574 2148 1645 Miletum
2198 1583 2379 1664 cepit
2399 1580 2449 1649 :¹

778 395 897 444 οι..
939 393 1131 444 cxu.
1164 358 1242 443 ⁵l.
1322 395 1397 444 A.
1445 395 1566 444 cu.
1612 394 1687 444 N.
1729 379 1881 447 332.

315 1735 339 1769 ¹⁴
372 1737 743 1790 Celebrabantur
762 1742 976 1788 solennes
1000 1737 1305 1790 Isthmiorum
1326 1738 1445 1790 ludi.

289 1803 331 1842 ·¹
363 1805 456 1854 Pro
479 1810 687 1868 tempore
708 1804 975 1855 mutabilia.

214 1919 218 1923 ,
308 1868 333 1916 J'
363 1869 535 1919 Dubioe
554 1869 709 1919 adhuc
719 1868 872 1932 famo
890 1883 1100 1919 rumores
1118 1868 1569 1934 aucaepatifueraut,
1590 1876 1646 1922 ut
1667 1876 1840 1922 sortem
1859 1876 2166 1935 sequerentur
2185 1884 2453 1936 quamcum-

257 1947 336 1999 que
348 1934 398 1985 in
408 1941 597 2001 partem
619 1934 825 1986 incertos
845 1935 998 1985 animi
1017 1935 1309 1985 inclinasset.

1166 2079 1531 2101 OOONOOWO

253 2174 364 2229 suit.
425 2180 556 2230 Mox
581 2180 813 2231 Florent.
838 2181 983 2233 Leid.
1010 2189 1066 2232 et
1086 2183 1239 2233 Voss.
1263 2185 1311 2233 1.
1349 2182 1514 2232 Groeci
1533 2188 1586 2237 ut
1607 2187 1718 2232 ment
1741 2183 2025 2246 temporaria
2039 2198 2059 2241 ,·
2085 2182 2199 2233 Pal.
2221 2187 2268 2232 1.
2295 2182 2460 2231 Graeci

257 2248 306 2293 ut
324 2251 430 2295 sunt
453 2248 731 2310 temporalis
744 2263 764 2306 ,-
798 2245 921 2297 Ald.
958 2248 1128 2298 Colin.
1171 2246 1375 2312 Gryph.
1402 2248 1516 2298 Col.
1542 2247 1700 2298 Frob.
1723 2258 1778 2298 et
1800 2247 1936 2298 Mer.
1963 2248 2270 2312 temporalia3
2307 2247 2458 2298 Voss.

258 2312 302 2358 2.
321 2313 646 2376 'tevnperalim
679 2310 847 2376 Bong.
884 2314 1056 2364 Groeco
1079 2319 1132 2363 ut
1153 2319 1267 2365 sunt
1290 2314 1577 2378 temporaria
1589 2330 1609 2373 ‚·
1644 2313 1788 2364 Pith.
1826 2315 1997 2365 Groeca
2016 2319 2070 2364 ut
2092 2318 2204 2363 suat
2225 2320 2460 2379 tempora-

257 2375 342 2452 lia..
398 2377 494 2428 Ed.
520 2390 602 2443 pr.
634 2378 831 2428 Venet.
851 2379 1045 2428 Veron.
1083 2380 1207 2430 Ald.
1229 2380 1398 2429 Colin.
1422 2379 1626 2445 Gryph.
1651 2380 1768 2429 aliae
1791 2396 1804 2429 ε
1839 2384 1894 2429 ut
1914 2379 2190 2439 duodecim
2224 2376 2458 2429 Florent.

258 2438 396 2492 Leid.
417 2443 572 2495 Voss.
597 2447 644 2494 1.
679 2444 798 2494 Pal.
822 2448 870 2496 1.
894 2452 948 2501 et
970 2446 1139 2511 Bong.
1163 2449 1215 2496 1.
1239 2449 1289 2498 2.
1311 2451 1367 2496 ut
1390 2445 1516 2497 XV.
1560 2445 1696 2495 unde
1732 2445 2055 2496 Schmieder.
2089 2449 2144 2495 ut
2176 2442 2464 2510 quindecim.

257 2507 383 2557 Vide
425 2512 553 2562 Not.
598 2509 721 2559 Var.
759 2510 983 2561 Theocr.
1025 2522 1081 2563 et
1126 2513 1263 2562 Mer.
1303 2513 1637 2573 delegarentur
1674 2513 1738 2562 ad
1773 2527 1953 2576 regem.
2038 2509 2273 2562 Florent.
2315 2511 2462 2560 Leid.

256 2568 398 2624 Voss.
422 2580 470 2625 l.
504 2576 678 2640 Bong.
701 2574 871 2626 Amst.
893 2584 949 2627 et
981 2577 1148 2641 Lugd.
1178 2593 1235 2625 ac
1272 2576 1494 2627 libertate
1526 2578 1746 2627 Groeciae.
1814 2577 2050 2626 Valesius
2090 2578 2140 2626 in
2171 2576 2462 2638 Valesianis

258 2645 307 2702 p.
329 2643 437 2689 180.
474 2649 635 2704 negat
659 2641 899 2690 Latinum
925 2657 1071 2692 esse:
1106 2645 1280 2691 donum
1300 2642 1517 2692 victoriae
1535 2643 1750 2703 sev-reat,
1771 2641 2142 2706 rescribitque:
2176 2644 2348 2690 donum
2369 2643 2466 2692 vic·

257 2704 343 2752 tori
364 2704 614 2769 offerrent.
677 2704 975 2757 Schefferus
999 2706 1281 2756 emendat:
1317 2709 1488 2757 donum
1511 2706 1684 2757 victori
1704 2706 1950 2771 afferrent,
1972 2716 2216 2771 respectu
2240 2720 2316 2756 xv·
2343 2710 2463 2756 2.,2.

260 2765 566 2822 Heumanno
611 2770 815 2835 placet:
848 2776 1021 2823 donum
1058 2772 1231 2822 victori
1247 2771 1592 2833 ferrent—12
1629 2773 1797 2837 Bong.
1837 2777 1883 2823 1.
1919 2773 2072 2822 marte
2116 2787 2211 2835 pro
2250 2772 2462 2821 incertoe.

258 2826 388 2886 Pith.
411 2834 568 2896 famoe
605 2852 648 2886 c.
687 2853 898 2888 auream.
966 2839 1086 2888 Pal.
1111 2841 1159 2889 1.
1194 2838 1401 2894 animis,-
1436 2835 1671 2888 Florent.
1715 2838 1864 2887 Leid.
1901 2835 2024 2889 Ald.
2059 2835 2226 2887 Calin.
2263 2835 2466 2901 Grypb.

257 2899 406 2951 Frob.
430 2902 555 2953 Bas.
575 2901 714 2953 Mer.
735 2911 789 2953 et
805 2903 921 2953 Col.
945 2906 1145 2953 animas.
1211 2899 1443 2953 Florent.
1462 2902 1610 2953 Leid.
1634 2905 1769 2952 Dan.
1793 2904 1908 2954 Pal.
1936 2908 1981 2953 1.
2001 2904 2123 2953 Ald.
2147 2901 2282 2954 Mer.
2308 2899 2468 2953 Frob-

260 2961 371 3015 Bas.
397 2976 451 3018 et
485 2969 604 3018 Col.
624 2969 1026 3028 fortunam—13
1063 2970 1295 3019 Florem.
1332 2965 1478 3018 Leid.
1516 2969 1666 3019 Voss.
1693 2973 1740 3018 l.
1782 2974 1831 3019 2.
1873 2968 2026 3019 adhuc
2043 2969 2223 3031 jugum
2258 2967 2466 3032 imperii.

259 3025 391 3081 Dan.
424 3039 741 3084 rectas-santes.
809 3034 958 3084 Leid.
992 3035 1201 3099 egregia>
1222 3036 1377 3085 duces.
1445 3034 1596 3084 Leid.
1618 3035 1766 3084 Voss.
1787 3040 1834 3084 1.
1868 3035 2007 3084 Dan.
2027 3034 2150 3084 Ald.
2176 3033 2313 3084 Mer.
2343 3033 2470 3082 Bas.

260 3105 311 3146 et
342 3098 450 3149 Col.
491 3100 692 3151 Chalos.
759 3100 874 3149 Pal.
903 3105 950 3151 1.
987 3101 1127 3151 Dan.
1161 3100 1303 3165 Gyd.
1342 3107 1399 3151 et
1434 3100 1584 3152 Pith.
1624 3101 1891 3166 Hydauia3
1926 3099 2119 3152 Fauch.
2157 3100 2325 3163 Bong.
2349 3102 2468 3150 1.2.

1253 3231 1475 3284 NOTAE

317 3323 691 3393 Memmios-um]
716 3327 800 3380 Ab
816 3328 1018 3380 Isthmo
1031 3329 1325 3381 Corinthia·
1404 3336 1659 3380 nocturna
1680 3329 1857 3379 forent
1878 3327 2144 3380 sacrificia.
2209 3326 2472 3393 Quinque,

261 3418 338 3470 co,
357 3421 512 3473 quem
544 3422 708 3471 supra
730 3407 1101 3473 descripsimus
1121 3406 1214 3458 lib.
1237 3419 1325 3457 111.
1406 3407 1539 3457 utin
1569 3406 1759 3457 ceteris
1782 3407 1934 3470 ludis,
1957 3412 2108 3462 erant
2129 3405 2471 3456 certaminum

261 3495 372 3547 cap.
395 3489 443 3534 1.
512 3483 722 3535 Isthmii
752 3484 865 3535 ludi
906 3483 1155 3549 appellati
1190 3489 1329 3546 sunt,
1410 3498 1625 3550 genera,
1661 3483 1840 3541 saltus,
1878 3498 2081 3544 cursus,
2105 3482 2298 3545 discus,
2322 3479 2476 3545 jacu-

262 3560 347 3625 qui
369 3561 531 3612 tertio
554 3573 763 3627 quoque
788 3575 922 3611 anno
956 3560 1060 3611 illic
1096 3561 1327 3612 celebra·
1408 3559 1535 3625 lum,
1546 3561 1708 3610 lucta.
1741 3560 1878 3610 Pinu
1899 3560 2123 3610 victores
2138 3558 2473 3608 Isthmiorum

260 3635 461 3690 bantur.
505 3637 791 3691 Institutas
815 3654 846 3687 a
868 3633 1090 3703 Sisypho
1108 3637 1162 3687 in
1178 3637 1333 3687 bono·
1410 3636 1827 3698 coronabantur3
1884 3651 2001 3686 cum
2041 3634 2300 3701 Olympiis
2340 3635 2476 3697 olea,

262 3728 366 3766 rem
403 3717 709 3768 Melicertae
747 3713 914 3781 pueri,
938 3715 1027 3780 qui
1063 3714 1334 3764 Palaemon

262 3792 424 3846 dictus
448 3801 552 3860 est,
578 3793 793 3859 scripsit
821 3792 1043 3843 Plinius.
1109 3790 1185 3840 At
1206 3785 1333 3840 Plu-

265 3872 468 3923 tarchus
500 3873 710 3922 illorum
744 3864 1010 3921 auctorem
1041 3866 1173 3918 facit
1201 3868 1333 3918 The·

264 3960 421 4008 saum,
443 3947 659 4014 gloriari
686 3947 913 4011 solitum,
932 3947 1007 3997 sic
1028 3952 1258 4012 ¹propter
1278 3960 1335 3995 se

266 4024 599 4092 Neptunum,
662 4025 1089 4093 quemadmodum
1149 4026 1335 4078 Jovem

267 4112 480 4170 propter
495 4103 786 4156 Herculem
799 4103 1076 4167 celebrari,
1093 4099 1338 4168 (Isthmia

269 4184 460 4250 quippe
499 4184 777 4249 Neptuno,
813 4182 936 4235 Jovi
978 4180 1226 4246 Olympia
1258 4179 1336 4229 di-

217 4297 226 4302 „
271 4271 388 4315 cata
404 4264 669 4327 fuerunt‚)
686 4264 922 4327 camilla,
944 4278 1060 4329 quae
1081 4263 1222 4328 prius
1233 4260 1337 4311 Pa-

272 4337 477 4394 laemoni
511 4341 942 4403 celebrabantur,
964 4354 1068 4391 non
1097 4338 1223 4398 ludi,
1244 4337 1337 4389 sed

398 4424 582 4489 Delph.
598 4429 645 4474 et
674 4425 792 4478 Var.
814 4423 945 4474 Clas.

1410 3713 1616 3782 Pythiis
1638 3716 1790 3780 mala,
1812 3713 2027 3765 Nemeis
2059 3714 2234 3780 apium
2257 3713 2475 3763 donare·

1413 3802 1517 3846 tur.

1474 3869 1501 3907 Β
1523 3868 1830 3937 Lycaoniam]
1853 3868 2015 3933 Regio
2032 3867 2129 3918 fuit
2148 3868 2308 3932 Asiae,
2324 3883 2479 3933 quam

1414 3966 1446 4001 a
1467 3948 1857 4012 Septemtrione
1882 3945 2230 4011 Cappadocia,
2251 3944 2316 3995 ab
2341 3944 2480 3995 Ortu

1416 4025 1664 4077 Armenia
1680 4025 1872 4082 Minor,
1889 4024 1954 4073 ab
1965 4023 2159 4073 Austro
2176 4022 2331 4073 Mons
2345 4023 2480 4071 Tau·

1417 4119 1523 4167 rus,
1559 4103 1624 4153 ab
1664 4101 1872 4153 Occasu
1906 4099 2107 4151 Pisidia
2145 4099 2479 4150 terminabat.

1418 4178 1825 4245 Paphlagoniam]
1848 4178 1962 4229 Lib.
1985 4192 2072 4228 111.
2097 4190 2214 4242 cap.
2236 4181 2284 4227 l.
2332 4175 2479 4225 Mile-

1417 4258 1543 4322 tum]
1577 4256 1691 4307 Lib.
1716 4271 1794 4307 iv.
1817 4272 1932 4321 cap.
1956 4259 2003 4307 1.

1482 4334 1497 4368 ¹
1532 4334 1697 4400 Cepit]
1730 4332 1896 4384 Immo
1931 4347 2053 4384 vero
2083 4332 2275 4397 recepit.
2343 4330 2480 4379 Nam

1284 4419 1347 4476 Q.
1374 4419 1517 4478 Cure,
2304 4411 2351 4460 R
