2978 4933
534 378 668 446 398
725 366 750 379 “
1020 395 1087 455 Q·
1136 392 1400 443 oun'rn
1453 394 1632 443 Ruri
1685 394 1827 443 ms.
1881 396 1943 443 v.
1988 395 2151 445 οη.
2194 379 2257 447 8.

538 542 806 607 fuerunt
855 559 1030 619 meo,
1061 538 1168 605 bis
1197 558 1303 605 me
1334 538 1605 617 victam,
1634 537 1746 603 bis
1773 538 2128 623 fugientem
2167 542 2507 628 persecuti
2549 543 2726 609 estis.

543 644 610 709 9.
656 643 862 708 Fides
892 647 1115 709 vestra
1163 647 1229 706 et
1262 641 1667 719 constantia,
1695 646 1770 705 ut
1815 661 2037 726 regem
2084 662 2193 709 me
2232 664 2385 710 esse
2441 650 2729 731 credam,

539 747 726 813 facit.
812 744 1203 812 Proditores
1254 752 1327 812 et
1374 743 1735 827 transfugae
1793 745 1859 809 in
1896 746 2173 811 urbibus
2210 749 2379 813 meis
2423 761 2731 834 regnant:

535 872 677 916 non
704 850 968 916 hercule
994 849 1114 932 qui
1144 854 1329 915 tanto
1373 847 1626 911 honore
1651 846 1832 929 digni
1861 847 2261 927 habeantur,
2303 851 2426 916 sed
2452 859 2535 918 ut
2560 874 2735 938 prae-

542 955 698 1019 miis
728 973 959 1018 eorum
1012 952 1209 1019 vestri
1254 951 1682 1018 solicitentur
1726 952 1975 1018 animi:
2020 973 2240 1027 meam
2279 962 2499 1020 tamen
2526 957 2738 1024 fortu-

542 1076 700 1123 nam
729 1076 930 1140 quam
969 1055 1245 1122 victoris
1293 1054 1628 1120 maluistis
1671 1055 1901 1142 sequi3
1954 1055 2347 1140 dignissimi,
2381 1059 2653 1143 quibus,
2682 1062 2740 1127 si

544 1180 672 1243 ego
711 1158 846 1224 non
871 1160 1155 1244 possim,
1188 1159 1308 1224 Dii
1360 1178 1486 1242 pro
1538 1177 1648 1223 me
1692 1159 1973 1241 gratiam
2004 1157 2317 1224 reserant:
2361 1166 2432 1223 et
2458 1180 2565 1225 me
2593 1162 2740 1228 ber-

545 1263 698 1328 cule
741 1262 1036 1327 referent.
1123 1264 1229 1327 10.
1278 1261 1492 1329 Nulla
1541 1262 1668 1327 erit
1718 1268 1851 1328 ta‘m
1901 1262 2102 1327 surda
2142 1263 2529 1346 posteritas,
2558 1266 2740 1332 nulla

543 1372 681 1431 tam
710 1365 971 1448 ingrata
1008 1365 1211 1444 fama,
1244 1384 1400 1449 quae
1430 1385 1566 1430 non
1608 1367 1680 1430 in
1706 1365 1951 1431 coelum
1983 1384 2108 1432 vos
2148 1366 2386 1432 debitis
2427 1368 2739 1435 laudibus

545 1468 734 1533 serat.
819 1467 1066 1551 ltaque
1100 1466 1306 1532 etiam
1337 1465 1399 1531 si
1429 1466 1790 1532 consilium
1819 1467 2017 1550 fugae,
2058 1487 2101 1532 a
2152 1489 2286 1552 qua
2315 1470 2595 1536 multum
2628 1474 2741 1538 ab·

546 1571 772 1635 horret
799 1569 1081 1645 animuS,
1114 1570 1474 1651 agitassem
1502 1588 1521 1650 ;
1576 1574 1803 1634 vestra
1852 1576 2078 1635 tamen
2105 1572 2346 1636 virtute
2380 1573 2595 1641 fretus
2629 1577 2741 1641 ob·

548 1675 730 1741 viam
758 1674 964 1737 issem
1009 1671 1215 1737 hosti.
1306 1672 1409 1736 11.
1456 1670 1837 1756 Quousque
1881 1673 2155 1738 enimin
2184 1693 2386 1758 regno
2425 1679 2739 1758 exulabo,

545 1784 617 1843 et
634 1796 759 1864 per
787 1776 958 1842 fines
982 1774 1245 1860 imperii
1274 1775 1404 1839 mei
1434 1774 1683 1857 fugiam
1703 1779 2047 1841 externum
2069 1782 2136 1842 et
2155 1777 2483 1844 advenam
2502 1800 2740 1862 regem,

549 1901 707 1947 eum
743 1879 948 1945 liceat
978 1884 1258 1963 experto
1284 1876 1448 1941 belli
1477 1876 1808 1941 fortunam
1838 1884 1957 1942 aut
2002 1897 2313 1962 reparare
2341 1900 2499 1964 quae
2533 1883 2739 1962 amisi,

551 1991 668 2052 aut
704 1983 986 2048 honesta
1012 1986 1220 2046 morte
1250 1979 1565 2061 defungi?
1627 1978 1734 2044 12.
1763 1980 1892 2045 nisi
1921 1979 2088 2045 forte
2129 1982 2338 2046 satius
2366 1989 2475 2047 est
2501 2003 2743 2068 expec-

548 2095 688 2154 tare
728 2084 1003 2151 victoris
1055 2082 1430 2160 arbitrium,
1462 2088 1530 2146 et
1584 2082 1830 2148 Mazaei
1876 2089 1943 2148 et
1989 2082 2343 2149 Mithrenis
2361 2093 2389 2132 ⁸
2436 2088 2739 2171 exemplo

548 2188 929 2274 precarium
976 2185 1282 2269 accipere
1330 2202 1603 2267 regnum
1648 2185 1937 2249 nationis
1983 2188 2202 2264 uniuS,
2251 2193 2330 2250 ut
2368 2188 2513 2273 jam
2565 2189 2742 2255 malit

547 2292 664 2359 ille
689 2291 918 2375 gloriae
949 2308 1119 2368 suae,
1153 2308 1356 2374 quam
1386 2287 1506 2351 irae
1540 2287 1843 2372 obsequi.
1933 2287 2036 2351 13.
2087 2287 2236 2354 Neo
2284 2289 2403 2354 Dii
2454 2291 2739 2369 siverint,

552 2388 627 2460 ut
670 2394 802 2459 hoc
833 2393 1040 2457 decus
1093 2391 1224 2455 mei
1267 2390 1517 2478 capitis
1565 2395 1681 2454 aut
1728 2389 1986 2453 demere
2030 2389 2192 2454 mihi
2239 2391 2588 2475 quisquam
2634 2402 2741 2459 aut

435 2495 444 2501 ’
553 2498 931 2565 condonare
960 2495 1185 2581 possit
1203 2507 1246 2561 :⁰
1275 2515 1398 2561 nec
1419 2495 1548 2561 hoo
1579 2495 1926 2580 imperium
1952 2494 2147 2560 vivus
2170 2495 2511 2579 amittam3
2544 2497 2738 2563 idem-

616 2698 638 2723 θ
658 2693 762 2741 Nec
780 2691 873 2742 Dia·
891 2691 1138 2756 potiantur
1151 2696 1205 2741 ut
1224 2690 1310 2740 Ιιοο
1326 2688 1562 2753 diadema,
1577 2687 1765 2750 frontis
1786 2702 1903 2741 mea
1920 2686 2576 2754 mammisque&
2594 2689 2738 2737 detm-

549 2756 659 2807 bere
676 2758 850 2822 possit,
871 2763 957 2807 aut
979 2759 1174 2808 reddere
1196 2756 1439 2806 amissum.

1472 2882 1502 2903 O
1507 2880 1741 2902 OOOOOOOO
1744 2881 1833 2902 000

553 2988 604 3034 2.
624 2982 772 3046 ineo,
803 2981 946 3033 facili
971 2997 1166 3045 errore,
1187 2998 1282 3046 pro
1303 2998 1403 3033 meo
1407 2990 1521 3034 .-9
1547 2985 1771 3035 Florent.
1802 2984 1953 3035 Leid.
1979 2984 2147 3047 Βοῦς.
2170 2981 2338 3046 Lugd.
2363 2988 2421 3032 et
2442 2981 2615 3031 Amst.
2639 2979 2740 3044 qni·

550 3052 707 3098 tanto.
754 3048 901 3097 Leid.
924 3049 1093 3111 Βοῦς.
1114 3056 1170 3098 et
1186 3049 1337 3097 Voss.
1375 3054 1423 3099 1.
1451 3049 1704 3100 habentur.
1752 3050 1903 3099 Voss.
1929 3054 1977 3100 1.
1998 3054 2049 3099 2.
2074 3050 2308 3099 Floreat.
2330 3046 2480 3102 Leid.
2504 3056 2561 3095 et
2585 3046 2743 3108 Bong-

551 3112 956 3172 noeamsortunum
975 3117 1150 3162 tamen.
1184 3114 1413 3165 Florent.
1429 3115 1645 3164 maluisti
1664 3115 1811 3177 sequi.
1846 3116 1964 3164 Pul.
1983 3118 2031 3163 1.
2050 3115 2217 3178 quibus
2238 3112 2570 3175 dignissimus.
2602 3111 2743 3160 Voss.

553 3182 604 3227 2.
626 3192 722 3227 non
741 3191 945 3240 possum.
997 3178 1227 3228 Florent.
1262 3178 1411 3229 Leid.
1449 3186 1506 3229 et
1538 3179 1687 3229 Voss.
1718 3184 1766 3229 1.
1792 3184 1843 3230 2.
1876 3180 2105 3240 referunt.
2108 3184 2237 3229 -10
2270 3178 2420 3227 Voss.
2428 3181 2507 3292 11.
2529 3175 2742 3227 omittit:

551 3244 698 3293 surda
727 3242 980 3306 posteritas
1000 3244 1131 3293 mella
1165 3249 1279 3294 tam.
1326 3244 1476 3294 Voss.
1511 3249 1562 3294 2.
1587 3245 1810 3308 aliique.
1850 3245 2224 3295 Massiliam.
2274 3244 2391 3293 Pal.
2461 3241 2743 3291 ‚obviam-⁸

553 3308 717 3368 hosti3
763 3308 1185 3359 Voss.2.0110iam
1205 3310 1321 3359 isset
1340 3309 1502 3367 Ιιοείίς
1535 3310 1685 3358 Voss.
1714 3315 1759 3357 1.
1781 3309 2002 3360 obviam
1982 3323 2120 3359 utem
2138 3247 2475 3359 hostin—1¹1
2487 3307 2608 3356 Pal.
2631 3310 2674 3355 1.
2696 3309 2743 3353 et

552 3374 704 3424 Voss.
736 3377 785 3423 2.
816 3374 1063 3423 omittunt
1083 3373 1294 3436 fumum.
1342 3374 1458 3423 Pal.
1483 3379 1529 3423 1.
1552 3379 1667 3424 eta.
1689 3375 1850 3437 patior
1870 3369 2046 3437 regem}
2051 3379 2179 3424 -12
2204 3374 2420 3433 Nisorte
2445 3372 2594 3421 Leid.
2645 3370 2742 3420 Mo-

554 3439 741 3490 tloerm's
778 3452 939 3502 exemp
942 3441 986 3488 lo
1025 3439 1255 3488 Floreat.
1304 3439 1578 3489 Mathrenis
1608 3441 1818 3502 exemplo
1850 3441 2016 3501 Βοῦς.
2040 3445 2088 3490 2.
2116 3440 2260 3490 Pitb.
2290 3438 2425 3487 Dan.
2447 3438 2601 3486 Voss.
2625 3439 2670 3486 1.
2697 3439 2744 3482 et

553 3503 702 3553 Leid-
750 3455 1002 3553 Meti-enus
1021 3505 1230 3566 exemplo
1252 3503 1405 3553 Voss.
1428 3507 1479 3552 2.
1530 3505 1762 3552 Mulieris
1791 3505 2001 3567 exemplo
2037 3501 2530 3555 Pa1.1.Mitlsie·ni³
2550 3499 2742 3561 exemplo

537 3567 676 3617 And.
701 3575 755 3618 et
787 3570 909 3618 Bas.
940 3583 1140 3631 regnum
1163 3568 1346 3618 deest
1333 3584 1385 3616 m
1403 3568 1606 3617 Voss-2
1610 3584 1794 3632 .quam
1815 3571 1853 3620 ι’.
1870 3570 2063 3645 absequi
2096 3570 2326 3619 Florem.
2353 3566 2503 3620 Leid.
2524 3574 2580 3614 et
2605 3565 2739 3613 Vou.

557 3636 604 3684 1.
641 3634 851 3684 Venett.
876 3639 931 3683 et
953 3634 1148 3684 Veron.
1171 3634 1308 3682 malit
1327 3633 1794 3696 illeiroesuoequam
1811 3634 1983 3694 glorioe
2006 3635 2208 3697 obsequi.
2212 3637 2340 3683 ——18
2377 3633 2486 3683 Nec
2502 3628 2741 3681 desiverint

555 3698 673 3749 Pal.
698 3703 746 3749 1.
797 3699 900 3747 Nee
923 3698 998 3748 Di
1017 3699 1206 3749 riveliut
1230 3698 1372 3749 Pitb.
1421 3698 1528 3746 Nec
1556 3698 1782 3748 desiverit
1803 3700 1950 3748 Voss.
1969 3704 2019 3748 2.
2070 3699 2173 3749 Nec
2194 3698 2492 3749 Dieiverint
2510 3695 2653 3746 Leid.
2695 3696 2741 3740 ut

552 3764 694 3812 decus
715 3764 828 3824 mei,
845 3766 927 3826 ξε.
966 3764 1078 3813 Col.
1117 3763 1496 3813 utsihocdecus
1524 3763 1616 3811 mei
1638 3763 1792 3812 F1·.ob
1840 3764 1993 3827 possit
2033 3777 2136 3813 non
2172 3763 2395 3814 babetur
2429 3762 2486 3811 in
2527 3760 2739 3811 Floreat

558 3828 704 3876 Leid-
729 3798 881 3877 Vo’ss.
904 3833 951 3878 1.
975 3833 1032 3878 et
1053 3830 1220 3890 Βοῦς.
1250 3832 1297 3877 1.
1316 3833 1367 3879 2.
1411 3842 1502 3878 nec
1524 3828 1708 3878 deest
1696 3844 1747 3877 m
1772 3829 2003 3880 Florent-
2027 3830 2177 3880 Leid.
2209 3836 2265 3878 et
2296 3829 2442 3878 Voss.
2467 3832 2512 3876 1.
2538 3835 2736 3890 proquo

556 3889 677 3941 Ald.
695 3893 821 3944 Bas.
843 3893 980 3944 Mer.
1004 3894 1146 3945 Pith.
1171 3893 1335 3959 Bong.
1364 3897 1408 3942 1.
1424 3897 1473 3943 2.
1506 3893 1623 3944 Pul.
1648 3899 1691 3943 1.
1714 3900 1769 3943 et
1787 3894 1936 3945 Voss.
1952 3899 2002 3945 2.
2021 3894 2314 3945 habentne.
2365 3887 2734 3943 Provimrnl·

1543 4039 1759 4091 NOTA-3

620 4143 646 4180 ⁸
677 4135 857 4186 Mazoei
876 4142 925 4186 et
942 4137 1231 4203 Mithrenis}
1260 4137 1491 4190 Mazaeus
1514 4141 1617 4189 Ba·
1697 4140 1948 4190 Mithreni
1973 4138 2210 4190 Sardium
2234 4136 2483 4202 proditori
2514 4129 2733 4186 Armenia

555 4212 744 4277 bylone
764 4212 955 4263 tradita
988 4215 1130 4270 urbis
1166 4217 1491 4281 regionisque
1522 4217 1615 4267 Sa·
1697 4218 1836 4268 data.
1873 4219 2042 4282 Supra
2060 4230 2175 4281 cap
2160 4220 2238 4268 1.
2306 4207 2727 4277 Jqulexnnder·

556 4291 778 4356 trapiam
821 4289 1117 4343 obtinuerat
1167 4292 1233 4343 ab
1281 4293 1615 4344 Alexandrox
