2978 4933
824 402 1085 453 surm..
1133 403 1211 450 m
1263 403 1330 464 Q.
1380 392 1728 451 cultrum
1782 402 1920 449 mn.
1970 402 2020 450 1.
2430 385 2518 451 73

309 550 372 608 in
402 549 695 629 ejusmodi
728 550 981 631 negotiis
1027 547 1295 629 peritiam
1343 547 1601 608 assecuti
1643 546 1896 606 fuerant.
1983 546 2239 607 Constat
2275 545 2334 605 in
2385 542 2513 624 ejus

309 646 507 726 operis
551 646 853 725 impensas
897 638 1243 726 octingenta
1286 644 1514 705 talenta
1556 642 1973 725 philosophum
2023 644 2377 726 accepisses
2454 647 2516 706 4.

308 742 479 802 Adeo
509 752 710 802 autem
736 743 1138 823 cognitionem
1168 742 1330 804 illam
1362 742 1589 814 dilexit,
1618 752 1686 801 ut
1711 742 1772 801 in
1800 760 1931 817 eam
1973 745 2243 803 sumtum
2276 742 2515 815 faceret,

234 888 239 889 γ
308 860 630 921 curamque
655 841 1043 922 impenderet,
1072 841 1242 921 cujus
1270 841 1527 902 fructum
1550 841 1782 901 visurus
1814 859 1930 900 non
1962 849 2109 902 erat.
2194 841 2344 906 Post
2379 862 2516 902 cen·

230 988 233 989 ⁷
308 949 435 999 tum
461 959 654 999 annos
676 941 840 1020 capti
864 950 1004 999 sunt
1023 941 1179 1000 cervi
1199 933 1223 968 ‘¹
1251 960 1386 1000 cum
1417 940 1726 1019 torquibus
1756 938 1973 1012 aureis»,
1999 958 2150 1017 quos
2176 938 2517 1010 addiderat,

307 1045 377 1095 ut
405 1036 501 1096 vel
528 1039 749 1119 posteri
780 1049 1231 1117 cognoscerent,
1261 1048 1488 1118 quanta
1532 1037 1686 1097 fides
1724 1035 2005 1097 habenda
2049 1036 2201 1098 foret
2247 1036 2342 1110 iis,
2379 1056 2518 1115 quae

312 1132 388 1193 de
425 1133 675 1195 istorum
712 1134 1054 1195 animalium
1098 1136 1479 1215 longaevitate
1524 1133 1884 1195 serebantur.
1967 1136 2025 1194 5.
2069 1133 2518 1195 sublimioribus

309 1250 551 1311 quoque
608 1231 963 1313 disciplinis,
1019 1253 1170 1313 quas
1231 1241 1247 1267 ‘
1280 1233 1705 1295 acroamaticas
1737 1235 1755 1260 '
1818 1232 2168 1314 appellant,e
2223 1232 2520 1292 eruditum

310 1330 534 1404 fuisse,
561 1331 746 1411 ipsius
779 1342 1032 1392 testatur
1062 1330 1351 1411 Epistola,
1372 1333 1403 1368 ⁶
1445 1350 1568 1411 qua
1589 1330 1853 1411 queritur
1880 1329 2258 1392 Aristotelem
2282 1337 2302 1375 ‘-
2322 1330 2519 1410 dig-ni-

308 1436 494 1487 tatem
518 1447 723 1489 earum
742 1429 1036 1508 evulgatis
1065 1429 1377 1507 praeceptis
1406 1426 1795 1508 profanasse!
1855 1429 1917 1489 6.
1947 1427 2025 1487 Et
2047 1427 2145 1487 ille
2175 1427 2483 1488 excusavit
2493 1446 2518 1498 5

307 1526 665 1599 rescribens,
709 1527 791 1587 ita
819 1527 1001 1587 libros
1031 1528 1164 1588 illos
1202 1547 1338 1588 esse
1369 1527 1585 1601 editos,
1615 1537 1684 1586 ut
1703 1526 1908 1586 haberi
1937 1527 2171 1605 possint
2192 1545 2300 1606 pro
2326 1525 2517 1586 inedi-

309 1621 426 1682 tis:
468 1642 585 1683 nec
627 1624 780 1682 enim
831 1643 1173 1704 quenquam
1209 1623 1564 1685 sententiam
1596 1623 1856 1704 ipsorum
1885 1641 2244 1704 magnopere
2273 1643 2518 1704 percep-

310 1729 510 1779 turum
541 1741 695 1796 esse,
724 1721 859 1794 nisi,
889 1741 1025 1801 quae
1055 1721 1127 1780 iis
1171 1720 1638 1792 continerentur,
1670 1720 1797 1799 jam
1826 1731 2007 1780 antea
2048 1720 2374 1781 didicisset.
2455 1725 2518 1782 7.

312 1816 504 1891 Idem,
552 1838 686 1878 cum
733 1819 1053 1879 Rhetorica
1097 1821 1172 1879 ab
1220 1838 1293 1878 eo
1341 1818 1625 1898 exigeret,
1669 1817 1900 1879 solicite
1930 1817 2138 1891 vetuit,
2168 1837 2243 1877 ne
2272 1818 2520 1881 aliorum

308 1915 493 1975 etiam
522 1916 582 1974 in
614 1936 827 1976 manus
857 1917 1159 1996 pervenire
1185 1907 1510 1996 pateretur.
1596 1916 1810 1995 Neque
1838 1918 1996 1976 enim
2021 1916 2216 1976 minus
2254 1915 2521 1976 honestis

311 2013 563 2086 artibus,
585 2034 762 2093 quam
782 2014 1072 2095 potentia,
1089 2027 1320 2075 ceteros
1338 2025 1622 2095 praestare
1641 2016 1952 2095 cupiebat:
1984 2013 2520 2094 indignabaturque

311 2111 738 2172 communicari
766 2112 1006 2173 laudem
1036 2111 1197 2172 illam
1224 2132 1358 2173 cum
1390 2112 1754 2174 humillimis.
1835 2114 1893 2172 8.
1929 2110 2253 2170 Medicinae
2282 2130 2521 2192 quoque

312 2207 514 2269 studio
564 2209 857 2270 imbutum
902 2211 977 2270 ab
1016 2209 1335 2271 Aristotele
1355 2206 1375 2242 ¹
1410 2210 1534 2270 filio
1562 2208 1796 2286 medici,
1825 2229 1901 2268 ex
1928 2218 2106 2288 gente
2133 2208 2520 2288 Asclepiada·

312 2325 465 2378 rum,
506 2305 687 2368 fi‘dem
730 2308 917 2388 ipsius
966 2308 1255 2389 Epistolae
1293 2308 1541 2377 faciunt.
1627 2309 1685 2368 9.
1732 2308 1874 2367 Eam
1907 2315 2105 2368 autem
2131 2306 2522 2385 philosophioe

312 2413 566 2485 partem,
610 2425 745 2484 quae
795 2407 905 2466 sibi
958 2405 1209 2487 aliisque
1255 2408 1439 2489 probe
1487 2396 1773 2486 imperare
1822 2405 2020 2478 docet,
2066 2405 2151 2464 ita
2200 2404 2405 2479 coluit,
2455 2414 2525 2468 ut

312 2503 824 2583 magnanimitate,
861 2504 1197 2584 prudent-ia,
1246 2505 1663 2585 temperantia,
1711 2502 2080 2577 fortitudine,
2123 2522 2303 2581 quam
2345 2502 2523 2568 armis

313 2610 375 2661 et
398 2602 618 2683 opibus
647 2603 1010 2678 instructior,
1039 2613 1266 2664 tantam
1296 2603 1524 2683 imperii
1553 2602 1779 2663 Persici
1825 2600 2042 2661 molem
2091 2600 2372 2660 subruere
2417 2620 2524 2680 ag-

315 2718 560 2777 gressus
603 2711 939 2764 censeatur.
1032 2704 1124 2762 10.
1169 2703 1305 2781 Ipse
1333 2700 1573 2781 quidem
1604 2699 2000 2779 praedicavit‚⁸
2042 2707 2200 2759 ‘non
2230 2697 2425 2757 minus
2455 2716 2522 2757 se

313 2794 533 2858 debere
560 2797 888 2871 Aristoteli,
926 2818 1108 2878 quam
1135 2799 1409 2881 Philippo
1435 2818 1452 2859 ε
1498 2797 1671 2877 hujus
1702 2798 1857 2858 enim
1888 2816 2102 2857 munus
2130 2796 2335 2871 fuisse,
2360 2793 2522 2874 quod

313 2892 577 2970 viveret;
609 2893 982 2975 illius,.quod
1006 2896 1255 2958 honeste
1283 2896 1545 2958 viveret!
1612 2897 1708 2956 11.
1753 2895 2062 2974 Ingenium
2086 2906 2285 2955 tamen
2306 2892 2521 2953 ardens

314 2990 661 3063 ambitione,
717 2992 899 3052 nimia
950 2992 1194 3054 honoris
1244 2993 1569 3074 gloriaeque
1627 2991 2074 3072 praedicatione,
2132 3010 2313 3072 quam
2369 2990 2521 3049 inter

315 3107 538 3167 genera
580 3091 867 3150 bonorum
921 3092 1292 3152 referendam
1348 3112 1482 3153 esse
1538 3089 1891 3151 Aristoteles
1946 3090 2243 3168 sciverat,h
2299 3088 2521 3148 elatum

312 3185 524 3266 fuisse,
552 3196 621 3247 ut
647 3207 766 3248 non
796 3187 976 3248 modo
1006 3189 1229 3271 imperii
1259 3187 1620 3270 prorogandi
1652 3188 1844 3268 gratia
1869 3187 2031 3247 bella
2058 3207 2130 3247 ex
2161 3184 2331 3245 bellis
2360 3203 2520 3244 sere-

313 3293 424 3357 ret,
470 3304 672 3345 verum
715 3286 894 3346 etiam
938 3286 1104 3347 Deus
1134 3287 1338 3348 haberi
1368 3287 1567 3358 vellet,
1596 3285 1838 3366 quidam
1865 3303 1987 3344 non
2013 3282 2302 3344 immerito
2330 3280 2524 3341 credi-

314 3379 477 3442 dere.
553 3383 647 3443 12.
677 3383 954 3444 Ceterum
976 3404 1096 3445 non
1121 3384 1313 3460 solum
1332 3386 1661 3464 imperante
1679 3381 2022 3443 Alexandro
2041 3379 2253 3442 eximio
2275 3380 2520 3456 honore,

316 3478 704 3558 maximisque
731 3484 1070 3543 muneribus
1102 3482 1351 3544 affectus
1382 3492 1477 3559 est
1493 3479 1847 3542 Aristoteles
1871 3499 1888 3548 ;
1934 3479 2041 3539 sed
2071 3489 2134 3539 et
2162 3478 2295 3538 vivo
2324 3477 2519 3540 adhuc

319 3576 594 3657 Philippo
622 3577 833 3657 ingens
855 3578 1245 3655 institutionis
1266 3602 1392 3642 suae
1422 3580 1674 3661 pretium
1694 3576 1955 3637 tulerat:
1999 3575 2330 3656 impetrato,
2363 3585 2430 3635 ut
2458 3577 2518 3635 in

319 3673 504 3750 ipsius
552 3675 804 3753 gratiam
857 3677 1050 3757 patria
1103 3679 1563 3739 instauraretur.¹
1678 3678 1773 3736 13.
1814 3671 2157 3754 ‚Olynthios
2210 3670 2521 3750 Philippus

323 3771 633 3832 acerrimos
678 3770 882 3836 hostes
925 3787 1201 3856 expertus
1245 3778 1474 3847 fuerat3
1520 3793 1660 3836 nam
1693 3772 1871 3835 vicini
1907 3768 2302 3842 Macedoniae,
2328 3777 2392 3829 et
2421 3790 2528 3850 po-

384 3943 407 3970 e
425 3937 710 3989 Athenaeus
745 3953 825 3991 rx.
851 3948 927 3994 la.
1530 3949 1556 3987 8
1572 3942 1718 3993 Plut.
1743 3940 1892 3991 Alex.
1919 3941 1954 3993 l.
1975 3944 2009 3993 l.
2035 3941 2206 3994 Ethic.
2231 3947 2376 3994 lvd.

385 4014 410 4049 ‘¹
433 4016 572 4066 Plin.
596 4018 632 4067 1.
655 4018 689 4066 Ι.
715 4021 800 4068 32.
1525 4019 1553 4053 ¹·
1572 4020 1787 4071 Lucian.
1811 4020 1948 4070 Dial.
1967 4021 2130 4070 Mort.
2153 4034 2282 4069 xur.

387 4099 409 4125 θ
431 4092 575 4142 Plut.
596 4092 746 4144 Alex.
772 4109 822 4159 p.
846 4100 963 4145 668.
1030 4096 1253 4162 Dionys.
1270 4098 1381 4150 Ha·
1527 4096 1541 4130 ¹
1574 4098 1712 4148 Plut.
1737 4098 1888 4148 Alex.
1925 4098 1961 4148 1.
1996 4098 2028 4149 Ι.
2096 4096 2175 4148 Id.
2213 4097 2331 4146 Μὶν.
2372 4095 2527 4145 Colo-

327 4168 411 4219 lic.
435 4170 499 4219 ad
524 4172 788 4221 Amnaeum
814 4189 867 4237 p.
892 4178 1004 4224 121.
1462 4179 1587 4224 tem.
1610 4190 1658 4224 c.
1677 4180 1759 4225 51.
1794 4174 2156 4239 Amphora-⁹..
2195 4174 2378 4223 AElian.
2398 4171 2525 4221 Var.

389 4245 417 4275 ⁸
436 4245 576 4296 Gen.
602 4248 759 4298 Noct.
785 4248 955 4301 Attic.
978 4264 1071 4302 xx.
1093 4256 1143 4302 5.
1167 4255 1217 4302 8.
1462 4250 1607 4303 Hist.
1629 4265 1730 4300 xn-
1780 4253 1860 4302 54.
1894 4251 2012 4301 Val.
2040 4252 2186 4301 Max.
2210 4265 2258 4301 v.
2280 4254 2329 4300 6.
2351 4255 2402 4302 5.
2439 4248 2525 4299 Jo.

391 4321 413 4354 f
439 4323 582 4400 Plut.
610 4322 761 4375 Alex.
785 4326 818 4375 l.
838 4327 874 4376 1.
1080 4355 1083 4360 -
1212 4321 1215 4326 ’
1460 4327 1682 4378 Tzetzes
1703 4328 1838 4379 Chii.
1856 4342 1955 4379 vn.
1977 4331 2097 4378 442.
2413 4361 2416 4364 Δ
