2978 4933
400 343 444 409 8
1278 357 1720 410 pneumam.

403 508 696 570 creatum
720 503 1018 571 victoriis
1044 504 1229 571 brevi
1258 508 1562 590 tempore
1594 505 1821 570 omnia
1853 522 2168 589 pacasse,
2188 500 2450 590 sibique
2468 506 2614 571 uni

403 606 795 692 subjecisse.
882 608 998 674 Sic
1043 624 1215 693 pace
1258 608 1589 687 restituta,
1639 607 1863 691 legum
1902 601 2263 674 severitate
2308 608 2607 688 firmata,

403 710 733 776 literarum
765 712 1004 777 studiis
1035 711 1612 789 reviviscentibus,
1641 710 1894 789 factum
1923 729 2096 790 esse,
2137 716 2214 776 ut
2242 711 2610 796 imperium

404 829 539 877 non
565 814 995 880 reviresceret
1023 814 1270 893 solnm,
1297 812 1417 879 sed
1444 813 1656 879 etiam
1685 812 1965 880 floreret.
2028 813 2198 889 Tres
2216 834 2381 881 -eum
2410 815 2610 880 filios

404 915 783 999 reliquisse,
813 914 1353 994 Constantinum,
1398 914 1862 982 Constantium
1886 924 1965 982 et
1991 916 2457 996 Constantem,
2493 923 2613 983 at·

405 1033 535 1100 que
563 1016 790 1102 plures
836 1017 1272 1104 propinqum,
1319 1038 1515 1085 nemo
1542 1019 2044 1087 nescit—Haec
2073 1021 2471 1106 conjectura
2499 1034 2614 1085 re-

407 1120 797 1186 centissimo
826 1120 1064 1185 editori
1093 1120 1602 1187 verosimillima
1628 1120 1919 1202 videtur,
1949 1123 2072 1189 sed
2121 1124 2270 1209 ipsa
2308 1140 2616 1208 quoque,

408 1243 565 1307 quse
611 1222 1002 1308 reprehendi
1052 1226 1332 1309 possint,
1384 1226 1605 1293 habet.
1712 1220 2199 1294 Constantinus
2251 1225 2615 1309 Augustus

411 1326 795 1409 appellatus
848 1332 952 1392 est
1001 1346 1173 1393 anno
1222 1335 1383 1413 post
1434 1327 1590 1395 Chr.
1638 1350 1705 1399 n.
1733 1330 1887 1396 306.
1974 1329 2177 1395 Solus
2233 1328 2619 1413 Imperator

406 1429 630 1495 factus
661 1436 815 1514 post
845 1430 1064 1496 Licini
1094 1436 1377 1499 mortem
1406 1430 1495 1496 A.
1517 1432 1673 1504 323..
1762 1437 1786 1468 ‘
1809 1431 2133 1498 Subitane
2156 1430 2175 1459 '
2214 1430 2417 1514 igitur
2461 1433 2485 1464 ‘
2505 1449 2622 1495 se-

406 1530 656 1598 renitas
677 1530 698 1559 ’
740 1532 1070 1618 appellari
1120 1540 1371 1619 potest,
1416 1554 1574 1619 quae
1614 1540 1774 1620 post
1827 1549 2026 1600 xvu.
2071 1532 2335 1599 tandem
2384 1547 2614 1597 annos

415 1622 893 1717 tempestatem
926 1635 1297 1703 discussit?
1385 1642 1409 1673 ‘
1436 1637 1654 1704 Faces
1693 1636 2088 1714 extinxisse,
2133 1633 2399 1718 gladios
2451 1652 2621 1700 con—

412 1735 667 1803 didisse
692 1736 711 1765 ’
756 1739 820 1803 is
859 1746 1114 1805 tantum
1144 1740 1284 1805 dici
1312 1759 1517 1824 posse
1547 1740 1845 1817 videtur,
1891 1739 2010 1823 qni
2038 1736 2289 1802 salubri
2316 1734 2620 1815 ratione,

411 1857 496 1902 ne
522 1839 776 1906 bellum
815 1841 959 1925 Jam
986 1849 1299 1927 paratum
1326 1850 1614 1926 geratur,
1643 1848 1868 1909 cavet.
1954 1840 2141 1920 Quot
2170 1857 2334 1905 vero
2364 1838 2622 1922 praelia

413 1941 752 2006 commisit
782 1941 1282 2021 Constantinus„
1308 1954 1667 2028 antequam
1698 1943 2078 2028 Imperator
2108 1948 2251 2006 erat
2282 1938 2470 2006 solus
2488 1941 2622 2006 2-

413 2040 855 2129 Reliquarum
886 2047 1359 2112 sententiarum
1385 2047 1563 2112 nulla
1584 2046 1990 2119 firmioribus
2013 2044 2238 2110 nititur
2267 2060 2622 2125 argumen-

413 2145 528 2224 tis,
558 2147 850 2233 indeque
883 2154 1163 2214 aetatemf
1186 2147 1403 2217 Curtii
1429 2149 1722 2232 ignorari
1764 2148 1990 2232 palam
2018 2153 2143 2211 est.
2232 2143 2397 2210 Non
2437 2161 2627 2208 unus

415 2246 507 2325 Q.
540 2248 817 2314 Curtius
847 2249 1070 2314 Rufus
1098 2250 1351 2334 passim
1382 2249 1567 2332 apud
1603 2254 1855 2313 veteres
1897 2253 2471 2320 commemoratur,
2520 2263 2624 2309 ex

415 2366 701 2430 quorum
729 2363 1009 2415 numero
1037 2355 1255 2415 utrum
1289 2347 1538 2414 Noster
1563 2349 1785 2426 fuerit,
1813 2348 2132 2412 incertum
2164 2351 2309 2427 est3
2340 2343 2421 2409 de
2443 2343 2627 2412 Cur·

414 2450 514 2514 tio
545 2449 903 2518 Historico
935 2457 1087 2518 ante
1115 2451 1446 2517 saeculum
1474 2451 1809 2517 decimum
1839 2450 2066 2516 ubivis
2117 2456 2228 2515 est
2273 2448 2629 2517 altum-si-

418 2552 720 2618 lentium.
807 2555 980 2621 Inde
1024 2557 1274 2622 factum
1304 2563 1435 2635 est,
1482 2562 1564 2619 ut
1607 2575 1761 2620 eum
1793 2551 2067 2639 quidam
2097 2552 2270 2617 adeo
2302 2556 2626 2634 negarent

419 2655 768 2741 antiquum
795 2675 948 2723 esse
976 2658 1397 2742 scriptorem,
1433 2657 1864 2743 suppositum
1906 2654 2135 2740 potius
2177 2656 2266 2719 ab
2299 2653 2480 2718 Italo
2511 2672 2625 2718 re-

419 2759 734 2825 centioris
762 2759 918 2824 aevi.
1005 2761 1165 2841 Sed,
1214 2766 1666 2847 praeterquam
1710 2757 1891 2844 quod
1921 2755 2234 2834 Codices,
2262 2755 2378 2840 qui
2410 2774 2628 2837 supra

422 2860 877 2945 septingentos
905 2868 977 2927 et
1002 2863 1419 2946 octingentos
1449 2880 1659 2927 annos
1678 2862 1928 2925 habere
1950 2859 2332 2935 creduntur,
2363 2864 2626 2936 extant,

418 2960 577 3025 aliis
608 2978 886 3047 quoque
915 2965 1323 3047 argumentis
1365 2965 1487 3031 illa
1532 2962 1866 3028 sententia
1894 2960 2167 3026 refutari
2205 2965 2453 3045 potest,
2493 2979 2623 3025 nec

420 3062 681 3130 fuerunt
707 3066 874 3132 inter
904 3066 1087 3132 viros
1115 3065 1470 3145 doctiores,
1502 3067 1712 3151 quiin
1739 3084 1889 3130 earn
1920 3063 2106 3130 abire
2134 3062 2434 3130 mallent.

509 3166 711 3252 Stylo
742 3186 868 3233 suo
896 3174 970 3234 et
1000 3168 1309 3234 Historia
1339 3168 1616 3234 Curtius
1657 3168 1904 3234 multos
1935 3165 2321 3242 delectavit,
2372 3165 2627 3230 multos

427 3269 667 3356 reperit
692 3269 1111 3360 laudatore&
1139 3271 1225 3336 ab
1259 3269 1557 3335 Heinsio
1586 3269 1757 3335 adeo
1788 3272 1807 3305 ‘
1831 3267 2068 3333 Venus
2091 3266 2583 3337 Historicorum
2605 3265 2626 3293 ’

426 3373 830 3464 appellatae.
919 3373 1032 3439 Ab
1065 3374 1219 3440 aliis
1258 3382 1483 3439 autem
1512 3373 1741 3438 multis
1783 3370 2164 3436 nominibus
2191 3369 2628 3452 reprehensus

429 3481 550 3541 est.
639 3473 891 3556 Quare,
949 3476 1011 3541 si
1069 3479 1312 3563 paucis
1364 3475 1749 3555 ostendero,
1801 3474 2039 3559 quanti
2098 3471 2414 3538 Historia
2471 3470 2627 3555 ejus

431 3577 835 3644 aestimanda
864 3578 975 3659 sit,
1025 3598 1254 3664 operae
1303 3578 1584 3663 pretium
1628 3577 1921 3644 facturus
1949 3574 2114 3639 mihi
2143 3572 2398 3652 videor,
2448 3590 2627 3656 prae·

430 3681 648 3746 sertim
677 3682 925 3747 cumin
955 3681 1226 3763 scholis,
1256 3682 1603 3767 inquibus
1629 3680 1884 3765 passim
1912 3677 2174 3761 legitur,
2199 3675 2428 3739 multis
2458 3673 2629 3739 His-

356 3781 357 3784 ’
431 3783 625 3846 toriae
653 3782 1020 3850 Alexandri
1052 3786 1445 3872 praecipuus
1474 3785 1569 3850 sit
1597 3788 1848 3848 auctor.
1921 3776 2260 3862 Principio
2282 3776 2628 3868 librorum,

432 3885 551 3949 ubi
581 3884 872 3950 sortasse
895 3885 979 3951 de
1009 3888 1296 3953 consilio
1327 3907 1454 3954 suo
1483 3873 1874 3971 scripserat,
1902 3881 2188 3967 perdito,
2205 3898 2294 3944 ex
2313 3898 2421 3957 eo,
2447 3877 2628 3964 qnod

434 3985 503 4050 in
534 3985 1016 4069 superstitibus
1045 3990 1461 4070 praestiterit,
1491 3987 1652 4073 qnid
1682 3990 1999 4070 praestare
2026 3981 2334 4060 voluerit,
2364 3980 2628 4065 conjec-

434 4087 713 4152 tandum
747 4093 876 4153 est.
962 4087 1353 4171 Largiamur
1381 4108 1533 4155 eum
1566 4107 1787 4154 veram
1834 4084 2202 4152 Alexandri
2251 4083 2626 4150 Historiam

438 4190 724 4255 scribere
768 4189 1098 4272 voluisse3
1138 4190 1438 4257 debebat
1492 4190 1788 4262 scientiis
1836 4187 2183 4272 Historico
2226 4184 2630 4254 necessariis
