2978 4933
514 343 648 409 300
826 344 832 348 ’
960 361 1029 419 Q.
1077 357 1339 407 cunm
1391 358 1571 406 nuni
1622 358 1768 406 Lm.
1817 359 1916 407 ιν.
1964 360 2124 408 GAP.
2171 343 2277 409 10.

518 506 878 589 imiamque
892 502 1454 589 pulchritudinem
1483 503 1719 569 formae
1743 504 1892 588 ejus
1908 524 2042 570 non
2060 504 2359 571 libidinis
2384 506 2704 571 habuerat

516 610 1064 688 incitamentum?
1112 608 1234 674 sed
1279 607 1534 691 gloriae.
1621 606 1730 672 25.
1792 606 1852 672 E
1902 608 2344 694 spadonibus,
2389 610 2505 693 qui
2535 610 2710 674 circa

516 712 814 796 reginam
874 720 1079 791 erant,
1137 712 1500 798 Tyriotes,⁸
1542 710 1711 775 inter
1756 711 2266 796 trepidationem
2320 711 2712 795 lugentium⁶

517 819 794 904 elapsus
823 837 944 902 per
970 837 1117 882 eam
1146 820 1425 901 portam,
1454 834 1635 899 quae,
1681 817 1844 900 quia
1889 816 1976 880 ab
2019 815 2216 882 hoste
2243 814 2530 882 aversab
2552 823 2712 894 erat,

513 923 744 988 levius·
763 921 1291 999 custodiebatur,
1317 918 1405 984 ad
1453 919 1649 984 Darii
1691 926 1915 984 castra
1958 919 2303 1003 pervenit:
2351 928 2715 1005 exceptus-

517 1045 651 1110 que
684 1046 727 1091 a
757 1025 1093 1109 vigilibuS,
1121 1025 1190 1089 in
1219 1025 1723 1089 tabernaculum
1772 1023 1950 1105 regis
1994 1022 2409 1107 perducitur,
2442 1045 2715 1107 gemens

515 1134 582 1195 et
607 1137 798 1196 veste
824 1128 1141 1194 lacerata.
1225 1127 1333 1194 26.
1380 1124 1606 1223 Quem
1649 1131 1724 1192 ut
1768 1127 2130 1211 conspexit
2174 1128 2451 1208 Darius,
2497 1130 2718 1195 multi-

511 1233 677 1317 plici
722 1234 1195 1318 expectatione
1238 1238 1633 1309 commotuS,
1666 1237 1730 1297 et
1761 1230 1926 1316 quid
1960 1232 2398 1315 potissimum
2428 1235 2709 1312 timeret,

514 1337 849 1418 incertu83
891 1342 913 1373 ‘
936 1335 1188 1401 Vultus
1218 1334 1419 1412 tuus?
1468 1336 1704 1420 inquit,
1738 1337 2016 1401 ‘nescio
2055 1337 2244 1421 quod
2290 1339 2526 1421 ingens
2579 1358 2716 1404 ma-

513 1439 653 1503 lum
692 1438 1041 1524 praefert2k
1085 1440 1205 1505 sed
1255 1460 1420 1506 cave
1452 1441 1683 1505 miseri
1740 1441 2028 1506 hominis
2087 1443 2369 1507 auribus
2429 1462 2712 1527 parcas:

516 1542 722 1608 didici
767 1543 1002 1628 [enim]
1057 1564 1214 1610 esse
1269 1544 1557 1609 infelix:
1602 1551 1669 1609 et
1708 1562 1894 1627 saepe
1949 1544 2360 1610 calamitatis
2403 1545 2716 1610 solatium

515 1655 649 1726 est,
680 1668 882 1713 nosse
901 1654 1148 1713 sortem
1164 1667 1378 1712 suam.
1464 1647 1575 1713 27.
1607 1646 1812 1726 Num,
1844 1648 2032 1730 quod
2068 1650 2358 1714 maxime
2385 1649 2714 1733 suspicor,

517 1757 586 1817 et
613 1752 802 1838 loqui
832 1754 1056 1831 timeo,
1087 1751 1379 1816 ludibria
1416 1750 1743 1816 meorum¹
1788 1751 2215 1816 nuntiaturus
2260 1770 2357 1829 οε,
2387 1750 2577 1830 mihi,
2624 1761 2718 1830 et,

515 1865 593 1921 ut
622 1857 851 1935 credo,
892 1855 1065 1939 ipsis
1094 1874 1383 1941 quoque,
1412 1855 1592 1920 omni
1620 1854 1928 1937 graviora
1957 1855 2295 1940 supplicio
2313 1854 2366 1919 ‘l’
2451 1855 2562 1920 28.
2608 1847 2718 1920 Ad

514 1961 663 2027 haec
694 1960 1034 2045 Tyriotes,
1062 1964 1084 1995 ‘
1114 1960 1297 2026 istud
1328 1958 1601 2044 quidem
1630 1958 1869 2044 procul
1893 1955 2127 2037 abest,'
2156 1958 2415 2043 inquit:
2467 1964 2488 1995 ‘
2506 1978 2721 2042 quan-

517 2072 917 2147 tuscumque
962 2063 1140 2127 enim
1190 2062 1438 2146 reginis
1482 2063 1697 2127 honor
1742 2062 1828 2126 ab
1873 2062 1985 2141 iis,
2016 2062 2135 2146 qui
2182 2072 2445 2146 parent,
2485 2061 2719 2127 haberi

515 2173 765 2251 potest,
819 2166 957 2232 tuis
1002 2185 1045 2230 a
1088 2167 1337 2231 victore
1391 2172 1704 2231 servatus
1735 2172 1879 2230 est:
1932 2165 2053 2229 sed
2112 2183 2286 2230 uxor
2345 2171 2466 2228 tua
2511 2166 2717 2248 paulo

517 2275 667 2335 ante
693 2273 1000 2336 excessit
1046 2289 1085 2334 e
1135 2268 1315 2335 vita!
1401 2269 1511 2335 29.
1557 2268 1732 2334 Tum
1766 2287 1919 2334 vero
1969 2286 2102 2333 non
2147 2267 2437 2351 gemitus
2487 2268 2713 2345 modo,

518 2372 638 2438 sed
671 2374 871 2437 etiam
903 2373 1195 2458 ejulatus
1239 2373 1404 2437 totis
1450 2372 1690 2437 castris
1739 2370 2311 2437 exaudiebantur:
2372 2389 2497 2435 nec
2526 2370 2716 2435 dubi-

516 2478 689 2543 tavit
719 2477 1001 2556 Darius,
1028 2478 1187 2563 quin
1217 2475 1562 2542 interfecta
1592 2484 1796 2555 esset,
1825 2475 1987 2560 quia
2013 2474 2353 2559 nequisset
2373 2483 2715 2540 contume-

579 2692 596 2725 ⁸'
630 2694 768 2745 Inter
790 2697 1043 2745 tumultum
1060 2696 1387 2759 plangentium
1406 2699 1658 2744 mortuam.
1745 2691 1769 2726 '⁴
1804 2692 2004 2744 Grande
2032 2696 2226 2761 aliquod
2256 2698 2430 2747 malum
2455 2694 2719 2760 portendit.

579 2758 595 2791 ‘
636 2760 815 2810 Uxoris
833 2768 920 2811 aut
936 2762 1157 2827 filiarum
1176 2764 1426 2824 dedecora,
1460 2775 1586 2823 «μω,
1621 2761 1703 2822 ξε.
2532 2766 2546 2773 “

1441 2905 1784 2926 “mm

515 3006 610 3053 ret.
676 3001 905 3055 Florent.
927 3003 1077 3055 Leid.
1099 3007 1253 3056 Voss.
1277 3009 1325 3055 1.
1357 3005 1515 3056 Frob.
1537 3014 1592 3056 et
1626 3006 1796 3071 Bong.
1814 3005 2324 3058 invitamentum—25
2359 3008 2513 3058 Voss.
2536 3012 2588 3060 2.
2613 3009 2726 3060 Thi·

515 3067 662 3116 rietes
675 3083 696 3126 ,·
745 3068 889 3118 Pith.
916 3070 1150 3134 Tyriotes.
1208 3070 1364 3120 Frob.
1387 3070 1447 3120 ab
1469 3072 1519 3120 Ιι.
1542 3085 1678 3122 versa
1698 3077 1957 3123 σαι-26
1990 3075 2144 3124 Voss.
2162 3078 2211 3123 2.
2247 3074 2528 3137 muttiplicis
2548 3077 2726 3125 doloris

516 3133 834 3196 aspen-tatione
846 3151 868 3193 ,·
903 3136 1133 3185 Floreat.
1151 3135 1299 3185 Leid.
1321 3137 1471 3186 Voss.
1496 3141 1544 3188 l.
1566 3140 1617 3188 2.
1641 3146 1695 3188 et
1719 3138 1894 3203 vulgg.
1911 3139 2163 3203 multiplici
2182 3140 2357 3188 doloris
2377 3142 2726 3203 expectatione.

515 3198 655 3249 Dan.
677 3198 743 3249 ab
769 3200 837 3250 al.
857 3214 927 3249 m.
944 3206 1227 3251 commeatus
1249 3216 1345 3266 pro
1369 3206 1640 3253 commotus.
1695 3203 1849 3255 Voss.
1871 3209 1922 3254 2.
1943 3205 2167 3255 omittit:
2202 3210 2252 3253 et
2271 3222 2318 3269 q.
2338 3219 2389 3268 p.
2414 3208 2451 3254 t.
2490 3206 2725 3257 incertus.

514 3262 662 3321 Leid.
700 3272 757 3315 et
794 3265 959 3329 Bong.
984 3266 1142 3332 inquit
1163 3273 1308 3328 tuum
1354 3269 1511 3320 Voss.
1538 3273 1585 3319 1.
1608 3275 1749 3319 luens
1777 3270 1828 3319 in
1902 3271 1953 3321 ἲ.
2009 3270 2151 3320 Dan.
2178 3270 2296 3321 Pal.
2327 3274 2373 3319 1.
2409 3270 2561 3320 Leid.
2589 3277 2639 3323 l.
2671 3278 2728 3323 et

513 3324 665 3381 Voss.
691 3335 738 3380 1.
755 3335 800 3381 2.
824 3333 1071 3382 omittunt
1094 3333 1367 3383 αὕη-27
1391 3334 1508 3384 Pal.
1534 3338 1581 3386 1.
1601 3332 1815 3385 etl’ith.
1895 3351 1973 3385 uvn
1992 3336 2104 3400 quid
2125 3336 2367 3393 maxime3
2401 3335 2528 3386 Ald.
2556 3337 2727 3389 Colin-

515 3393 717 3461 Gryph.
740 3397 862 3447 Bas.
888 3398 1002 3449 Col.
1023 3399 1160 3448 Mer.
1177 3406 1231 3448 et
1252 3399 1410 3449 Frob.
1436 3400 1573 3448 Num
1593 3399 1706 3466 quid
1734 3403 1856 3466 quod
1877 3402 2100 3451 maxime.
2168 3400 2307 3451 Mer.
2326 3401 2463 3462 mihi,
2488 3407 2545 3452 ut
2566 3404 2728 3466 credo,

513 3464 698 3511 omisso
719 3467 768 3511 et
785 3479 807 3522 ;
854 3464 1006 3513 Voss.
1029 3467 1079 3514 2.
1103 3464 1301 3515 omittit
1324 3481 1338 3514 ε
1369 3470 1425 3515 ut
1445 3467 1603 3517 credo.
1672 3466 1905 3517 Florent.
1929 3467 2076 3517 Leid.
2095 3467 2251 3517 Voss.
2273 3470 2326 3516 2.
2351 3467 2526 3530 Bong.
2553 3468 2725 3531 Lugd.

514 3532 570 3575 et
594 3525 769 3579 Amat.
791 3528 1012 3579 tristiora
1030 3528 1293 3593 supplicio,-
1327 3530 1497 3594 Bong.
1514 3534 1562 3580 2.
1582 3538 1636 3581 et
1658 3533 1809 3581 Voss.
1831 3538 1878 3583 1.
1898 3531 2154 3582 tristitiom
2169 3532 2551 3597 supplicia—28
2572 3535 2725 3584 Voss.

511 3595 564 3640 2.
592 3592 864 3653 Τήἰήοεεες
914 3595 1056 3643 Pith.
1081 3595 1353 3659 Tyriothes,
1376 3602 1433 3646 et
1453 3595 1530 3645 sic
1554 3595 1824 3661 deinceps.
1880 3598 2021 3648 Dan.
2042 3598 2223 3659 regnis,
2244 3605 2301 3646 et
2323 3597 2386 3647 ab
2409 3597 2476 3647 al.
2501 3614 2573 3647 m.
2597 3600 2725 3662 regi-

511 3656 608 3707 nie.
667 3658 896 3709 Florent.
923 3658 1071 3711 Leid.
1103 3668 1157 3711 et
1193 3661 1364 3725 Βοῦς.
1386 3662 1532 3711 honos
1553 3661 1614 3711 ab
1635 3662 1712 3710 his
1726 3677 1747 3721 ;
1806 3663 1962 3713 Voss.
1988 3667 2034 3712 1.
2070 3671 2124 3711 et
2148 3664 2284 3713 Mer.
2308 3663 2456 3713 honor
2477 3665 2540 3713 ab
2561 3664 2723 3713 his.—

513 3725 581 3772 29
619 3724 749 3773 Tune
771 3740 879 3774 vero
919 3725 1148 3775 Floreat.
1185 3726 1333 3777 Leid.
1365 3736 1421 3775 et
1453 3728 1602 3775 Voss.
1629 3731 1676 3776 1.
1710 3727 1883 3777 castris
1914 3729 2032 3777 totis
2064 3728 2215 3779 Voss.
2253 3733 2303 3778 2.
2352 3743 2440 3778 nec
2473 3730 2722 3778 dubitabat

513 3786 630 3836 Pal.
658 3793 704 3838 1.
724 3791 804 3853 qui
825 3791 1102 3853 inter-sacta
1127 3792 1358 3843 Floreat.
1409 3792 1737 3842 contumeliam
1753 3795 1939 3859 perpeti
1972 3794 2202 3846 Floreat.
2238 3793 2388 3844 Leid.
2423 3795 2573 3846 Voss.
2593 3800 2642 3845 1.
2667 3800 2721 3844 et

1509 3928 1724 3993 No'rAE

579 4060 601 4087 ⁸
636 4052 1021 4117 [incitamentum]
1064 4053 1148 4104 Al.
1186 4054 1577 4109 Invitamentum
1652 4056 1879 4108 tau-chus.

519 4128 725 4194 Gloria]
775 4130 947 4182 Quam
995 4144 1062 4179 ex
1106 4144 1199 4180 sua
1252 4132 1578 4184 continentia
1715 4133 1740 4168 b
1777 4134 1985 4199 Aversa]
2048 4135 2412 4185 Decumanam
2464 4136 2714 4187 vocabant

515 4214 764 4272 capturus
787 4214 919 4259 erat.
1655 4214 1892 4277 Romani,
1931 4213 2223 4279 oppositam
2266 4212 2567 4281 Praetoriae,
2602 4229 2711 4281 quae

580 4292 604 4318 ⁸
647 4284 890 4351 Tyriotes]
939 4285 955 4314 ‘
974 4283 1211 4336 Tireum’
1251 4293 1406 4338 vocat
1448 4288 1575 4339 Plu·
1654 4291 1858 4342 hostem
1876 4289 2207 4357 respiciebat.
