2978 4933
518 409 649 473 440
973 425 1039 484 Q.
1087 422 1346 473 suern
1403 425 1579 474 sum
1634 426 1775 473 Lm.
1828 426 1924 475 vr.
1971 429 2136 477 οΛι».
2179 416 2243 476 4.

521 571 747 654 sisque
774 566 1126 631 arboribus
1156 568 1545 633 umbrosum
1576 576 1704 647 est,
1737 570 1980 654 pingue
2005 572 2205 636 vallis
2251 572 2471 636 solum
2498 573 2690 654 rigan-

522 673 704 736 tibus
733 670 954 753 aquiS,
998 689 1151 754 quae
1193 689 1285 734 ex
1328 673 1535 754 petris
1576 674 2072 738 imminentibus
2110 685 2409 739 manant.
2494 677 2557 738 4.
2600 675 2695 738 Ex

520 774 690 859 ips'is
749 775 1086 839 radicibus
1137 776 1455 839 montium
1504 773 1859 841 Ziobetisd
1906 777 2122 841 amnis
2168 778 2546 856 effunditur,
2594 779 2695 860 qui

521 879 655 943 tria
710 879 845 942 fere
898 877 1120 942 stadia
1169 877 1238 941 in
1290 879 1772 961 longitudinem
1833 880 2183 945 universus
2234 880 2422 961 fluit;
2474 879 2696 943 deinde

519 993 716 1059 saxo,
745 980 929 1065 quod
973 980 1304 1045 alveolum
1348 982 1745 1066 interpellat,
1791 1002 2244 1067 repercussuS,
2288 983 2428 1048 duo
2472 982 2700 1046 itinera

517 1084 696 1149 velut
726 1082 1139 1169 dispensatis
1183 1086 1377 1169 aquis
1421 1085 1693 1168 aperit-⁸
1776 1087 1845 1149 5.
1892 1085 2056 1150 Inde
2103 1092 2356 1151 torrens
2399 1093 2472 1150 et
2512 1102 2698 1149 saxo·

517 1207 684 1264 rum,
717 1204 836 1271 per
864 1207 1018 1271 quae
1048 1189 1338 1266 incurrit,
1362 1191 1724 1272 asperitate
1753 1189 2098 1255 violentior
2125 1197 2363 1253 terram
2404 1205 2699 1272 praeceps

519 1291 745 1355 subit!
832 1289 969 1356 Per
993 1308 1145 1355 ccc.
1167 1293 1389 1356 stadia
1408 1292 1713 1357 conditus
1734 1292 1979 1356 labitur
2002 1312 2020 1372 ;
2040 1311 2398 1374 rursusque
2422 1290 2604 1354 velut
2621 1307 2701 1353 ex

516 1393 648 1457 alio
675 1393 853 1457 sonte
880 1399 1244 1478 conceptus
1272 1394 1510 1471 editur,
1537 1403 1606 1459 et
1633 1413 1876 1460 novum
1894 1394 2154 1459 alveum
2172 1394 2476 1469 intendit,
2499 1392 2704 1474 priore

514 1496 622 1559 sui
664 1501 854 1580 parte
900 1496 1346 1579 spatiosiort⁶
1388 1497 1456 1562 6.
1488 1499 1741 1582 quippe
1787 1499 1856 1562 in
1907 1497 2311 1564 latitudinem
2373 1512 2548 1560 xm.
2575 1503 2703 1559 sta-

431 1656 438 1659 ,
515 1598 772 1663 diorum
801 1598 1236 1681 diffunditur3
1266 1619 1629 1685 rursusque
1662 1601 2149 1685 angustioribus
2181 1601 2515 1666 coercitus
2546 1601 2701 1681 ripis

515 1703 636 1766 iter
666 1702 854 1785 cogit
872 1722 888 1767 t
905 1703 934 1741 δ
951 1701 1218 1768 tandem
1233 1705 1303 1768 in
1323 1704 1605 1768 alterum
1629 1723 1891 1768 amnem
1914 1704 2115 1783 eadit,
2138 1703 2249 1768 cui
2278 1705 2300 1736 ‘
2325 1702 2638 1785 Rhidago
2653 1698 2669 1726 ⁹
2684 1720 2706 1747 ·

513 1823 752 1870 nomen
809 1813 931 1873 est.
1019 1808 1085 1871 ’7.
1127 1806 1382 1872 Incolae
1415 1806 1851 1885 affirmabant,
1895 1811 1916 1841 ‘
1940 1825 2384 1890 quaecumque
2430 1805 2703 1869 dimissa

578 2010 603 2034 ⁰
632 2004 679 2053 Δ
701 2020 819 2068 rupe
839 2020 943 2069 quoe
973 2010 1158 2056 tenuem
1186 2006 1289 2068 ejus
1318 2008 1502 2057 aloem
1522 2006 1831 2071 mmmpit
1850 2006 2085 2069 resiliens,
2116 2007 2234 2057 duos
2254 2006 2441 2056 canales
2461 2003 2704 2065 sibisaeit,

513 2082 647 2130 quasi
669 2086 730 2118 ex
750 2086 880 2134 σφω
901 2072 1073 2121 divisis
1093 2073 1252 2121 undis.

576 2130 594 2164 ⁵
629 2134 805 2182 Posteri
826 2137 1040 2197 rapidior
1047 2136 1233 2196 sactus,
1249 2138 1330 2197 Ere.
1354 2136 1515 2186 subter
1533 2136 1723 2184 humum
1742 2141 1932 2200 repente
1949 2139 2190 2187 conditur.

574 2207 595 2231 ⁰
637 2200 776 2275 Vetuit
811 2214 875 2248 ex
911 2201 1007 2249 alia
1042 2202 1334 2263 scaturigine
1362 2207 1508 2251 natus
1535 2202 1708 2264 oritur,
1728 2206 1774 2250 et
1798 2217 1969 2251 novum
2003 2204 2214 2252 conulem
2247 2200 2540 2261 ingreditur,
2570 2195 2700 2247 latior

513 2264 1186 2394 ᾳυῖηὶῖεῗιῗιξιζΐῖξᾶνοωω
1205 2330 1328 2394 ripis
1348 2330 1504 2380 minus
1524 2329 1813 2381 distantibus
1812 2366 1829 2394 ,
1848 2331 2031 2381 alveum
2049 2329 2408 2380 contractiorem
2426 2328 2585 2378 hebet.

1427 2475 1582 2497 ”NG
1586 2475 1799 2497 “mu

510 2593 573 2629 ex
590 2578 742 2641 petris
763 2574 1106 2636 eminentibus),-
1141 2576 1371 2626 Floreut.
1397 2576 1543 2626 Leid.
1566 2577 1716 2626 Voss.
1735 2580 1784 2627 1.
1806 2581 1858 2626 2.
1890 2576 2057 2641 Bong.
2082 2581 2137 2626 et
2163 2574 2329 2626 Amst.
2362 2588 2425 2623 ex
2449 2574 2603 2637 petris
2623 2574 2701 2623 im·

508 2643 910 2693 maenubam—4
945 2641 1093 2690 Leid.
1116 2642 1285 2703 Boug.
1312 2645 1356 2689 l.
1378 2645 1427 2691 2.
1452 2649 1509 2691 et
1531 2641 1685 2692 Voss.
1712 2646 1757 2691 1.
1792 2641 2039 2700 Ziobeti35
2070 2642 2222 2690 Voss.
2246 2643 2294 2689 2.
2330 2638 2563 2696 Zoberis,·
2598 2638 2703 2687 Pal.

512 2713 559 2757 1.
601 2708 826 2765 Obentis5
862 2722 945 2770 ap.
968 2707 1183 2755 Diodor.
1219 2707 1468 2766 Στιβοίτης
1488 2706 1642 2769 μέγας
1661 2704 1892 2769 wangas.
1962 2706 2129 2769 Bong.
2154 2711 2202 2755 1.
2226 2703 2449 2768 effimdit.
2518 2704 2705 2767 Vulgg.

511 2782 632 2823 ante
671 2773 907 2822 Freinnh.
937 2774 1058 2835 quod
1085 2789 1132 2821 α.
1156 2772 1442 2834 interpolat,-
1477 2774 1644 2836 Bong.
1671 2777 1716 2822 1.
1739 2776 1790 2823 2.
1824 2772 1938 2820 Pal.
1965 2775 2009 2820 1.
2042 2772 2180 2820 Dan.
2205 2769 2396 2819 Faueh.
2420 2768 2566 2818 Pith.
2591 2768 2707 2816 Put.

510 2840 664 2888 Voss.
690 2843 736 2887 1.
758 2843 807 2888 2.
842 2837 988 2887 Leid.
1013 2838 1242 2886 Floreat.
1267 2844 1323 2886 et
1343 2837 1527 2886 Coust.
1562 2840 1684 2901 quod
1713 2854 1771 2889 a.-
1794 2837 2083 2900 interpellat,
2108 2842 2164 2884 ut
2189 2835 2465 2897 legendum
2492 2832 2707 2896 putabat

509 2902 795 2953 Acidalius.
862 2900 985 2951 And.
1021 2907 1431 2964 repercursus.—5
1469 2901 1619 2953 Voss.
1651 2906 1701 2954 2.
1734 2901 1956 2951 omittit:
1993 2901 2113 2950 Inde
2146 2906 2343 2949 torrens.
2408 2899 2546 2961 Mer.
2569 2897 2703 2949 exbi-

512 2967 630 3016 bet:
660 2981 907 3031 perquam
927 2967 1162 3025 incur-rin
1195 2967 1311 3016 Pal.
1336 2970 1385 3016 1.
1415 2980 1507 3029 per
1546 2982 1650 3030 quoe
1684 2968 1857 3016 currit.
1927 2966 2042 3017 Pal.
2068 2970 2113 3014 1.
2140 2979 2350 3029 proeceps
2369 2963 2519 3012 subiit
2531 2978 2554 3024 ,-
2590 2961 2700 3011 am:

508 3033 633 3080 subit
689 3046 906 3095 praeceps.
972 3031 1148 3093 Sigeb.
1190 3031 1421 3081 Floreat.
1460 3033 1613 3081 Voss.
1638 3035 1682 3081 1.
1704 3035 1756 3080 2.
1795 3033 1935 3080 Dan.
1977 3036 2032 3080 et
2071 3030 2185 3079 Pan.
2219 3034 2262 3078 1.
2302 3033 2551 3091 conceptus
2582 3029 2704 3083 edit,-

511 3097 693 3146 Colon.
729 3101 784 3144 et
813 3095 942 3144 alius
965 3095 1161 3162 Modiiz
1195 3102 1442 3158 conceptas
1479 3098 1697 3146 edit—6
1731 3096 1882 3145 Voss.
1903 3099 1954 3145 2.
1987 3096 2036 3144 in
2076 3093 2330 3143 latitudine
2348 3109 2367 3151 ,-
2399 3094 2555 3142 Voss.
2579 3097 2624 3141 1.
2652 3092 2708 3150 in⁴

507 3160 828 3210 altitudinem.
895 3160 1125 3209 Floreut.
1146 3158 1294 3210 Leid.
1316 3161 1469 3211 Voss,
1493 3164 1541 3210 1.
1568 3168 1622 3211 et
1645 3161 1809 3224 Bong.
1829 3163 1986 3209 decem
2006 3163 2055 3208 et
2076 3160 2222 3209 trium
2244 3158 2537 3213 stadiorum.-
2571 3155 2702 3206 Pith-

509 3225 718 3287 trigiuta
740 3229 785 3273 et
811 3225 959 3274 trium
980 3223 1261 3274 stadiorum.
1324 3225 1441 3276 Pal.
1468 3229 1519 3275 1.
1552 3226 1679 3276 velut
1700 3224 2068 3287 angustioribus.
2134 3224 2280 3272 Leid.
2307 3229 2362 3272 et
2383 3223 2531 3271 Voss.
2556 3226 2601 3270 1.
2631 3235 2701 3268 co-

508 3293 714 3341 hercitus
746 3290 886 3355 ripis.
954 3290 1186 3340 Florent.
1208 3289 1361 3340 Voss.
1385 3295 1429 3339 1.
1454 3298 1510 3339 et
1534 3291 1702 3356 Bong.
1723 3295 1772 3342 2.
1804 3292 1975 3348 oudam
2007 3296 2063 3338 et
2085 3289 2157 3338 sic
2190 3289 2360 3352 Bong.
2383 3291 2428 3336 1.
2454 3286 2549 3336 uisi
2575 3281 2699 3350 quod

508 3357 689 3406 ultimo
724 3372 754 3405 a
776 3357 1182 3419 superscriptum
1207 3362 1290 3404 est
1311 3355 1346 3406 i.
1413 3356 1649 3406 Florent.
1689 3355 1838 3406 Leid.
1878 3356 2017 3404 Dan.
2053 3360 2109 3403 et
2132 3355 2301 3415 Bong.
2332 3352 2581 3402 omittunt
2613 3348 2698 3398 cni.

508 3423 657 3472 Leid.
679 3424 830 3482 Voss.
851 3426 897 3470 1.
920 3421 1035 3471 Pal.
1052 3424 1100 3469 1.
1122 3426 1178 3469 et
1197 3422 1337 3470 Dan.
1363 3420 1625 3481 Ridagnm
1657 3422 1808 3470 Voss.
1829 3424 1879 3469 2.
1921 3419 2173 3480 Ridagus3
2212 3418 2383 3481 Bong.
2409 3421 2448 3466 ι.
2467 3421 2518 3467 2.
2557 3414 2702 3465 Rida-

505 3489 651 3548 grim
684 3486 805 3537 Ald.
836 3486 1205 3535 mindam—7
1242 3485 1376 3534 Dan.
1417 3484 1533 3534 Pal.
1558 3489 1605 3534 1.
1637 3486 1911 3549 quicumque
1947 3485 2139 3534 dimisso
2150 3499 2175 3541 ,³
2213 3482 2364 3532 Leid.
2392 3483 2542 3531 Voss·
2576 3485 2616 3529 1.
2651 3483 2700 3527 2.

511 3552 635 3602 ΑΜ.
659 3553 825 3601 Colin.
850 3551 1050 3615 Gryph.
1074 3550 1186 3599 Col.
1206 3549 1358 3598 Frob.
1381 3550 1504 3600 Bas.
1532 3550 1668 3610 Mer.
1704 3557 1759 3599 et
1786 3551 1893 3598 Elz.
1927 3549 2203 3613 quicumque
2224 3547 2412 3596 dimissi
2426 3563 2445 3605 ,·
2482 3547 2700 3596 Florent-

506 3618 776 3682 quicumque
796 3617 1027 3675 dimissa5
1064 3614 1138 3665 sie
1174 3614 1339 3679 Boug.
1375 3618 1425 3676 ,1.
1466 3614 1558 3664 aed
1601 3617 1960 3681 superscripto
1993 3629 2019 3664 e
2051 3612 2261 3678 syllabae
2295 3614 2408 3677 φάς
2444 3613 2629 3661 Venet.
2648 3613 2699 3657 et

1507 3762 1553 3812 N
1562 3759 1721 3812 0¹1·AE

571 3862 596 3893 ‘¹
628 3861 866 3925 Zioberis]
899 3860 1172 3911 Stiboetem
1192 3857 1454 3908 Diodorus
1478 3873 1567 3922 up·
1710 3863 1735 3891 θ
1766 3854 2015 3919 Rhidago]
2042 3854 2212 3919 Hujus
2230 3851 2371 3901 fluvii
2393 3866 2491 3901 nec
2515 3850 2696 3899 Diodo-

509 3939 692 4003 pellat,
715 3954 781 3988 ex
807 3954 907 4001 quo
931 3937 1068 3989 forte
1092 3935 1371 3987 Curtianus
1394 3935 1567 3985 Ziobe-
1651 3948 1755 3994 rus,
1773 3948 1872 3983 nee
1896 3934 2045 3994 alius,
2064 3942 2219 3996 quem
2242 3930 2422 3990 sciam,
2440 3929 2490 3977 in
2507 3928 2696 3992 Hyrca·

506 4018 595 4081 ris,
616 4016 726 4066 sive
746 4015 978 4075 Ziobetis,
1004 4020 1095 4063 aut
1122 4014 1330 4075 Zibeles,
1354 4027 1567 4077 quomo·
1648 4010 1736 4060 nia
1773 4010 2056 4059 Parthiave
2099 4006 2350 4057 meminit.
2417 4006 2692 4069 Eluviorum

508 4096 579 4144 do
616 4094 703 4142 alii
732 4093 994 4156 legerunt.
1070 4090 1341 4153 Amatam]
1376 4090 1568 4154 Ingen-
1649 4101 1806 4151 porro
1829 4086 1918 4149 qui
1940 4101 2014 4145 se,
2041 4092 2101 4134 ut
2123 4083 2381 4144 Ziobetis,
2404 4082 2499 4133 sub
2515 4090 2705 4131 terram·

508 4183 616 4225 tem
646 4169 855 4219 fluvium
878 4167 1078 4230 abipso
1112 4166 1325 4216 exordio
1359 4165 1567 4216 Siculus
1653 4163 1903 4223 condant,
1944 4161 2166 4210 maxime
2197 4160 2468 4223 insignium
2507 4157 2713 4208 nomin

509 4248 777 4300 describit.
849 4242 1135 4306 luten-potat]
1178 4242 1313 4293 Vide
1355 4242 1444 4294 lib.
1483 4256 1565 4294 lv.
1654 4240 1867 4303 collegit
1902 4238 2200 4302 Rodolphus
2239 4236 2482 4301 Agricola
2503 4235 2586 4285 lib.
2608 4246 2684 4281 ιιι.

508 4343 627 4392 cap.
650 4330 700 4378 6.
724 4332 778 4375 et
809 4336 970 4387 supra
986 4334 1108 4385 cap.
1129 4325 1181 4372 2.
1653 4317 1718 4369 de
1746 4317 1874 4369 Nat.
1895 4329 2074 4368 eorum
2097 4329 2213 4381 quae
2236 4312 2453 4365 effluunt
2475 4327 2504 4364 e
2526 4319 2665 4363 terra.
