2978 4933
497 392 629 457 152

495 555 658 620 inde
688 553 973 619 diffusus
1014 553 1483 638 circumjectos
1523 552 1692 636 rigat
1729 572 2031 636 campos,
2076 552 2373 637 liquidus
2411 559 2476 619 et
2525 572 2672 618 suas

497 659 829 723 duntaxat
856 655 1072 722 undas
1103 657 1394 722 trahens.
1459 657 1527 720 4.
1570 656 1814 741 Itaque
1844 656 2031 722 color
2058 656 2207 741 ejus
2228 656 2501 740 placido
2520 657 2675 721 mari

497 763 735 829 similis
767 763 989 827 locum
1034 758 1385 844 poetarum
1424 760 1779 826 mendacio
1810 760 1971 825 fecit
1998 772 2057 820 :⁶
2100 761 2355 844 quippe
2371 761 2674 851 traditum

495 873 624 948 est,
669 872 689 900 ‘
714 863 1071 954 Nymphas
1093 860 1115 898 f
1153 882 1381 927 amore
1427 862 1643 927 amnis
1672 868 1971 929 retentas
2015 863 2086 926 in
2115 862 2237 927 illa
2266 852 2675 946 rupe'cousi-

494 968 692 1034 dere.’
776 971 837 1034 5.
887 967 1200 1033 Ceterum
1227 966 1549 1052 quamdiu
1576 966 1752 1031 intra
1779 986 2002 1032 muros
2029 965 2196 1044 fluit,
2223 985 2468 1030 nomen
2491 984 2676 1029 suum

494 1074 732 1138 retinet
755 1078 792 1132 :¹
818 1080 892 1136 at
921 1091 1075 1136 cum
1103 1077 1299 1135 extra
1327 1070 1777 1135 munimenta&
1820 1090 1893 1134 se
1922 1069 2196 1147 evolvit,
2226 1067 2474 1152 majore
2506 1069 2574 1132 vi
2602 1087 2675 1133 ac

492 1179 672 1242 mole
698 1184 1000 1260 agentem
1018 1174 1231 1240 undas
1253 1175 1276 1212 ὃ
1321 1177 1342 1208 ‘
1367 1173 1622 1259 Lycum
1650 1174 1668 1204 '
1685 1171 1711 1209 ¹¹
1754 1171 2119 1258 appellant.
2190 1170 2254 1236 6.
2299 1169 2677 1236 Alexander

494 1280 761 1364 quidem
789 1280 1019 1344 urbem
1050 1279 1438 1344 destitutam
1481 1297 1527 1343 a
1573 1279 1717 1343 suis
1763 1279 1970 1342 intrat
1995 1288 2053 1336 τ’
2096 1271 2348 1340 arcemi
2391 1294 2573 1354 vero,
2616 1276 2677 1338 in

493 1403 694 1468 quam
736 1382 1187 1465 confugerant,
1225 1401 1613 1467 oppugnare
1636 1381 1943 1460 adortus,
1974 1380 2486 1445 caduceatorem
2517 1397 2678 1462 prae-

490 1487 697 1564 misit,
728 1486 871 1574 Nqui
921 1485 1372 1551 denuntiaret:
1434 1490 1455 1520 ‘
1480 1486 1551 1551 ni
1604 1485 1944 1561 dederent,
2003 1484 2198 1567 ipsos
2247 1481 2501 1546 ultima.
2539 1499 2677 1544 esse

490 1584 851 1674 passuros.'
934 1589 1000 1653 ⁷.
1048 1588 1160 1653 Illi
1190 1584 1729 1655 caduceatoremj
1755 1587 1827 1652 in
1849 1587 2101 1666 turrim,
2125 1594 2195 1651 et
2227 1586 2358 1650 situ
2387 1591 2457 1648 et
2485 1601 2678 1667 opere

931 409 999 468 ρ.
1047 404 1311 456 cuR’rn
1363 406 1545 456 nur-1
1597 407 1739 454 Lm.
1789 407 1900 456 ιιι.
1947 405 2110 458 car.
2158 392 2219 456 1.

553 1780 578 1802 ⁰
616 1773 919 1823 Occasionem
939 1774 1069 1823 dedit
1080 1771 1267 1833 fabalis
1281 1772 1545 1836 poetarum.

552 1835 574 1867 ⁶
608 1838 795 1900 Maiore
815 1838 991 1902 impeta
1011 1845 1152 1902 atque
1171 1838 1306 1902 copia
1322 1841 1582 1888 volventem
1603 1839 1770 1888 undas.

552 1907 573 1932 ⁶
606 1905 651 1954 A
674 1905 855 1955 civibus
874 1908 1108 1956 desertam
1127 1904 1288 1983 urbem
1307 1904 1596 1965 ingreditur.

1403 2047 1704 2073 &memte
1709 2048 1768 2074 θ’

487 2157 627 2220 conj.
648 2161 912 2209 decurrens.
978 2159 1203 2210 Theocr.
1238 2167 1295 2210 et
1316 2159 1468 2209 Voss.
1491 2163 1543 2208 2.
1573 2159 1756 2220 irrigat
1787 2171 1988 2220 campos.
2045 2155 2213 2218 Bong.
2250 2156 2298 2202 1.
2330 2151 2542 2216 liquidas
2569 2152 2679 2202 dun·

486 2229 643 2283 taxa,
659 2227 840 2284 &ce-4
856 2224 1009 2275 Voss.
1030 2230 1079 2275 2.
1114 2225 1327 2286 Νὶηῐαε.
1355 2226 1572 2274 Tbeocr.
1589 2231 1646 2273 et
1665 2223 1816 2273 Frob.
1839 2226 2069 2282 retentas,
2084 2221 2168 2268 illu
2188 2233 2323 2282 rupe,
2344 2218 2536 2268 omissa
2558 2230 2681 2280 prae-

486 2289 861 2350 positione.-6
897 2290 1030 2340 Pan.
1072 2294 1120 2339 1.
1148 2295 1197 2342 2.
1231 2295 1282 2340 3.
1318 2290 1569 2339 omittunt
1601 2303 1777 2339 muros.
1840 2287 1954 2336 Pal.
1995 2291 2040 2335 1.
2078 2284 2265 2333 habet:
2299 2298 2356 2333 ae
2392 2298 2502 2332 eum
2533 2288 2681 2356 extra·

486 2352 605 2401 Pal.
629 2356 679 2403 2.
713 2355 883 2416 Bong.
906 2361 961 2406 et
983 2355 1135 2405 Voss.
1158 2360 1207 2406 1.
1229 2360 1281 2406 2.
1315 2354 1603 2404 Meum—6
1626 2354 1769 2402 Pith.
1795 2352 1927 2402 Pan.
1949 2355 1999 2400 2.
2024 2355 2073 2401 3.
2092 2359 2146 2399 et
2170 2352 2335 2411 Bong.
2356 2353 2399 2398 1.
2423 2353 2474 2398 2.
2494 2347 2553 2397 ab
2571 2361 2680 2396 ems.

486 2415 621 2469 Pan.
645 2423 691 2470 l.
714 2420 761 2470 2.
797 2420 932 2470 Mer.
955 2420 1108 2472 Frob.
1132 2421 1256 2471 Bas.
1279 2421 1475 2472 Veron.
1500 2426 1557 2469 et
1579 2418 1710 2469 Tell.
1728 2420 1937 2468 adornas.
2004 2416 2118 2464 Pal.
2142 2418 2191 2463 3.
2232 2422 2290 2464 et
2323 2413 2433 2462 Elz.
2469 2413 2526 2462 ni
2552 2413 2680 2461 dede·

484 2482 605 2541 riae,
641 2483 785 2548 ipsos,
819 2487 901 2547 ⁸1⁶·
970 2487 1135 2550 Bong.
1166 2491 1215 2535 2.
1250 2486 1302 2535 ni
1333 2500 1435 2536 sese
1466 2487 1661 2543 (ἐπεκα
1692 2486 1882 2533 Vener.
1906 2481 2124 2531 Medici.
2148 2480 2268 2530 And.
2291 2479 2461 2529 Colin.
2489 2478 2680 2542 Grypb.

487 2547 612 2596 Bas.
631 2549 787 2599 Frob.
810 2559 865 2599 et
888 2548 1107 2614 Argent.
1128 2552 1181 2601 ui
1203 2567 1253 2601 se
1273 2554 1497 2602 dederent
1507 2566 1528 2609 ,·
1563 2550 1712 2600 Voss.
1730 2554 1778 2599 2.
1812 2549 1866 2597 ni
1882 2549 2107 2597 dederent
2130 2561 2230 2595 sese
2242 2560 2263 2604 ,·
2283 2544 2438 2594 Udal.
2457 2545 2680 2618 Florent-

484 2611 658 2676 Sigeb.
680 2614 859 2667 eonst.
880 2617 1074 2667 Veron.
1098 2623 1155 2668 et
1176 2617 1295 2668 edd.
1318 2622 1543 2667 recentt.
1577 2616 1632 2666 ui
1649 2617 1875 2666 dederent
1892 2615 2032 2676 ipsos,
2053 2612 2135 2674 ⁸5⁶·
2173 2609 2424 2674 probante
2447 2608 2678 2659 Heinsio.
2738 2647 2740 2650 .

485 2683 580 2728 -7
616 2680 754 2732 Dan.
778 2682 894 2732 Pal.
922 2686 968 2733 1.
1002 2684 1169 2748 Bong.
1195 2691 1249 2733 et
1271 2682 1420 2734 Laid.
1451 2681 1507 2731 in
1527 2686 1729 2733 turrem.
1796 2678 1945 2730 Leid.
1979 2691 2115 2741 opere
2145 2676 2290 2726 multo
2306 2691 2327 2735 ‚-
2360 2676 2534 2739 Bong.
2558 2678 2603 2724 1.
2633 2687 2679 2721 o.

1470 2826 1686 2879 NOTAE

1600 2934 1966 2991 ⁴Maeandrum.
2033 2936 2206 2986 Unum
2239 2949 2395 2999 porro
2424 2933 2677 2985 Maeaudri

1624 3024 1780 3083 atque
1824 3016 2054 3079 Marsyae
2094 3012 2293 3063 fontem
2346 3027 2457 3062 esse
2502 3011 2678 3063 scribit

1624 3098 1889 3149 Maximus
1905 3094 2123 3161 Tyrius,
2140 3093 2293 3145 testis
2313 3093 2570 3147 oculatus.

1689 3175 1706 3219 i
1740 3170 2126 3234 caduceatorem]
2163 3170 2210 3221 A
2234 3170 2528 3222 ‘caduceo'
2552 3170 2677 3220 dicti

1622 3258 1745 3303 sunt
1800 3247 2241 3301 ‘caduceatores-⁵
2326 3250 2459 3298 Erat
2510 3256 2676 3299 autem

1623 3332 1638 3359 ‘
1661 3327 1956 3391 caduceusss
1989 3328 2098 3378 sive
2139 3326 2499 3389 ‘caduceum,'
2540 3327 2677 3391 virga

551 2936 569 2970 f
613 2939 889 3007 Nymphae]
960 2942 1191 3008 Fingunt
1247 2942 1419 3008 poetae
1474 2956 1543 2992 ex

486 3014 845 3079 Nympharum
883 3024 939 3068 et
967 3020 1271 3084 Satyrorum
1301 3020 1544 3081 lacrymis

484 3092 751 3158 Marsyam
796 3094 1098 3146 deflentium
1156 3096 1393 3148 extitisse
1448 3095 1544 3147 flu·

483 3168 643 3234 vium,
665 3172 756 3237 qui
776 3180 1056 3237 propterea
1078 3173 1250 3223 dietus
1273 3173 1344 3224 sit
1364 3179 1381 3203 ⁶
1400 3174 1544 3223 Mar·
1572 3161 1581 3170 ’

484 3246 612 3309 sya,’
632 3247 743 3298 sive
764 3249 780 3277 ‘
798 3249 1079 3315 Marsyas!
1113 3250 1271 3302 Ovid.
1293 3250 1427 3301 Met.
1446 3264 1523 3303 vr.

550 3331 577 3366 8
604 3326 770 3377 Eecm
800 3328 1115 3393 munimenta]
1166 3329 1292 3380 Non
1320 3329 1542 3379 Celaenis

485 3400 587 3451 sed,
601 3401 837 3467 Apamea
858 3419 1123 3470 egressum
1160 3403 1392 3471 rapidius
1413 3404 1542 3455 ferri

484 3476 643 3529 docet
662 3480 850 3533 Strabo
870 3482 962 3532 lib.
983 3496 1087 3536 κη.

545 3554 571 3589 ¹²
604 3556 808 3623 Lycum]
842 3559 1073 3611 Notatur
1091 3560 1177 3613 bic
1204 3560 1269 3611 ab
1300 3559 1538 3612 omnibus

483 3649 627 3697 error
644 3636 833 3702 Curtii,
857 3637 1276 3703 quodMarsyam
1298 3653 1412 3688 cum
1436 3640 1539 3702 Ly·

389 3734 394 3738 ·
483 3728 547 3763 co
577 3713 807 3779 eiusdem
839 3714 1083 3781 Pbrygiae
1125 3714 1346 3779 Majoris
1380 3712 1540 3766 fluvio

483 3789 770 3843 confundit.
805 3790 912 3843 Hic
934 3793 1070 3842 enirn
1088 3806 1154 3841 ex
1178 3791 1379 3843 Cadmo
1396 3806 1539 3842 mon-

483 3871 539 3915 te
569 3874 734 3931 ortua,
752 3882 855 3918 non
879 3868 1185 3933 Apameam,
1206 3875 1264 3919 ut
1287 3869 1542 3933 Marsyas,

482 3942 574 3992 sed
599 3944 908 3995 Laodiceam
923 3946 1092 4010 alluit,
1104 3954 1161 3997 et
1182 3947 1445 4013 aliquanto
1463 3948 1540 3996 iu-

481 4017 565 4068 fra
586 4021 851 4085 Marsyam
875 4022 927 4071 in
952 4023 1277 4074 Maeandrum
1301 4025 1463 4077 cadit.

545 4094 560 4128 ¹
592 4097 789 4163 Arcem]
837 4099 949 4149 Sita
987 4098 1092 4153 fuit
1126 4114 1221 4150 arx
1255 4100 1353 4151 illa
1390 4102 1443 4151 in
1478 4104 1541 4153 e'o

480 4182 657 4232 monte
676 4176 811 4227 unde
834 4177 1078 4242 Marsyas
1097 4177 1281 4241 oritur,
1296 4178 1432 4227 etad
1452 4193 1540 4229 cu·

472 4252 559 4315 jus
577 4253 802 4304 radicem
819 4254 942 4305 urbs
956 4254 1069 4320 ipsa
1087 4255 1407 4309 Celaenarum
1421 4254 1538 4306 fuit.

484 4329 576 4379 Ait
598 4331 734 4382 enim
747 4332 1036 4398 Xenophon
1058 4332 1173 4399 ipsa
1191 4347 1254 4384 ex
1278 4348 1396 4384 arce
1414 4334 1541 4384 oriri

1622 3407 1841 3472 geminis
1863 3405 2135 3469 implicata
2164 3404 2501 3468 serpentibus
2520 3405 2676 3469 spira·

1624 3484 1716 3533 tim
1731 3485 1869 3533 inter
1883 3496 1937 3531 se
1955 3480 2123 3544 nexis,
2141 3495 2244 3545 qua
2258 3481 2554 3530 Mercurius
2567 3488 2674 3531 tan-

1624 3574 1780 3626 quam
1806 3566 2017 3622 sceptro
2054 3570 2170 3605 usus
2203 3554 2438 3620 fingitur,
2471 3564 2581 3608 tum
2613 3557 2672 3606 ad

1620 3637 1722 3687 alia
1760 3636 1943 3697 multa,
1972 3642 2079 3683 tum
2118 3631 2183 3683 ad
2212 3633 2337 3683 lites
2370 3647 2673 3700 componen-

1621 3716 1741 3779 das;
1777 3721 1835 3766 ut
1856 3712 1983 3766 satis
2007 3712 2261 3763 credibile
2294 3713 2362 3763 sit
2399 3728 2464 3770 ex
2499 3714 2675 3777 Moyse

1620 3793 2044 3860 Mercurium,yex
2062 3790 2196 3841 iliius
2218 3790 2382 3853 virga,
2401 3791 2452 3840 in
2469 3805 2674 3856 serpen·

1621 3878 1727 3921 tem
1783 3884 2054 3931 conversa,
2094 3868 2245 3932 hujus
2288 3867 2572 3919 caduceum
2610 3868 2671 3918 ab

1622 3948 1830 4000 Graecis
1872 3945 2248 3998 fabulatoribus
2308 3961 2425 3996 esse
2464 3946 2670 3997 factum.

1623 4025 1736 4076 Etsi
1759 4030 1932 4075 autem
1955 4024 1972 4051 ‘
1991 4016 2275 4074 cdduceurn
2291 4020 2307 4045 ’
2333 4038 2428 4087 pro
2449 4024 2672 4088 symbolo

1621 4104 1766 4168 pacis
1790 4102 2038 4164 habitum,
2056 4107 2229 4154 tamen
2253 4108 2267 4130 ‘
2287 4098 2671 4153 caduceatores'

1623 4195 1722 4230 non
1762 4176 2098 4230 conciiiaudae
2133 4178 2287 4228 modo
2327 4180 2465 4242 paci,
2497 4191 2666 4229 verum

1622 4260 1779 4308 etiam
1797 4255 2172 4318 denuntiando,
2188 4253 2231 4303 si
2248 4266 2378 4319 opus
2394 4253 2547 4320 foret,
2565 4253 2665 4305 bei-

1620 4335 1674 4386 lo
1696 4334 1874 4384 missos
1897 4346 2009 4383 esse
2026 4331 2168 4384 locus
2191 4329 2276 4384 hic
2295 4330 2509 4386 indicat.
2554 4328 2666 4384 Nisi
