2978 4933
513 427 644 496 578
936 447 1004 506 o.
1047 446 1315 495 cunru
1365 445 1547 494 Ruri
1599 447 1758 496 mu.
1799 447 1931 495 vu.
1978 443 2143 496 cAP.
2185 430 2290 495 ll.

512 609 693 655 mero
724 590 893 654 duos
932 596 997 654 et
1039 606 1238 656 xxx.
1281 593 1350 655 iu
1397 610 1677 655 ascensu
1724 590 2048 655 interiisse
2079 596 2516 673 cognoscunt.
2603 589 2709 655 20.

515 693 699 771 Rex,
731 713 864 756 non
893 695 1214 778 cupidine
1243 696 1458 777 magis
1483 695 1787 778 potiundi
1810 695 1970 772 loci,
1992 714 2193 777 quam
2211 696 2429 758 vicem
2462 712 2714 770 eorum,

514 814 685 879 quos
715 796 802 859 ad
830 800 967 862 tam
1000 798 1421 861 manifestum
1452 798 1822 880 periculum
1845 798 2142 874 miserat,
2167 796 2529 873 solicituS,‘
2561 804 2712 860 toto

515 899 623 963 die
663 901 1013 964 cacumina
1058 902 1308 965 montis
1352 902 1618 966 intuens
1662 902 1936 966 restitit:
1995 908 2201 965 noctu
2231 900 2528 977 demum,
2561 918 2714 963 cum

434 1083 446 1097 υ
516 1003 893 1067 obscuritas
934 1012 1372 1089 conspectum
1417 1007 1767 1070 oculorum
1818 1006 2199 1082 ademisset,
2231 1003 2315 1068 ad
2347 1003 2713 1067 curandum

517 1125 767 1190 corpus
810 1111 1110 1174 recessit.
1193 1110 1306 1174 21.
1354 1110 1636 1175 Postero
1677 1110 1784 1174 die
1826 1110 2118 1174 nondum
2150 1110 2313 1173 satis
2347 1106 2538 1172 clara
2566 1106 2715 1170 luce

514 1210 771 1294 primus
792 1212 968 1291 vela,
1002 1215 1260 1296 signum
1289 1214 1477 1296 capti
1513 1214 1808 1292 verticiS,
1840 1214 2215 1297 conspexit.
2302 1211 2439 1275 Sed
2476 1230 2564 1274 ne
2594 1209 2718 1273 fal-

516 1311 760 1379 leretur
792 1316 1002 1393 acies,
1035 1317 1341 1381 dubitare
1371 1317 1657 1398 cogebat
1687 1317 1977 1388 varietas
2024 1317 2210 1393 coeli,
2241 1334 2416 1379 nuuc
2445 1314 2721 1378 interni-

519 1422 701 1482 tente
732 1415 905 1481 lucis
952 1418 1228 1500 fulgore,
1258 1438 1432 1484 nunc
1481 1420 1781 1484 condito.
1867 1420 2121 1485 Verum
2154 1429 2224 1484 ut
2252 1417 2569 1502 liquidior
2600 1418 2722 1480 lux

520 1520 839 1603 apparuit
870 1521 1068 1598 coelo,
1101 1522 1427 1587 dubitatio
1458 1529 1729 1587 exemta
1759 1530 1901 1587 est:
1970 1523 2081 1587 22.
2111 1527 2560 1602 vocatumque
2588 1518 2726 1582 Co-

520 1622 721 1705 phan,
773 1641 897 1705 per
934 1643 1135 1706 quem
1174 1626 1608 1689 barbarorum
1655 1625 1916 1688 animos
1963 1629 2351 1698 tentaverat,
2397 1622 2608 1684 mittit
2638 1621 2725 1683 ad

523 1745 665 1801 eost,
693 1725 810 1807 qui
827 1735 1153 1805 moneret,
1182 1732 1204 1762 ‘
1222 1746 1394 1791 nunc
1413 1727 1654 1792 saltem
1677 1728 2016 1792 salubrius
2038 1727 2393 1791 consilium
2415 1725 2662 1787 inirent
2688 1722 2728 1787 :’

521 1831 628 1894 sin
661 1836 885 1894 autem
918 1830 1167 1895 fiducia
1192 1831 1327 1896 loci
1359 1840 1888 1914 perseverarent,
1922 1835 1941 1863 ‘
1963 1829 2228 1894 ostendi
2261 1849 2299 1892 a
2334 1836 2524 1909 tergo
2546 1823 2560 1849 '
2582 1826 2731 1911 jus-

521 1934 630 2010 sit,
678 1937 698 1965 ‘
722 1933 836 2015 qui
858 1939 1168 2016 ceperant
1199 1934 1551 1999 verticem.'
1610 1934 1717 1999 223.
1765 1932 2041 2017 Cophas
2072 1933 2413 1997 admissus
2444 1931 2728 1995 suadere

522 2036 736 2119 coepit
767 2034 1087 2115 Arimazi,
1139 2041 1158 2069 ‘
1182 2046 1436 2121 petram
1487 2037 1765 2115 tradere,
1804 2038 2088 2119 gratiam
2130 2037 2308 2116 regis
2352 2036 2619 2109 inituro,
2672 2034 2733 2096 si

524 2144 742 2202 tantas
789 2159 900 2203 res
948 2139 1325 2204 molientem
1367 2141 1435 2204 in
1475 2140 1678 2203 unius
1725 2141 1907 2223 rupis
1939 2138 2292 2202 obsidione
2322 2136 2566 2201 haerere
2597 2156 2730 2199 non

526 2240 901 2322 coegisset?
965 2241 1114 2320 Ille,
1135 2242 1424 2307 ferocius
1446 2241 1961 2325 superbiusque,
1988 2258 2188 2323 quam
2211 2244 2408 2302 antea
2435 2238 2729 2313 locutuS‚

527 2347 546 2375 ‘
576 2343 758 2407 abire
781 2343 798 2370 '
832 2343 1108 2429 Cophan
1117 2344 1335 2429 jubet.
1380 2346 1488 2410 24.
1523 2343 1617 2408 At
1634 2346 1693 2408 is
1712 2344 2109 2426 prehensum
2137 2361 2335 2405 manu
2366 2341 2723 2404 barbarum

526 2453 739 2531 rogat,
774 2453 792 2483 ‘
814 2452 884 2513 ut
916 2469 1141 2514 secum
1172 2457 1371 2515 extra
1403 2470 1678 2535 specum
1709 2447 1992 2533 prodeat
2011 2447 2052 2511 :'
2082 2466 2219 2531 quo
2248 2446 2598 2529 impetrato
2618 2446 2729 2529 ju·

527 2571 729 2616 venes
757 2552 826 2615 in
860 2553 1207 2616 cacumine
1240 2552 1558 2632 ostendit,
1589 2551 1875 2635 ejusque
1921 2550 2252 2633 superbiae
2283 2549 2461 2612 haud
2502 2549 2727 2611 imme-

527 2656 656 2718 rito
688 2655 997 2734 illudens,
1030 2660 1048 2688 ‘
1074 2656 1361 2739 pennas'
1408 2658 1505 2721 ait
1545 2660 1567 2690 ‘
1589 2657 1837 2720 habere
1869 2654 2117 2719 milites
2149 2651 2558 2718 Alexandri!
2617 2653 2723 2715 25.

598 2862 625 2896 ⁴
662 2864 819 2920 Quum
837 2866 895 2915 de
916 2868 1102 2915 illorum
1121 2874 1248 2918 sorte
1268 2868 1458 2918 unxim-

1457 3043 1824 3066 „mommo

541 3161 725 3211 XXX.
795 3161 944 3210 Voss.
969 3165 1019 3210 2.
1040 3164 1228 3212 ducenti
1248 3168 1295 3212 et
1319 3165 1504 3216 XXX.
1523 3164 1784 3215 interiisse.
1851 3165 2000 3212 Voss.
2024 3168 2068 3213 1.
2094 3169 2147 3212 et
2175 3161 2294 3212 Ald.
2315 3162 2552 3210 interisse.
2620 3161 2755 3213 Fra-⁴

534 3235 670 3276 rent.
695 3225 839 3274 Leid.
871 3227 1013 3275 Voss.
1035 3232 1083 3276 2.
1106 3228 1274 3290 Boug.
1292 3233 1337 3278 1.
1375 3230 1564 3279 Faucli.
1590 3237 1643 3278 et
1666 3231 1802 3278 Mer.
1822 3234 2084 3290 agnoscunt
2104 3244 2124 3285 ,⁰
2170 3229 2317 3277 Voss.
2343 3231 2388 3275 1.
2414 3227 2586 3290 Bong.
2610 3233 2657 3277 2.
2684 3236 2734 3278 et

534 3293 678 3342 Pith.
701 3294 1113 3342 “dinoscunt—20
1149 3294 1188 3341 F
1191 3295 1373 3343 loreut.
1398 3295 1544 3345 Leid.
1573 3296 1718 3344 Voss.
1743 3298 1790 3342 1.
1826 3295 1938 3343 Pal.
1964 3300 2011 3342 1.
2046 3295 2186 3343 Dan.
2219 3292 2341 3340 Ald.
2373 3293 2509 3341 Mer.
2532 3300 2590 3342 et
2613 3294 2729 3343 Bas.

533 3358 638 3407 vice
660 3372 837 3406 eorum.
890 3358 1041 3407 Voss‚
1066 3364 1115 3407 2.
1152 3359 1366 3408 solicitus
1386 3359 1663 3408 immiserat.
1730 3359 1854 3408 Ald.
1891 3360 2080 3408 intuens
2112 3358 2312 3407 resistit.
2379 3357 2525 3408 Pitb.
2546 3361 2730 3407 domum

534 3437 630 3486 pro
652 3425 852 3472 demum.
921 3423 1129 3472 Modius
1149 3425 1345 3474 omittit
1366 3426 1619 3474 oculorum.
1624 3427 1752 3472 -21
1790 3424 2016 3473 Florent.
2039 3422 2185 3472 Leid.
2206 3424 2352 3473 Voss,
2377 3427 2423 3471 1.
2460 3422 2611 3472 Frob.
2633 3424 2732 3470 Ve-

534 3496 644 3537 net.
670 3488 864 3537 Veron.
900 3488 1025 3538 Vet.
1049 3503 1131 3537 an.
1155 3492 1299 3538 1474.
1366 3489 1582 3538 Mediol.
1606 3487 1729 3540 Ald.
1756 3489 1926 3538 Colin.
1952 3489 2156 3552 Grypli.
2189 3488 2311 3537 Bas.
2352 3487 2467 3536 Col.
2502 3495 2555 3536 et
2597 3490 2728 3537 Mer.

533 3558 648 3602 tunc
668 3551 1005 3610 internitente5
1040 3554 1156 3603 Pal.
1181 3559 1226 3605 1.
1247 3554 1424 3617 Sigeb.
1448 3561 1505 3602 et
1526 3554 1692 3616 Bong.
1725 3558 1772 3603 1.
1807 3569 1932 3603 nunc
1952 3555 2297 3611 inter-nitent&
2328 3554 2591 3602 nonnunae
2614 3553 2728 3603 edd.

535 3633 567 3666 a
592 3617 734 3667 Mod.
759 3632 916 3681 usque
940 3617 1006 3667 ad
1043 3619 1274 3668 hreinsh.
1296 3617 1355 3666 τὸ
1387 3634 1512 3668 nunc
1537 3625 1756 3684 utroque
1786 3619 1900 3668 loco
1921 3618 2190 3680 omittunt,
2213 3625 2269 3666 et
2305 3632 2399 3680 pro
2431 3619 2616 3666 condito
2647 3619 2728 3667 ba·

537 3684 663 3731 bont
686 3682 900 3740 caudit&
956 3689 1011 3732 et
1034 3683 1111 3732 sic
1150 3684 1380 3733 Florent.
1406 3685 1555 3733 Leid.
1591 3692 1647 3733 et
1686 3685 1834 3734 Voss.
1862 3689 1907 3734 1.
1943 3684 2148 3733 condito.
2188 3684 2257 3733 Ue
2288 3683 2514 3746 liquidior
2543 3684 2654 3733 Pal.
2689 3688 2733 3732 1.

536 3748 750 3796 conditor
793 3754 845 3796 ut
890 3748 1117 3812 liquidior
1149 3749 1313 3810 Bong.
1363 3752 1407 3798 1.
1457 3750 1640 3798 conditi
1675 3763 1835 3798 rerum
1876 3750 2031 3798 Voss.
2071 3753 2121 3798 2.
2129 3752 2253 3797 -22
2292 3748 2541 3797 Nonnulli
2581 3749 2726 3798 codd.

537 3813 784 3862 omittunt
804 3814 931 3861 eoelo.
999 3813 1228 3863 Floreat.
1255 3812 1400 3862 Leid.
1421 3815 1572 3864 Voss.
1596 3820 1642 3864 1.
1665 3822 1720 3863 et
1744 3816 1852 3864 Elz.
1882 3815 2090 3877 Cophen.
2155 3814 2308 3862 Voss.
2328 3816 2378 3861 2.
2401 3818 2725 3868 tentaverunt,-

538 3877 685 3925 Leid.
710 3885 765 3926 et
789 3877 935 3927 Voss.
976 3882 1024 3926 1.
1057 3884 1418 3941 temptaverunt.
1485 3879 1626 3928 Pith.
1665 3879 1845 3929 inirent
1881 3880 2146 3928 consilium.
2148 3882 2277 3926 -23
2314 3878 2541 3927 Florem.
2584 3879 2728 3926 Leid.

536 3942 768 3989 voss.1.
807 3944 970 4006 Bong.
1007 3942 1094 3992 alii
1132 3945 1328 4007 Cophes.
1397 3945 1630 3994 Florent.
1664 3944 1812 3994 Leid.
1851 3945 2005 3994 Voss.
2037 3949 2087 3993 2.
2125 3944 2263 3992 Dan.
2313 3944 2503 3993 V.enet
2540 3943 2725 3992 Veron.

534 4005 656 4052 Vet.
683 4019 765 4052 an.
792 4010 935 4057 1474.
961 4008 1177 4057 Mediol.
1206 4008 1325 4059 Ald.
1348 4008 1515 4058 Colin.
1542 4018 1598 4058 et
1622 4008 1825 4073 Grypb.
1846 4009 2224 4066 adeo-smmum
2274 4007 2426 4056 Voss.
2451 4012 2497 4057 1.
2518 4009 2725 4057 amisum.

538 4071 771 4119 Florent.
797 4071 944 4120 Leid.
968 4080 1024 4121 et
1045 4073 1197 4123 Voss.
1226 4079 1271 4122 1.
1291 4075 1537 4124 Arumazi.
1603 4073 1767 4124 Amat.
1792 4077 2021 4125 traderet.
2087 4074 2322 4122 Florent.
2350 4073 2492 4123 Leid.
2514 4074 2654 4122 Voss.
2677 4077 2722 4120 l.

539 4140 588 4185 2.
622 4135 761 4182 Dan.
788 4143 840 4182 et
865 4134 1028 4199 Bong.
1050 4138 1259 4196 inituri,-
1293 4140 1345 4187 in
1367 4139 1539 4201 Bong.
1581 4145 1626 4189 1.
1668 4140 1782 4189 loco
1820 4141 1839 4188 i
1869 4140 2204 4189 substitutum
2237 4143 2287 4187 9.
2322 4145 2378 4186 ut
2413 4137 2480 4186 sit
2512 4138 2724 4187 initurus.

541 4200 774 4249 Freinsh.
802 4203 1028 4251 mavult.
1063 4206 1351 4266 traderetg.
1372 4219 1414 4253 r.
1435 4204 1658 4254 initurus.
1663 4208 1788 4254 -24
1824 4205 1968 4253 Leid.
1987 4207 2140 4253 Voss.
2160 4208 2207 4253 1.
2232 4212 2286 4252 et
2304 4202 2468 4267 Bong.
2485 4217 2722 4267 prensum:

541 4265 709 4326 Bong.
733 4268 779 4312 1.
800 4266 1153 4328 apprehensum.
1219 4269 1359 4318 Pith.
1382 4275 1524 4318 exeat
1540 4284 1744 4332 specum.
1811 4270 2039 4318 Florent.
2063 4268 2208 4318 Leid.
2231 4269 2379 4318 Voss.
2406 4272 2453 4317 1.
2475 4272 2522 4317 2.
2543 4268 2722 4317 Vener.

542 4328 665 4378 Ald.
704 4329 871 4380 Coliu.
908 4331 1111 4396 Grypb.
1150 4333 1305 4385 Frob.
1342 4334 1475 4384 Mer..
1513 4335 1624 4384 Col.
1665 4342 1720 4386 et
1758 4335 1882 4386 Bas.
1904 4334 2005 4395 eius
2022 4334 2269 4397 superbiet.
2337 4334 2564 4383 Florent.
2584 4330 2722 4382 Leid.
