2978 4933
2332 360 2452 426 261

275 517 432 582 inter
470 515 618 582 illas
663 523 899 601 gentes
940 516 1419 600 promtissimi3
1465 518 1747 584 horridis
1778 519 2119 602 ingeniis,⁰
2149 521 2464 586 multum-

271 640 397 706 que
426 639 465 685 a
494 619 856 685 Persarum
886 621 1055 684 luxu
1080 620 1634 704 abhorrentibus3
1682 622 1795 687 siti
1818 623 1994 687 haud
2022 623 2262 706 procul
2293 623 2466 708 Sey-

274 724 518 789 tbarum
557 724 1075 793 bellicosissima
1104 729 1321 806 gente,
1351 731 1420 816 et
1461 732 1660 809 rapto
1688 725 1918 791 vivere
1950 712 2241 791 assueti:
2289 732 2472 794 sem-·

275 846 505 911 perque
532 828 599 892 in
645 831 851 894 armis
896 836 1145 894 errant.
1232 830 1297 892 4.
1345 828 1478 894 Sed
1513 830 1772 894 Bessus
1802 834 2125 914 suspecta
2153 831 2460 915 perfidia,

272 930 437 996 haud
481 952 647 997 sane
704 952 906 1018 aequo
954 934 1182 999 animo
1232 934 1300 997 in
1353 934 1650 998 secundo
1693 954 1767 999 se
1808 936 2148 999 continens
2197 934 2461 1017 gradu,⁶

272 1053 473 1116 regem
509 1036 828 1100 terrebat:
871 1054 1026 1100 nam
1058 1055 1209 1100 eum
1242 1055 1511 1118 regnum
1563 1036 1929 1116 affectaret,
1975 1037 2292 1123 proditio,
2322 1057 2460 1122 qua

265 1135 406 1215 >sola
432 1137 501 1202 id
533 1139 808 1224 assequi
832 1144 1114 1225 poterat,
1135 1139 1516 1215 timebatur.
1605 1142 1666 1205 5.
1715 1140 2026 1206 Ceterum
2052 1137 2460 1220 Alexander,

271 1261 459 1324 quam
503 1242 835 1325 regionem
870 1243 1122 1308 Darius
1167 1242 1476 1327 petisset,
1528 1245 1711 1309 omni
1753 1265 1921 1309 cura
1972 1246 2327 1329 vestigans„
2359 1252 2462 1312 ta-

267 1365 402 1409 men
443 1346 797 1429 explorare
838 1367 968 1411 non
1012 1355 1316 1433 poterat:
1362 1368 1542 1414 more
1595 1350 1887 1435 quodam
1945 1348 2325 1431 Persarum,
2357 1369 2463 1415 ar-

270 1467 424 1513 cana
454 1469 680 1534 regum
729 1450 897 1515 mira
943 1453 1304 1517 celantium
1350 1453 1522 1521 fide:
1567 1454 1632 1520 6.
1663 1474 1802 1519 non
1841 1460 2087 1537 metuS,
2112 1473 2261 1545 ‚non
2303 1474 2461 1539 spes

269 1535 447 1617 eiieit
475 1573 736 1631 vocem,
759 1574 895 1637 qua
916 1555 1282 1638 prodantur
1306 1559 1612 1623 occulta:
1646 1564 1838 1622 vetus
1856 1558 2218 1642 disciplina
2237 1576 2464 1641 regum

267 1656 591 1722 silentium
612 1657 770 1724 vitae
794 1659 1099 1743 periculo
1124 1669 1450 1726 sanxerat
1461 1672 1505 1726 :⁶
1528 1661 1756 1744 lingua
1774 1662 2048 1745 gravius
2069 1662 2461 1744 castigatur,

266 1779 451 1843 quam
496 1761 708 1826 ullum
756 1763 1069 1847 probrum
1087 1765 1139 1846 ς’
1178 1785 1298 1829 nec
1328 1786 1639 1847 magnam
1670 1763 1851 1831 remb
1903 1764 2215 1830 sustineri
2250 1784 2460 1848 posse

266 1862 529 1930 credunt
576 1866 665 1929 ab
699 1885 807 1945 eo,
851 1867 963 1931 cui
1004 1875 1223 1933 tacere
1269 1889 1476 1953 grave
1507 1870 1636 1951 sit3
1686 1869 1868 1954 quod
1917 1869 2171 1933 homini
2215 1869 2462 1934 facilli-

264 1985 431 2031 mum
460 1969 763 2035 voluerit
807 1990 955 2057 esse
1005 1975 1265 2038 natura.
1354 1975 1418 2038 7.
1466 1971 1576 2038 Ob
1626 1973 1798 2038 hanc
1842 1992 2120 2039 causam
2148 1969 2459 2039 Alexan·

264 2067 367 2133 der
394 2073 712 2150 omnium,
742 2093 898 2156 quae
928 2074 1107 2157 apud
1154 2075 1413 2139 hostem
1460 2084 1855 2159 gererentur,
1899 2078 2196 2160 ignarus»,
2228 2078 2458 2142 urbem

264 2171 523 2239 Gazanc
572 2176 957 2245 obsidebat.
1048 2179 1349 2244 Praeerat
1404 2180 1466 2246 ei
1519 2180 1737 2257 Betis,
1796 2179 2066 2246 eximiae
2126 2180 2196 2244 in
2246 2200 2461 2265 regem

803 373 918 419 οι..
963 370 1152 419 oxu.
1199 356 1261 418 l.
1336 374 1409 422 A.
1458 372 1578 420 οη.
1625 372 1699 420 N.
1743 355 1896 423 332.

318 2363 340 2386 ⁰
370 2356 719 2419 Audaci-ssimi,
735 2357 893 2418 feroci
912 2358 1083 2408 indole.
1346 2358 1367 2391 ὃ
1400 2360 1462 2410 In
1480 2361 1578 2410 loco
1594 2364 1704 2424 post
1727 2359 1913 2423 Regem
1932 2359 2102 2422 primo.

317 2428 336 2453 ⁶
367 2424 582 2488 Antiquae
606 2437 772 2486 regum
792 2424 946 2474 edicta
965 2424 1345 2475 taciturnitatem
1364 2426 1607 2490 proposita
1626 2427 1796 2477 nwrtis
1813 2440 1953 2491 poena
1970 2425 2263 2477 indixerant.

315 2486 342 2520 ‘²
370 2489 578 2552 Linguoe
599 2491 882 2555 impotentia
901 2490 1107 2553 rigidius
1123 2492 1350 2555 plectitur
1370 2508 1511 2556 quam
1530 2495 1679 2543 ullum
1695 2494 1828 2543 aliud
1836 2492 2106 2557 flagitium.

1170 2620 1198 2639 Ο
1201 2620 1542 2642 omnm&

257 2701 372 2752 illas.
439 2702 562 2754 Ald.
584 2704 739 2753 Voss.
763 2708 808 2754 1.
830 2704 954 2753 Bas.
981 2703 1139 2753 Frob.
1165 2705 1304 2756 Mer.
1341 2712 1397 2755 et
1430 2705 1542 2755 Col.
1577 2705 1740 2769 procul
1766 2720 1816 2753 a.
1875 2705 2104 2755 Florent.
2138 2700 2286 2751 Leid.
2310 2700 2461 2753 Voss.

262 2771 304 2815 l.
327 2772 371 2817 2.
404 2768 601 2833 aliique
627 2771 856 2819 ‘ndsuetm
922 2770 1060 2818 Vide
1101 2770 1228 2821 Not.
1266 2772 1394 2821 Var.
1459 2772 1627 2829 Bona.
1663 2770 1862 2820 omittit
1897 2783 2196 2833 semperque,-
2231 2768 2463 2819 Florent.

260 2833 393 2883 Leid.
431 2842 489 2885 et
528 2836 688 2884 Voss.
708 2838 756 2883 2.
791 2842 993 2884 tantum
1030 2836 1280 2886 omittunt
1311 2834 1371 2885 τὸ
1391 2852 1496 2900 que.
1562 2836 1673 2885 Pro
1701 2841 1864 2885 errant
1887 2836 2116 2885 Florent.
2138 2829 2286 2883 Leid.
2313 2832 2466 2884 Voss.

260 2902 303 2947 1.
324 2902 369 2949 2.
404 2900 538 2950 Dan.
561 2909 622 2949 et
648 2900 765 2950 Pal.
790 2905 838 2950 1.
862 2906 1116 2951 erant.-4
1150 2901 1375 2951 Theocr.
1415 2906 1663 2966 suspectus
1695 2901 1928 2968 perfidiae.
1996 2900 2136 2949 Mer.
2175 2898 2373 2948 omittit
2411 2900 2465 2947 in

258 2967 458 3015 secundo.
525 2966 648 3015 Pal.
675 2970 722 3015 1.
748 2967 942 3014 omittit
962 2981 1013 3015 se
1045 2974 1169 3016 ante
1209 2968 1575 3017 continens—6
1608 2967 1725 3017 Pal.
1751 2973 1797 3019 1.
1829 2982 1922 3016 non
1961 2980 2066 3029 spes
2087 2980 2129 3015 e.
2254 2978 2319 3021 m,
2354 2978 2466 3027 qua,

257 3030 328 3091 &1:-
391 3032 535 3081 Dan.
566 3030 782 3095 periculo
811 3038 1021 3082 suxerat.
1088 3032 1235 3083 Leid.
1270 3047 1411 3096 quam
1446 3048 1496 3083 u.
1522 3033 1736 3096 probum.
1807 3032 2040 3082 Florent.
2070 3030 2216 3081 Lend.
2239 3029 2391 3078 Voss.
2416 3033 2467 3080 1.

258 3097 303 3144 2.
322 3096 484 3162 Bong.
512 3096 686 3146 Amst.
720 3103 777 3146 et
817 3097 984 3159 Lugd.
1017 3111 1117 3146 rem
1147 3098 1303 3160 magis
1324 3098 1570 3148 sustineri.
1638 3096 1772 3146 Vide
1796 3098 1923 3148 Not.
1943 3098 2070 3145 Var.
2135 3095 2253 3144 Pal.
2278 3099 2325 3142 1.
2358 3108 2466 3142 eum

259 3164 416 3211 tacere.
485 3163 643 3211 Voss.
668 3166 719 3212 2.
751 3161 901 3211 voluit
930 3176 1030 3211 esse
1063 3165 1369 3213 tanturm—'7‘
1390 3164 1612 3213 Theocr.
1644 3164 1770 3227 apud
1801 3163 1850 3212 Ιι.
1885 3162 2193 3226 gerebantur.
2261 3158 2459 3209 Omnes

259 3222 360 3275 fere
398 3226 523 3277 edd.
566 3234 694 3276 ante
732 3228 968 3276 Freinsh.
1008 3227 1193 3277 Gazam
1205 3244 1226 3288 ,-
1259 3243 1435 3278 omnes
1470 3242 1593 3278 vero
1624 3228 1781 3278 codd.
1818 3227 2006 3279 Gazara.
2063 3227 2297 3277 Florent.
2326 3226 2462 3274 Dan.

258 3288 363 3343 Psl.
387 3296 435 3342 1.
468 3293 623 3343 Leid.
646 3299 702 3342 et
727 3293 869 3341 Voss.
894 3296 942 3342 2.
1010 3293 1234 3343 Praei-at
1254 3294 1363 3344 urbi
1385 3294 1542 3344 Betis.
1610 3294 1746 3344 Edd.
1771 3301 1898 3343 vett.
1926 3300 2046 3342 ante
2068 3290 2298 3341 Freinsh.
2326 3289 2391 3339 Ρ.
2414 3289 2462 3338 ei

1250 3409 1301 3460 N
1309 3409 1463 3460 OTAE

317 3508 341 3544 b
358 3510 598 3572 Magnam
618 3507 742 3570 rem]
761 3510 775 3536 ·'
797 3507 882 3557 Ita
904 3512 1030 3571 puta
1048 3506 1317 3573 scripsisse

259 3585 524 3645 Curtium,’
548 3584 721 3651 inquit
744 3584 1074 3646 Gronovius3
1098 3587 1112 3615 ‘
1138 3600 1240 3635 non
1259 3593 1317 3636 ut

260 3666 449 3729 vulgati
483 3665 716 3715 habent:
765 3678 989 3725 meg-num
1029 3678 1129 3712 rem
1164 3664 1320 3726 magis

254 3744 487 3795 sustineri.
516 3744 710 3795 Glossa
721 3742 809 3791 τοῦ
820 3741 1049 3791 sustineri
1064 3739 1164 3792 fuit
1178 3742 1318 3799 olim,

260 3822 356 3880 agi.
421 3822 486 3871 ld
510 3835 634 3870 cum
667 3820 722 3868 in
746 3825 949 3868 textum
971 3817 1037 3867 ab
1060 3815 1316 3880 imperitis

259 3897 471 3949 librariis
505 3903 652 3948 esset
690 3898 927 3959 relatum,
946 3894 1132 3945 ascivit
1164 3909 1316 3944 unam

258 3975 543 4027 literam-ex
562 3987 694 4025 voce
708 3972 1063 4038 praecedente,
1079 3986 1235 4021 unam
1253 3986 1319 4021 ex

260 4052 627 4118 subsequente,
642 4057 698 4100 et
709 4049 903 4100 factum
927 4050 1029 4099 ita:
1050 4064 1151 4099 rem
1162 4048 1321 4111 magis

259 4129 493 4180 ausim-3.
561 4127 924 4190 Importunum
947 4123 1030 4175 hie
1055 4124 1121 4174 de
1147 4125 1319 4190 Magis

262 4206 394 4271 qnod
424 4203 737 4269 Rutgersius
762 4199 961 4252 voluit.'
1024 4199 1113 4250 Ita
1134 4200 1241 4251 ille·

319 4290 342 4320 ⁶
377 4281 574 4348 Gazam]
610 4280 745 4334 Haec
779 4279 872 4334 ilia
911 4276 1033 4335 urbs
1068 4284 1147 4340 est
1164 4278 1320 4335 toties

1397 3507 1448 3557 in
1473 3508 1645 3558 Sacris
1661 3506 1855 3557 Literis
1878 3510 2185 3568 memorata,
2201 3501 2462 3553 Samsonis

1397 3582 1718 3635 facinoribus
1733 3592 1788 3633 et
1801 3583 1951 3633 clade
1966 3581 2168 3630 nobilis.
2200 3580 2217 3609 ‘
2235 3577 2462 3642 Ultima,’

1398 3664 1568 3729 inquit
1592 3663 1863 3723 Arrianus,
1896 3661 1911 3688 ‘
1933 3676 1963 3711 e
1996 3657 2247 3709 Phoenice
2268 3657 2465 3723 AEgyp-

1399 3746 1508 3790 tum
1527 3742 1755 3805 petenti,
1765 3739 1827 3789 ad
1846 3737 2045 3788 initium
2068 3733 2356 3787 solitudinis
2376 3748 2468 3798 po·

1398 3820 1540 3884 sita,'
1556 3836 1673 3886 quoe
1690 3819 1812 3869 inde
1828 3818 1880 3867 in
1896 3817 2176 3881 AEgyptum
2195 3827 2357 3879 nsque
2373 3827 2466 3864 ex·

1398 3896 1648 3948 tenditur.
1683 3895 1809 3945 Eam
1827 3893 2059 3944 alluebat
2069 3892 2237 3941 Besor
2254 3888 2464 3956 fluvius,

1399 3974 1489 4039 qni
1536 3980 1591 4023 et
1633 3979 1837 4023 torrens
1886 3968 2100 4034 AEgypti
2155 3968 2465 4032 appellatus.

1399 4050 1558 4101 Gazae
1574 4065 1762 4100 nomen
1781 4047 2086 4113 imposuisse
2104 4045 2294 4095 dieitur
2312 4044 2466 4095 Cam-

1396 4127 1572 4192 byses,
1592 4126 1748 4192 quod,
1768 4125 2047 4190 AEgyptum
2073 4122 2328 4186 aditurus,
2351 4123 2465 4173 the·

1397 4218 1576 4255 sauros
1592 4204 1667 4255 ibi
1682 4216 1802 4255 suos
1819 4199 2036 4253 velutin
2057 4214 2179 4250 arce
2201 4198 2466 4264 deposuis-

1398 4286 1497 4336 set·
1563 4282 1580 4310 ‘
1605 4280 1803 4337 Gazam
1843 4278 1980 4331 enim
2013 4277 2191 4332 Persae
2225 4274 2463 4328 aerarium
