2978 4933
469 427 601 494 412
922 443 992 503 Q.
1038 439 1300 491 cunrn
1351 439 1534 491 nuri
1588 441 1729 490 mn.
1776 443 1847 491 v.
1893 443 2056 493 cnr.
2100 426 2205 495 13.

468 582 937 673 tique‘praeda,
984 606 1110 673 per
1145 586 1373 653 scelus
1417 587 1723 653 ultimum
1753 593 1968 673 parta,
2022 587 2249 671 sugam
2296 588 2667 656 intendunt.

472 692 579 759 18.
653 689 1038 756 Artabazus
1090 710 1247 754 cum
1297 693 1405 769 iis,
1460 690 1582 775 qui
1631 690 1917 773 imperio
1963 690 2313 775 parebant,
2378 691 2672 759 Graecis·

471 813 604 878 que
655 792 981 858 militibus
1014 792 1420 857 Parthienen
1439 802 1466 839 ⁸
1509 794 1803 877 petebat,
1850 795 2080 859 omnia
2118 795 2370 860 tutiora
2396 795 2675 880 parrici-

470 896 704 962 darum
735 896 1039 961 contuitu
1057 901 1265 961 ratus.
1339 895 1448 960 19.
1493 894 1748 974 Persae,
1778 895 2133 979 promissis
2164 897 2368 962 Bessi
2397 897 2678 975 onerati,

469 998 765 1065 maxime
794 998 952 1082 quia
973 1016 1174 1061 nemo
1214 995 1390 1062 alins
1437 1002 1606 1075 erat,
1638 1017 1836 1082 quem
1869 1003 2318 1082 sequerentur,
2348 1000 2675 1084 conjunx-

470 1121 582 1168 ere
633 1120 709 1166 se
753 1098 1160 1179 Bactrianis,
1188 1119 1429 1183 agmen
1479 1121 1715 1166 eorum
1762 1100 1965 1167 tertio
2015 1102 2315 1167 assecuti
2343 1101 2474 1166 die.
2564 1096 2669 1164 20.

470 1205 584 1273 Ne
635 1211 860 1271 tamen
905 1204 1127 1269 honos
1174 1204 1316 1289 regi
1359 1223 1497 1270 non
1539 1205 1916 1284 haberetur,
1964 1204 2185 1270 aureis
2226 1204 2672 1289 compedibus

470 1294 759 1375 Darium
803 1307 1131 1388 vinciunt,
1160 1327 1343 1373 nova
1391 1309 1687 1375 ludibria
1738 1309 2024 1375 subinde
2073 1309 2495 1393 excogitante
2542 1307 2675 1372 for·

451 1398 653 1478 tuna.
741 1411 832 1477 Et
874 1431 959 1477 ne
1005 1410 1172 1478 forte
1203 1412 1386 1477 cultu
1413 1412 1599 1496 regio
1629 1418 1869 1498 posset
1897 1412 2195 1497 agnosci,
2227 1411 2519 1477 sordidis
2543 1411 2675 1495 pel-

468 1513 654 1580 libus
704 1514 1091 1581 vehiculum
1141 1516 1569 1582 intexerant:
1630 1515 1843 1599 ignoti
1884 1514 2186 1600 jumenta
2235 1515 2546 1598 agebant,
2596 1530 2673 1578 ne

473 1619 1027 1703 percontantibus
1056 1619 1125 1685 in
1168 1619 1432 1704 agmine
1460 1619 1821 1686 monstrari
1848 1626 2119 1704 posset:
2166 1615 2492 1683 custodes
2521 1630 2671 1701 pro*

474 1723 585 1788 cul
612 1723 1079 1806 sequebantur.

567 1840 744 1891 xm.
788 1826 852 1891 1.
896 1826 1307 1901 Alexander,
1341 1827 1578 1894 audito
1609 1825 1893 1893 Darium
1919 1825 2218 1893 movisse
2251 1824 2338 1888 ab
2383 1821 2674 1887 Ecbata-

475 1929 646 2008 nisf·
693 1930 951 1996 omisso
1011 1931 1297 2010 itinere,⁸
1364 1931 1553 2017 quod
1609 1932 1890 2017 patebat
1932 1930 2003 1995 in
2054 1927 2376 2007 Mediam,
2422 1922 2673 2009 fugien-

540 2134 568 2158 ⁶
605 2127 699 2178 Ubi
720 2129 993 2180 nuntiatum
1013 2134 1085 2180 est
1112 2128 1325 2181 Darium
1352 2129 1612 2179 Ecbatanis
1632 2127 1918 2179 discessisse.

1401 2274 1772 2298 “OOOONOOOO

476 2375 630 2425 Voss.
655 2379 704 2425 1.
723 2379 774 2426 2.
795 2382 854 2426 et
876 2377 1047 2440 Bong.
1070 2376 1179 2426 belli
1189 2375 1454 2436 jura—18
1486 2377 1721 2429 Florem.
1747 2375 1899 2427 Leid.
1920 2376 2071 2425 Voss.
2093 2378 2139 2425 1.
2157 2376 2206 2423 2.
2230 2379 2284 2423 et
2306 2372 2476 2435 Bong.
2500 2368 2563 2420 Δ.
2580 2384 2679 2418 cm
2734 2378 2739 2385 ·

477 2438 570 2490 his.
635 2440 790 2490 Voss.
813 2445 864 2491 2.
887 2442 970 2506 qni
992 2442 1029 2492 i.
1053 2442 1298 2505 parabant.
1365 2442 1564 2508 Vulgg.
1599 2442 1942 2500 Parthienem3
1996 2439 2114 2491 Pal.
2155 2443 2201 2489 l.
2233 2437 2400 2502 Lngd.
2432 2444 2490 2487 et
2521 2437 2682 2498 Bong.

479 2504 796 2563 Parliffllemf
847 2507 990 2557 Pith.
1012 2507 1383 2572 Sparthienens3
1433 2510 1589 2559 Voss.
1610 2514 1660 2560 2.
1683 2508 1973 2565 Parthium5
2022 2504 2169 2555 Leid.
2191 2504 2426 2554 Florent.
2451 2509 2507 2551 et
2529 2502 2678 2550 Voss.

479 2573 527 2619 1.
549 2570 863 2622 Parthienen.
927 2572 1158 2623 Floreat.
1200 2572 1344 2624 Leid.
1369 2573 1523 2623 Voss.
1559 2577 1607 2624 1.
1644 2588 1701 2624 et
1742 2574 1886 2623 Dan.
1922 2573 2188 2621 counitum
2224 2575 2363 2619 ratas
2376 2583 2398 2626 ‚·
2443 2569 2597 2616 Voss.
2633 2571 2679 2614 2.

475 2636 692 2690 miiaiin
711 2642 1027 2701 repense-19
1059 2638 1205 2689 Pith.
1251 2639 1389 2689 Bessi
1422 2639 1789 2690 honerati—20
1822 2637 1973 2689 Idem
2010 2636 2208 2687 codex:
2247 2630 2680 2683 subinde-ludibria.

476 2699 649 2750 Amet.
669 2704 909 2763 munte
917 2702 1139 2765 fortuna.
1210 2705 1324 2756 Pal.
1343 2709 1395 2755 l.
1422 2705 1504 2755 Ne
1513 2704 1651 2767 forte
1671 2706 1822 2768 cuuis,
1847 2704 2035 2755 omisso
2070 2702 2152 2751 Ee.
2203 2700 2393 2751 Multa!
2415 2698 2536 2748 edd.
2559 2700 2684 2748 vett·

483 2772 605 2815 ante
628 2767 863 2819 Freinsh.
881 2769 1315 2831 percunctantibus.

545 2834 571 2879 1
608 2831 839 2883 Florent.
862 2833 1007 2883 Leid.
1052 2834 1207 2884 Voss.
1231 2840 1279 2887 1.
1300 2841 1356 2884 et
1379 2835 1548 2899 Bong.
1570 2839 1619 2887 l.
1641 2838 1693 2884 2.
1716 2833 1777 2883 ab
1802 2830 2147 2889 Haecbatanisg
2200 2830 2352 2879 Voss.
2371 2831 2425 2877 2.
2457 2843 2490 2877 α
2515 2825 2683 2877 Batri-

477 2895 619 2954 nnis5
672 2897 788 2947 Pal.
813 2902 858 2947 1.
879 2907 936 2946 et
958 2898 1077 2948 Alci.
1096 2916 1127 2950 a
1147 2899 1457 2959 Bactriani&
1511 2901 1656 2951 Pith.
1674 2908 1731 2950 et
1750 2900 1866 2950 Col.
1887 2913 1918 2946 a
1935 2897 2168 2953 Manis,-
2222 2894 2379 2945 Frob.
2394 2891 2657 2942 Ecbatanis
2666 2906 2687 2949 ,⁶

475 2960 675 3011 Fauch·
695 2961 756 3012 ab
780 2963 1105 3021 Ecbatlmnis3
1161 2966 1282 3015 Bas.
1307 2965 1532 3015 Batavis.
1587 2965 1827 3015 Florent.
1851 2962 2003 3013 Leid.
2024 2963 2174 3012 Voss.
2194 2965 2245 3011 2.
2267 2960 2382 3008 Pal.
2404 2962 2454 3008 1.
2480 2958 2579 3007 Ed.
2609 2971 2682 3021 pr.

477 3024 697 3077 Venett.
722 3027 870 3077 Rom.
894 3029 1110 3084 Mediol.
1130 3030 1255 3079 Vet.
1281 3044 1365 3080 an·
1396 3035 1542 3081 1474.
1579 3031 1777 3080 Veron.
1805 3029 1960 3081 Junt.
1992 3026 2113 3076 Ald.
2141 3027 2308 3077 Colin.
2341 3023 2544 3088 Gryph.
2570 3024 2686 3072 Bas.

480 3088 595 3138 Col.
617 3091 774 3141 Frob.
798 3098 854 3142 et
876 3094 1011 3141 Mer.
1028 3096 1220 3157 petebat
1232 3110 1253 3153 ,-
1286 3094 1406 3145 edd.
1429 3111 1459 3145 a
1483 3096 1684 3159 Medio,
1699 3094 1917 3159 patebat.
1985 3093 2218 3143 Freinsh.
2239 3091 2437 3141 mavult
2455 3088 2689 3153 parabat,-

476 3153 808 3206 Schefferns:
843 3158 1011 3207 omisso
1032 3159 1224 3221 itinere,
1245 3175 1333 3223 qno
1351 3162 1564 3224 petebat,
1585 3175 1658 3212 sc.
1680 3161 1922 3221 Darium,
1939 3158 1994 3207 in
2015 3157 2248 3207 Mediam.
2313 3159 2330 3185 ‘
2351 3154 2471 3205 Non
2490 3153 2686 3213 dubito,

476 3219 601 3284 quin
619 3221 731 3273 haec
749 3221 1000 3273 Historiae
1019 3224 1185 3274 Curtii
1208 3234 1263 3275 et
1287 3225 1500 3276 Arriani
1530 3240 1743 3291 prorsus
1764 3227 2054 3288 incongrua
2074 3223 2239 3272 verba
2259 3235 2459 3270 merum
2494 3220 2682 3283 glosse-

476 3298 564 3336 ma
586 3286 707 3336 sint·
773 3288 1072 3338 Alexander
1101 3290 1252 3338 enim=
1284 3292 1500 3348 Darium
1540 3294 1818 3358 insequens
1849 3289 2066 3354 jamjam
2099 3289 2151 3337 in
2188 3288 2305 3352 ipsa
2339 3285 2520 3335 Media
2557 3289 2684 3334 erat.

477 3348 620 3401 Vide
643 3354 788 3405 Curt.
811 3368 867 3405 v.
884 3358 934 3404 7.
956 3360 1035 3405 12.
1067 3361 1123 3404 et
1146 3353 1356 3406 Arrian-
1380 3367 1469 3406 ιιι.
1494 3362 1575 3408 19.
1600 3362 1681 3408 10.
1747 3356 2031 3413 Ecbatana,
2055 3361 2216 3418 caput
2234 3351 2448 3413 Media»,
2469 3349 2684 3409 adierat,

476 3413 706 3484 indeque
717 3419 775 3470 in
799 3421 1017 3470 Darium
1035 3421 1260 3472 *ulterius
1281 3430 1536 3476 moverat.
1603 3424 1849 3476 Quonam
1873 3422 2037 3485 igitur
2060 3418 2217 3469 modo
2239 3416 2549 3468 Alexander
2568 3415 2683 3476 iter,

1480 3537 1700 3588 NOTAE
1747 3565 1753 3574 ·

435 3629 438 3632 ’
537 3633 565 3673 ⁸
598 3630 915 3696 Parthienen]
947 3631 1029 3682 De
1052 3631 1443 3685 Parthieuelib.
1464 3647 1544 3683 vr.
1626 3633 1853 3684 sentitur
1876 3631 2196 3683 Sehikardus
2231 3630 2284 3680 in
2311 3621 2478 3694 Tar-ik,
2498 3628 2687 3681 Memb.

474 3722 592 3773 cap.
621 3713 670 3759 2.
704 3711 848 3775 atqui
873 3710 1184 3773 jamdudum
1222 3709 1545 3761 Parthienen
1623 3717 1675 3762 6.

471 3786 694 3848 ingressi
726 3793 877 3836 erant
914 3792 1190 3851 antequam
1222 3788 1410 3837 Darius
1436 3788 1544 3838 vin-
1690 3797 1715 3824 ⁸
1739 3788 1925 3838 Omissa
1940 3785 2139 3850 itinere]
2165 3784 2430 3847 Arrianus,
2454 3784 2536 3834 cni
2557 3782 2687 3833 haud

470 3861 683 3914 ciretnr.
751 3863 832 3913 Ex
874 3861 1100 3915 Arriano
1138 3866 1331 3930 qnippe
1356 3865 1545 3916 intelli·
1624 3867 1779 3930 paulo
1816 3866 1932 3930 plus
1966 3863 2193 3914 debetur
2224 3862 2372 3924 fidei,
2404 3876 2508 3911 non
2542 3862 2689 3912 modo

472 3940 639 4005 gimus
655 3953 755 3992 non
775 3940 919 4004 prius
935 3940 1230 4006 conjectum
1250 3943 1302 3993 iu
1319 3943 1544 4006 vincula,
1625 3942 1917 4007 ingressum
1963 3941 2016 3990 in
2062 3940 2295 3990 Mediam
2338 3938 2689 3990 Alexandrum

470 4020 627 4082 quam
650 4015 867 4081 Caspias
901 4004 1087 4081 -por‘tas
1121 4020 1417 4084 transisset,
1448 4020 1577 4086 per*
1624 4019 1979 4084 scribit‚quod
1997 4019 2110 4082 ipse
2132 4016 2344 4068 Curtius
2358 4031 2517 4081 snpra
2529 4019 2691 4081 scrip-

473 4106 605 4157 quas
625 4106 657 4141 e
677 4090 857 4142 Media
890 4093 941 4142 in
977 4095 1299 4146 Parthienen
1333 4099 1546 4147 exitur:
1627 4106 1788 4161 serat,
1809 4114 1926 4163 cap.
1944 4103 1995 4148 7.
2016 4098 2108 4147 sed
2142 4097 2297 4147 etiam
2318 4087 2589 4147 Ecbatana
2611 4085 2690 4144 ire-

476 4176 588 4224 tnm
611 4183 678 4219 ex
699 4168 1011 4240 ,Iustino-lib.
1031 4184 1110 4222 xr.
1132 4179 1339 4225 constat
1361 4174 1411 4223 iu
1430 4175 1547 4224 vico
1627 4177 1785 4232 nisse,
1831 4190 2000 4239 eoque
2046 4173 2321 4238 pecuniam
2377 4188 2578 4224 omnem
2624 4187 2686 4222 ex

484 4245 798 4300 Parthorum
842 4247 1014 4298 Thara
1064 4249 1289 4303 vinctum
1331 4252 1548 4302 Darium
1628 4254 1847 4305 Perside
1871 4253 2089 4305 convehi
2111 4253 2349 4318 jussisse,
2386 4251 2509 4303 inde
2537 4253 2686 4303 Thes-

479 4320 663 4374 fuisse.
723 4324 835 4377 Etsi
860 4324 927 4376 de
961 4325 1061 4377 vici
1092 4328 1301 4380 nomine
1337 4344 1437 4380 nou
1473 4346 1551 4380 as·
1629 4333 1765 4382 salos
1791 4328 2291 4393 domum-remisisse,
2315 4331 2414 4379 διο.
