2978 4933
817 416 936 464 οι..
1000 414 1188 464 oxu.
1232 398 1297 462 3.
1338 386 1436 461 Ἀ.
1487 414 1607 465 cu,
1658 414 1732 460 N.
1778 397 1934 464 330.
2351 401 2481 464 515

271 584 427 646 quae
459 563 700 627 factam
747 561 1022 645 probari
1069 580 1203 624 non
1251 565 1582 643 poterant,
1636 580 1722 625 an
1772 558 1962 624 falsis
2008 564 2479 627 tormentorum

272 667 533 749 petierit
577 665 819 742 finem‚⁸'
878 684 946 728 re
1005 683 1273 748 quoque
1323 664 1605 739 recenti,
1662 683 1815 726 cum
1870 664 2082 744 magis
2125 667 2344 747 possit
2399 667 2482 729 li-

275 788 505 852 quere,
559 767 939 833 dubitatum
990 777 1119 830 est.
1208 767 1315 831 35.
1361 766 1770 845 Alexander,
1802 787 1978 852 quos
2012 777 2285 832 mortem
2320 767 2482 833 Par-

273 867 609 936 menionis
640 877 1047 954 conquestos
1078 890 1229 934 esse
1259 878 1697 953 compererat,
1731 872 2148 957 separandos
2180 892 2222 935 a
2253 877 2481 935 cetero

271 976 579 1039 exercitu
611 980 818 1052 ratuS,
868 974 937 1037 in
981 994 1187 1039 unam
1235 974 1573 1040 cohortem
1625 977 1929 1054 secrevit,
1958 975 2332 1059 ducemque
2373 975 2481 1039 his

274 1076 644 1141 Leonidam
673 1076 879 1153 dedit,
914 1081 984 1141 et
1012 1077 1235 1160 ipsum
1258 1077 1693 1152 ,Parmenioni
1740 1078 2075 1162 quondam
2119 1078 2358 1142 intima
2381 1079 2484 1141 fa-

268 1180 657 1244 miliaritate
688 1178 1133 1263 conjunctum.
1221 1179 1328 1243 36.
1379 1179 1549 1243 Fere
1594 1179 1796 1245 iidem
1851 1185 2062 1259 erant,
2105 1200 2279 1264 quos
2313 1182 2480 1244 alio-

274 1285 395 1365 qui
425 1302 543 1347 rex
567 1282 890 1347 habuerat
918 1284 1223 1349 invisos:
1269 1304 1426 1350 nam
1456 1304 1612 1348 cum
1639 1285 1931 1369 experiri
1960 1284 2164 1349 vellet
2192 1285 2482 1350 militum

278 1387 559 1463 animOS,
625 1385 997 1463 admonuit,
1043 1392 1064 1420 ‘
1095 1388 1211 1472 qui
1262 1387 1494 1453 literas
1544 1389 1611 1452 in
1655 1388 2125 1453 Macedoniam
2181 1388 2265 1453 ad
2321 1406 2480 1452 suos

276 1490 685 1571 scripsisset,
731 1489 841 1566 iis,
871 1509 1041 1572 quos
1070 1490 1218 1575 ipse
1251 1491 1580 1569 mittebat,
1615 1492 1963 1574 perlaturis
1996 1511 2150 1557 cum
2181 1490 2310 1555 fide
2348 1499 2499 1554 tra-.

275 1592 499 1657 deret.’
576 1592 988 1675 Simpliciter
1018 1594 1103 1658 ad
1136 1594 1559 1660 necessarios
1585 1614 1748 1659 suos
1780 1597 2063 1678 quisque
2094 1594 2481 1676 scripserat,

273 1715 430 1777 quae
462 1696 820 1761 sentiebat:
867 1696 1019 1762 aliis
1051 1698 1270 1779 gravis
1301 1703 1462 1772 erat,
1493 1698 1834 1780 plerisque
1863 1717 1996 1760 non
2020 1698 2280 1779 ingrata
2310 1698 2482 1761 mili·
2578 1687 2583 1693 ’

274 1799 393 1861 tia.
479 1800 591 1864 37.
638 1798 751 1864 Ita
796 1805 863 1864 et
907 1800 1237 1883 agentium
1282 1800 1553 1883 gratIaS,
1588 1806 1656 1865 et
1684 1800 2096 1883 querentium
2125 1799 2336 1865 literae
2366 1820 2484 1864 ex-

274 1909 498 1985 ceptae
528 1908 703 1966 sunt.
791 1902 908 1986 [Et
952 1905 1072 1985 qui
1103 1904 1279 1969 forte
1308 1903 1580 1967 taedium
1611 1903 1864 1967 laboris
1888 1922 2010 1985 per
2039 1902 2270 1967 literas
2301 1911 2484 1966 erant
2551 1976 2554 1979 ⁴

274 2004 548 2089 questi]
597 2008 618 2039 ‘
641 2004 848 2070 Hanc
893 2026 1199 2071 seorsum
1232 2009 1574 2072 cohortem
1606 2028 1650 2071 a
1681 2005 1918 2071 ceteris
1960 2004 2263 2077 tenderes·
2293 2006 2481 2087 igno-

273 2108 501 2174 miniae
533 2126 742 2174 causa
764 2108 781 2132 '
800 2109 1033 2192 jubet:
1067 2110 1456 2176 fortitudine
1492 2130 1737 2175 usurus
1768 2111 1839 2177 in
1867 2109 2081 2186 be1103
2108 2107 2480 2174 libertatem

273 2213 520 2293 linguae
552 2213 640 2276 ab
666 2213 943 2277 auribus
974 2215 1271 2280 credulis
1301 2222 1692 2280 remoturus.
1780 2214 1870 2278 Et
1901 2210 2255 2278 consilium
2285 2219 2487 2276 terne-

273 2316 525 2377 ratium
554 2314 859 2395 forsitan,
889 2317 1173 2401 (quippe
1203 2317 1554 2381 fortissimi
1575 2317 1861 2403 juvenes
1888 2312 2310 2379 contumeliis
2340 2314 2483 2377 irri-

277 2420 402 2483 tati
434 2417 677 2503 erant,)
727 2420 902 2486 sicut
929 2421 1149 2487 omnia
1196 2423 1352 2502 alia,
1406 2422 1699 2488 felicitas
1743 2421 1916 2504 regis
1963 2411 2289 2502 excepit!
2375 2417 2480 2483 38.

339 2629 356 2702 ἦ
387 2633 466 2680 An
487 2633 623 2693 falsa
655 2635 918 2700 confitendo
952 2634 1196 2697 quaesierit
1214 2634 1367 2699 finem
1399 2634 1706 2685 cruciatuum.

331 2706 355 2737 1
388 2698 661 2760 Separatim
692 2715 723 2749 α
753 2702 951 2764 reliquis
983 2700 1287 2752 tabernacula
1318 2714 1403 2748 sua
1433 2715 1624 2762 ponere.
1961 2699 1987 2732 ¹²
2023 2697 2328 2749 Emendat-it.

1195 2862 1222 2889 q
1226 2861 1558 2885 eeeeeeeee

275 2991 385 3038 «μω
407 2975 552 3034 facta
584 2978 890 3042 comprobari.
960 2977 1103 3027 Pith.
1145 2983 1491 3028 tormentorum
1523 2977 1825 3028 cmciatibm.
1892 2977 2031 3028 Pith.
2063 2979 2228 3040 Bong.
2265 2981 2314 3028 2.
2349 2978 2484 3029 Dan.

276 3042 512 3091 Florent.
543 3042 690 3092 Leid.
716 3050 772 3092 et
792 3043 941 3093 Voss.
967 3049 1011 3093 1.
1038 3043 1225 3105 magnis
1250 3059 1341 3107 pro
1359 3044 1534 3104 magis.
1597 3044 1752 3093 Voss.
1772 3048 1822 3093 2.
1847 3043 2040 3093 omittit
2061 3048 2233 3105 posset.
2303 3042 2416 3091 Pal.
2436 3046 2484 3091 1.

274 3107 569 3169 relinquam
616 3109 769 3157 Voss·
792 3112 842 3157 2.
866 3109 1242 3173 linqueret.——35
1280 3109 1510 3158 Floreat.
1541 3109 1689 3158 Leid.
1726 3109 1872 3158 Voss·
1900 3113 1943 3157 1.
1962 3113 2011 3158 2.
2035 3117 2093 3158 et
2117 3109 2260 3157 Mod.
2293 3124 2406 3171 quos
2429 3109 2487 3156 li-

276 3171 384 3220 bere
405 3177 619 3222 ntortem.
689 3172 802 3227 Pal.
824 3177 873 3223 1.
906 3176 1165 3236 separando
1186 3189 1216 3222 a
1239 3174 1544 3224 ceterive-36
1580 3175 1808 3225 Floreat.
1835 3175 1981 3225 Leid.
2013 3175 2160 3223 Voss.
2198 3179 2244 3223 1.
2287 3182 2341 3222 et
2366 3174 2480 3220 Pal.

275 3235 401 3284 idem
422 3243 596 3295 eruum
652 3237 808 3288 Voss·
832 3243 880 3287 2.
901 3239 1025 3287 idem
1048 3244 1229 3288 errant.
1303 3239 1450 3288 Leid.
1488 3241 1608 3302 quod
1646 3239 1837 3303 alioqui.
1902 3240 2018 3288 Pal.
2045 3240 2092 3288 Ι.
2127 3254 2204 3289 res
2241 3239 2484 3286 habuerat.

280 3301 432 3351 Voss,
447 3306 495 3350 2.
516 3303 721 3351 militum
738 3304 919 3352 animos
940 3306 1094 3353 vellet.
1130 3303 1276 3353 Leid.
1295 3305 1446 3354 Voss.
1465 3308 1516 3355 2.
1539 3307 1761 3367 Bong.l.
1782 3306 1919 3361 Dan.
1937 3313 1992 3354 et
2014 3305 2148 3353 Pan.
2173 3319 2220 3351 ο.
2244 3303 2485 3360 αάηιουίις

276 3365 449 3430 Bong.
472 3370 521 3414 2.
545 3374 600 3416 et
622 3369 770 3416 Voss.
790 3373 839 3419 1.
871 3370 1134 3425 atnmnvim
1186 3370 1349 3416 ceteri
1372 3369 1636 3426 admonuit,
1666 3369 1746 3417 vel
1770 3370 1998 3418 adtribuit.
2067 3368 2296 3417 Florent.
2335 3367 2485 3416 Leid.

278 3432 432 3481 Voss.
448 3435 496 3481 1.
517 3437 565 3483 2.
608 3433 739 3481 Dan.
761 3433 877 3482 Pal.
906 3439 950 3483 l.
989 3441 1045 3482 et
1078 3434 1246 3496 Bong.
1268 3434 1312 3481 si
1336 3447 1429 3496 pro
1452 3434 1514 3482 iis
1529 3451 1549 3491 ,·
1600 3433 1733 3482 Mer.
1757 3434 1850 3483 his.
1919 3434 2084 3493 Bong.
2124 3448 2239 3497 quos
2260 3433 2359 3495 ipse
2378 3444 2489 3493 pet*

275 3496 515 3545 mittebat.
581 3498 815 3548 Florent.
840 3498 982 3547 Leid.
1002 3499 1154 3548 VosS.
1181 3501 1228 3548 1.
1262 3511 1316 3547 ct
1351 3498 1485 3548 Dan.
1505 3500 1770 3560 perlaturos
1791 3498 1988 3563 confide,
2023 3512 2281 3560 suprascr.
2309 3504 2483 3546 tamen

277 3578 343 3619 u;
380 3562 524 3612 Voss,
546 3568 595 3611 2.
626 3573 682 3612 et
703 3564 874 3625 Bong.
898 3565 1170 3627 perlaturus
1190 3579 1292 3612 cum
1318 3562 1441 3627 fide.
1514 3562 1657 3612 Mod.
1695 3579 1801 3626 quoe
1838 3563 2254 3612 &titulatura-37
2294 3563 2404 3611 Pal.
2434 3566 2477 3609 l.

280 3629 363 3676 Ita
384 3632 460 3676 ut.
531 3629 755 3678 Florent.
777 3629 924 3679 Leid.
948 3639 1003 3678 et
1022 3631 1190 3692 Bong.
1214 3633 1409 3692 excepta
1421 3646 1441 3687 ,·
1494 3629 1648 3676 Voss„
1668 3633 1716 3678 2.
1733 3634 1846 3678 sunt
1866 3633 2089 3692 excepta.
2156 3628 2323 3677 Paulo
2345 3635 2485 3690 post,

282 3693 518 3742 Florent.
541 3693 686 3744 Leid.
712 3694 864 3743 Voss.
890 3698 935 3745 1.
960 3699 1011 3742 2.
1046 3695 1183 3743 Dan.
1220 3704 1274 3743 et
1300 3695 1469 3756 Bong.
1492 3708 1697 3742 seorsus.
1731 3695 1746 3722 ‘
1767 3695 1813 3743 E
1836 3696 2140 3756 glossa-esse
2163 3694 2307 3743 liaec:
2349 3694 2416 3741 Et
2438 3708 2484 3755 q.

266 3759 323 3820 s.
349 3764 386 3808 t.
411 3760 443 3807 l.
462 3775 512 3822 p.
536 3761 570 3809 l.
590 3775 633 3808 e.
658 3760 832 3823 questi,
869 3766 1016 3809 recte
1039 3759 1169 3809 vidit
1193 3757 1500 3808 Acidalius.’
1537 3759 1841 3810 Schmieden
1893 3760 2103 3811 Desunt
2127 3759 2179 3807 in
2203 3758 2321 3806 edd.
2345 3758 2484 3806 Teu.

282 3833 338 3873 et
364 3823 538 3873 Maitt.
607 3826 756 3874 Voss,
780 3829 827 3874 2.
851 3824 1350 3885 fortissimosjuvenes
1365 3841 1384 3882 ,·
1420 3825 1535 3873 Pal.
1561 3825 1883 3884 bsai-tissimi
1905 3825 2125 3874 hanzines.
2191 3821 2339 3873 Voss,
2364 3827 2410 3871 1.
2430 3830 2487 3873 et

280 3889 428 3938 Mod.
466 3891 780 3949 contumelia;
831 3890 983 3939 Vos&
1017 3894 1063 3942 1.
1096 3891 1392 3941 contumeliis
1428 3890 1734 3940 inrae'taverat.
1803 3891 1915 3939 Elz.
1951 3899 2006 3939 et
2044 3891 2158 3938 aliae
2195 3889 2317 3938 edd.
2361 3898 2484 3938 ante

1269 4039 1482 4089 NOTAE

348 4157 385 4184 ¹²¹
422 4151 714 4216 Quoefacta]
750 4153 881 4205 Quae
906 4155 1047 4205 nullo
1072 4155 1172 4204 alio
1193 4155 1342 4205 testi·
1425 4168 1552 4219 quos
1594 4154 1730 4203 solos
1773 4151 1936 4203 fuisse
1977 4154 2211 4203 conscios
2252 4151 2486 4213 Philotan

282 4229 454 4278 monio
491 4228 787 4280 confirmari
821 4238 1083 4295 poterant,
1121 4232 1342 4296 Hegelo-
1425 4231 1588 4282 fassus
1611 4238 1726 4281 erat
1751 4231 1839 4281 lib.
1860 4243 1940 4282 vr.
1964 4245 2081 4296 cap.
2112 4235 2190 4281 11.

281 4307 379 4357 cho
424 4314 643 4368 mortno,
690 4307 908 4359 absente
963 4309 1355 4370 Parmenione;v
