2978 4933
501 401 638 467 422
736 413 1244 466 ramusnmuu
1278 412 1543 463 surm..
1576 411 1658 462 IN
1694 414 1765 475 o.
1798 412 2063 463 cumn
2101 413 2281 464 amu
2318 415 2463 463 mn.
2495 416 2603 466 vl.

505 565 687 622 runt.‘⁵
748 563 808 621 8.
842 558 1153 639 Antipater
1173 577 1245 619 ea
1264 577 1327 618 re
1350 567 1655 638 comperta
1677 558 1900 619 bellum
1919 558 1979 618 in
1997 559 2270 630 Thracia,
2288 560 2498 640 quibus
2516 571 2707 638 potest

506 658 943 720 conditionibus
972 657 1311 738 componit;
1337 657 1671 738 raptimque
1694 656 1755 715 in
1789 657 2086 718 Graeciam
2115 677 2443 737 regressuS,
2471 659 2544 717 ab
2567 654 2705 717 ami-

508 757 594 818 cis
625 755 921 835 sociisque
963 754 1301 815 civitatibus
1342 755 1560 815 auxilia
1587 756 1771 834 cogit.
1856 756 2088 824 Quibus
2118 755 2610 816 convenientibus
2638 755 2710 815 ad

508 853 904 933 quadraginta
955 862 1353 933 pugnatorum
1399 851 1586 912 millia
1638 852 1957 914 recensuit.
2043 855 2101 913 9.
2145 853 2486 912 Advenerat
2525 863 2588 913 et
2639 872 2710 912 ex

510 952 926 1032 Peloponneso
954 949 1154 1009 valida
1180 969 1391 1010 manus
1417 969 1432 1008 ε
1478 940 1585 1010 sed
1616 952 1757 1028 quia
1785 949 2026 1021 dubiam
2047 950 2311 1030 ipsorum
2331 951 2511 1010 fidem
2541 935 2710 1010 resci-v

510 1058 693 1121 verat,
723 1047 1097 1108 dissimulata
1124 1047 1459 1127 suspicione
1491 1047 1713 1125 gratias
1743 1048 1886 1126 egit,
1934 1055 1949 1082 ‘
1977 1048 2140 1126 quod
2169 1047 2246 1108 ad
2278 1047 2709 1108 defendendam

511 1146 795 1206 adversus
837 1145 1321 1205 Lacedaemonios
1372 1143 1698 1204 Alexandri
1744 1145 2098 1224 dignitatem
2143 1140 2487 1204 affuissent:
2532 1145 2708 1222 scrip-

510 1254 707 1304 turum
753 1262 817 1302 se
860 1241 920 1301 id
962 1243 1113 1322 regi,
1157 1242 1408 1321 gratiam
1451 1241 1511 1301 in
1555 1251 1817 1320 tempore
1846 1241 2147 1301 relaturo:
2189 1241 2246 1300 in
2279 1261 2542 1320 praesens
2573 1241 2708 1299 nihil

512 1359 665 1420 opus
693 1359 826 1400 esse
856 1339 1174 1418 majoribus
1204 1340 1423 1418 copiis:
1454 1339 1657 1418 itaque
1687 1338 1899 1398 domos
1930 1339 2213 1412 redirent,
2244 1338 2482 1400 foederis
2513 1358 2709 1398 neces·

514 1438 689 1498 sitate
718 1433 1019 1517 expleta.''
1098 1438 1194 1496 10.
1239 1436 1497 1495 Nuntios
1548 1434 1766 1495 deinde
1811 1434 1889 1493 ad
1934 1434 2338 1498 Alexandrum
2394 1436 2594 1508 mittit,
2643 1434 2710 1494 de

512 1544 680 1593 motu
709 1533 961 1593 Graeciae
1004 1533 1313 1593 certiorem
1352 1535 1668 1592 facturos&
1747 1533 1944 1611 Atque
1974 1532 2058 1590 illi
2086 1553 2286 1612 regem
2317 1532 2474 1614 apud
2508 1533 2712 1593 Bactra

516 1629 755 1690 demum
778 1632 1085 1691 consecuti
1105 1640 1277 1700 sunt;
1309 1652 1441 1692 cum
1474 1630 1709 1691 interim
1727 1629 2024 1710 Antipatri
2047 1630 2388 1703 victoria,et
2410 1650 2557 1690 nece
2574 1629 2708 1708 Agi-

517 1728 611 1787 dis
636 1729 694 1788 in
725 1728 984 1788 Arcadia
1032 1739 1399 1789 transactum
1447 1739 1661 1791 esset.·
1721 1713 1814 1787 11ss
1862 1730 2018 1787 Sane
2037 1728 2165 1807 jam
2206 1726 2441 1806 pridem
2465 1725 2711 1785 tumultu

517 1820 1101 1885 Lacedaemoniorum
1131 1827 1398 1906 cognito,
1441 1837 1732 1907 quantum
1762 1834 1853 1884 tot
1881 1835 2166 1885 terrarum
2196 1825 2404 1904 spatiis
2433 1825 2711 1884 discretus

514 1921 728 2002 potuit,
755 1923 1134 2002 providerat:
1182 1923 1608 2003 Amphoterum
1646 1929 1663 1958 ‘
1684 1943 1819 1982 cum
1853 1923 2088 2003 Cypriis
2119 1930 2181 1982 et
2209 1922 2530 1981 Phoeniciis
2558 1920 2710 1978 navi-
2780 1952 2785 1957 ·

514 2019 626 2077 bus
658 2019 716 2077 in
750 2019 1230 2098 Peloponnesum
1259 2021 1613 2100 navigare;'
1643 2020 1927 2078 Meneten
1958 2026 1974 2053 ‘
1999 2018 2111 2077 tria
2133 2017 2314 2076 millia
2338 2006 2623 2076 talentum
2643 2015 2712 2074 ad

513 2134 676 2174 mare
705 2114 932 2176 deferre
950 2115 967 2141 '
998 2117 1281 2196 jusserat,
1305 2124 1321 2151 ‘
1346 2128 1412 2176 ut
1432 2137 1505 2176 ex
1535 2115 1870 2197 propinquo
1898 2114 2209 2194 pecuniam
2242 2114 2557 2193 Antipatro
2585 2113 2712 2173 sub-

516 2211 894 2288 ministraret,
920 2225 1144 2293 quanta
1166 2214 1329 2273 illum
1354 2213 1619 2292 indigere
1650 2209 2117 2291 cognovisset.’¹²
2209 2213 2300 2270 12.
2348 2209 2542 2271 Probe
2569 2210 2717 2269 enim‘

517 2321 918 2389 perspexerat,
938 2313 1145 2390 quanti
1175 2311 1251 2370 ad
1273 2312 1472 2371 omnia
1494 2310 1775 2370 momenti
1800 2321 1996 2369 motus
2017 2309 2188 2369 istius
2209 2309 2512 2368 inclinatio
2530 2308 2714 2367 futura

519 2414 703 2481 esset,
743 2403 1395 2490 quanquam‘deinceps
1427 2408 1646 2489 adepto
1673 2406 1937 2466 victoriae
1968 2406 2177 2466 nuntio
2207 2406 2330 2465 suis
2362 2404 2634 2486 operibus
2660 2401 2716 2461 id

521 2504 838 2565 discrimen
861 2503 1236 2586 comparans,
1256 2512 1276 2540 ‘
1298 2508 1551 2565 murium
1580 2525 1711 2564 eam
1738 2525 2003 2584 pugnam
2024 2504 2209 2563 fuisse
2225 2504 2240 2528 ’
2271 2503 2586 2563 cavillatus
2611 2510 2715 2560 est.

528 2606 622 2663 13.
666 2604 944 2664 Ceterum
978 2605 1265 2685 principia
1306 2605 1431 2683 ejus
1476 2603 1611 2664 belli
1659 2602 1822 2662 haud
1864 2604 2226 2682 improspera
2264 2598 2717 2660 Lacedaemoniis

520 2683 723 2761 fuere.¹
802 2702 987 2761 Juxta
1021 2701 1052 2734 ⁴¹
1084 2702 1457 2781 Corrhagum
1497 2699 1871 2759 Macedoniae
1907 2698 2223 2759 castellum
2265 2718 2400 2759 cum
2440 2694 2721 2777 Antipatri

521 2798 805 2859 militibus
855 2799 1162 2879 congressi
1220 2800 1470 2860 victores
1513 2797 1867 2856 extiterantt
1913 2805 1975 2855 et
2027 2795 2110 2855 rei
2155 2797 2305 2855 bene
2348 2804 2538 2873 gestae
2576 2794 2722 2851 fama

524 2897 698 2957 etiam
731 2897 832 2975 qui
874 2899 1179 2977 suspensis
1208 2892 1505 2958 mentibus
1534 2894 1831 2968 fortunam
1853 2904 2264 2975 spectaverant
2293 2893 2352 2951 in
2389 2892 2721 2978 societatem

525 3012 726 3053 eorum
757 2996 1034 3071 pertracti
1064 3011 1222 3056 sunt.
1314 2999 1405 3055 14.
1452 2995 1588 3053 Una
1610 3014 1686 3053 ex
1714 2992 1896 3051 Elaeis
1927 2991 2283 3071 Achaeisque
2325 2990 2567 3048 urbibus
2600 2987 2724 3047 Pel·

525 3091 659 3149 lene
688 3091 881 3151 foedus
921 3097 1383 3171 aspernabatur;
1415 3103 1477 3153 et
1512 3094 1571 3151 in
1619 3090 1878 3151 Arcadia
1918 3087 2342 3168 Megalopolis,
2387 3086 2510 3145 fida
2540 3084 2728 3144 Mace·

527 3188 783 3270 donibus
826 3190 902 3249 ob
957 3189 1213 3272 Philippi
1258 3186 1620 3264 memoriam,
1668 3212 1704 3251 a
1749 3209 1868 3269 quo
1911 3188 2214 3247 beneficiis
2265 3184 2481 3245 affecta
2525 3184 2724 3243 fuerat.

530 3286 826 3348 Sed'haec
871 3298 1031 3349 arcte
1079 3290 1474 3350 circumsessa
1520 3287 1681 3348 haud
1733 3286 1940 3368 procul
1984 3283 2285 3344 deditione
2348 3282 2574 3352 aberat,
2623 3276 2728 3337 nisi

527 3385 770 3446 tandem
810 3386 1126 3467 Antipater
1167 3386 1563 3447 subvenisset.
1653 3388 1748 3443 15.
1796 3385 1854 3442 Is
1904 3392 2222 3461 postquam
2278 3390 2481 3438 castra
2529 3374 2728 3436 castris

528 3485 802 3558 contulit,
834 3506 1013 3565 seque
1056 3503 1300 3544 numero
1330 3483 1580 3543 militum
1610 3480 1843 3559 alioque
1875 3489 2163 3558 apparatu
2201 3476 2559 3555 superiorem
2598 3470 2732 3531 con-

531 3575 746 3663 spexit,
775 3584 1205 3664 quamprimum
1239 3581 1320 3641 de
1366 3599 1597 3640 summa
1641 3598 1832 3638 rerum
1864 3576 2066 3658 praelio
2095 3572 2457 3635 contendere
2500 3572 2731 3630 statuit:

530 3700 721 3761 neque
746 3680 1186 3741 Lacedaemonii
1208 3679 1621 3740 detrectavere
1643 3685 1959 3736 certamen.
2051 3675 2145 3733 16.
2191 3674 2284 3731 Ita
2303 3669 2620 3731 commissa
2648 3673 2735 3725 est

598 3950 621 3975 θ
652 3943 798 3994 Curt.
820 3959 901 3995 ιν.
944 3952 987 3996 1.
1022 3951 1104 3997 39.
1155 3945 1312 3995 Diod.
1348 3947 1600 3994 xvnaffl.
1683 3947 1733 3991 3.
1753 3946 1836 3990 20.

534 4021 689 4071 Diod.
715 4036 858 4073 xvn.
882 4029 962 4074 62.
1750 4019 1763 4052 ¹
1792 4016 2062 4067 Plutarch.
2082 4013 2334 4078 Agesilao
2354 4025 2470 4073 cap.
2486 4013 2566 4058 25.

599 4097 618 4130 ¹
646 4099 787 4149 Just.
822 4113 923 4148 xn.
971 4106 1015 4149 l.
1050 4105 1098 4151 8.
1153 4100 1311 4156 Diod.
1339 4113 1479 4149 xvn.
1519 4101 1601 4147 63.
1746 4095 2059 4145 *AEschines
2098 4098 2283 4140 contra
2334 4081 2730 4150 Ctesiphontem-

537 4178 772 4227 Frontin.
796 4191 859 4226 ιι.
885 4184 961 4228 ll.
985 4184 1031 4228 4.
1683 4171 1936 4236 Polybius
1962 4184 2024 4219 ιι.
2047 4172 2131 4218 48.

602 4261 629 4296 ⁸
662 4252 875 4302 Curtius
900 4268 1002 4302 vn.
1024 4258 1072 4303 4.
1097 4257 1179 4302 32.
1744 4248 1761 4293 i
1786 4248 2067 4299 Pausanias
2091 4243 2181 4293 lib.
2210 4256 2248 4292 1.
2274 4237 2485 4291 Curtius
2501 4251 2574 4287 vr.
2598 4239 2637 4285 1.
2655 4234 2723 4286 1⁰·

602 4328 626 4362 *¹
663 4331 868 4381 Arrian.
907 4346 997 4381 ιιι.
1034 4336 1078 4381 1.
1118 4335 1201 4381 22.
1253 4330 1460 4380 Arrian.
1479 4343 1545 4386 11,
1566 4342 1602 4375 ι.
