2978 4933
799 457 806 468 .
867 429 983 476 ot..
1031 430 1222 482 cxn.
1272 417 1332 480 1.
1407 434 1478 483 A.
1530 437 1650 485 cH.
1697 439 1770 488 N.
1814 422 1966 491 331.
2390 434 2524 501 283

314 570 554 653 paucis
612 568 1004 640 Alexandro
1062 596 1283 659 carue,
1342 595 1624 665 parvum
1683 588 2022 673 navigium
2085 599 2521 679 conscendit,

316 670 656 755 pluribu5‚
712 696 913 759 quam
974 698 1213 763 capere
1269 692 1530 767 posset,
1588 687 1974 772 impositis:
2022 694 2248 780 itaque
2300 720 2519 768 mersa

312 775 508 840 navis
553 797 787 843 omnes
834 780 1189 851 destituit:
1233 786 1299 851 8.
1332 789 1614 869 Hector,
1657 792 1775 857 diu
1806 792 2063 861 flumini
2100 799 2512 883 obluctatus,

315 896 472 942 cum
503 880 1025 948 madens.vestis
1052 892 1118 951 et
1148 890 1403 955 astricti
1436 893 1727 977 crepidis
1770 897 1978 980 pedes
2021 905 2250 967 natare
2295 908 2518 990 prohi-

313 981 571 1060 berent,
617 984 686 1047 in
716 985 933 1068 ripam
985 993 1209 1054 tamen
1253 997 1667 1062 semianimis
1710 1003 1967 1083 evasit3
2015 1011 2084 1070 et
2126 1012 2203 1071 ut
2227 1011 2516 1092 primum

312 1082 634 1168 fatigatus
662 1087 971 1170 spiritum
1001 1089 1308 1173 laxavit,⁵
1333 1103 1531 1180 quem
1558 1105 1774 1167 metus
1805 1111 1877 1168 et
1906 1106 2270 1189 periculum
2302 1111 2522 1177 inten-

301 1183 603 1266 derant:
650 1189 838 1255 nullo
885 1192 1285 1276 adjuvante⁸
1330 1198 1623 1287 (quippe
1676 1206 1749 1270 in
1798 1206 2134 1274 diversum
2167 1223 2522 1282 evaserant

311 1288 463 1370 alii)
492 1293 921 1359 exanimatus
949 1304 1077 1362 est.
1164 1300 1228 1366 9.
1276 1300 1433 1369 Rex
1476 1309 1715 1373 amissi
1757 1311 1909 1396 ejus
1960 1313 2294 1380 desiderio
2325 1320 2519 1386 vehe-

310 1398 565 1458 menter
594 1395 886 1462 afflictus
918 1405 1059 1465 est:
1102 1411 1574 1492 repertumque
1605 1431 1849 1496 corpus
1877 1416 2236 1498 magnifico
2267 1424 2518 1489 extulit

308 1495 589 1564 funere!
678 1498 1005 1567 Oneravit
1031 1495 1209 1570 hunc
1240 1507 1529 1575 dolorem
1573 1515 1842 1579 nuntius
1873 1519 2107 1583 mortis
2142 1519 2519 1592 Androma-

284 1598 468 1679 chi,t
521 1621 716 1685 quem
773 1605 1165 1688 praefecerat
1207 1608 1452 1695 Syriae:
1478 1615 1729 1681 ..vivum
1780 1618 2133 1687 Samaritae
2184 1643 2518 1695 cremave-

308 1708 478 1768 rant.
568 1705 676 1771 10.
720 1704 833 1771 Ad
865 1709 1064 1793 cujus
1110 1712 1448 1781 interitum
1491 1719 2281 1807 vindicandum‚‚quanta
2324 1750 2518 1797 max-

306 1805 447 1872 ima
493 1808 833 1875 celeritate
884 1814 1125 1896 potuit,
1176 1820 1559 1888 contendit:
1606 1825 2124 1912 advenientique
2174 1836 2329 1895 sunt
2380 1840 2518 1899 tra-

372 2017 398 2042 ⁶
431 2010 611 2064 Statim
640 2020 778 2081 atque
812 2020 1140 2082 respirationis
1174 2027 1380 2073 meatum
1417 2025 1622 2089 aperuit,
1660 2044 1800 2091 quam
1815 2031 2017 2096 periculi
2038 2037 2190 2086 metus
2210 2033 2516 2097 comprimere

305 2074 542 2136 coegerat.
803 2081 825 2115 ὓ
861 2085 981 2135 Cum
1002 2103 1133 2138 nemo
1155 2094 1279 2139 esset
1298 2090 1380 2154 qui
1396 2092 1710 2155 opemserret.

373 2148 396 2173 ⁶
427 2143 583 2194 Auxit
604 2145 726 2198 hune
745 2148 941 2204 luctum.

1214 2298 1246 2318 0
1250 2299 1395 2322 ‘Ouo
1401 2302 1552 2326 ΜΝ
1556 2301 1585 2324 O

307 2392 363 2436 et
382 2385 542 2441 voss.
567 2396 616 2441 1.
640 2394 858 2446 Haector.
912 2398 1051 2448 Dan.
1074 2398 1232 2451 habet
1252 2403 1303 2451 in
1329 2412 1452 2453 ante
1470 2407 1655 2469 paucis,
1677 2407 1769 2458 sed
1791 2408 1928 2459 aliud
1955 2409 2095 2475 prius
2118 2409 2236 2461 fuit.
2290 2413 2439 2463 νοω.
2458 2419 2510 2464 1.

304 2468 472 2517 capere
491 2471 540 2519 p.
563 2457 756 2522 inopiis.
823 2462 977 2515 Voss.
1000 2469 1052 2515 2.
1081 2468 1239 2531 itaque
1258 2484 1371 2519 rasa
1389 2473 1642 2522 navis.-—8
1677 2474 1794 2524 Pal.
1817 2479 1864 2525 1.
1900 2477 1952 2525 in
1973 2477 2079 2541 ripa
2099 2484 2276 2530 men.
2342 2481 2515 2529 aaron

305 2519 446 2582 conj.
471 2526 522 2570 at
546 2528 601 2572 ut
617 2526 842 2588 primum,
861 2531 964 2591 ξε.
1012 2531 1168 2583 Voss.
1191 2536 1240 2583 2.
1274 2536 1500 2595 spiritum
1521 2539 1735 2588 lassavit.
1786 2541 1901 2590 Pal.
1926 2545 1974 2591 1.
1997 2542 2164 2607 Bong.
2188 2542 2342 2593 Laid.
2360 2546 2516 2595 Voss.

306 2587 352 2631 1.
375 2589 427 2634 2.
449 2592 505 2635 et
529 2589 663 2640 Mer.
685 2590 968 2644 intenderat.
1037 2597 1176 2647 Mer.
1207 2600 1382 2662 ¹quippe
1412 2603 1466 2650 in
1501 2605 1863 2655 adversum-9
1896 2607 2011 2657 Rex
2030 2608 2184 2657 deest
2206 2609 2257 2657 in
2284 2610 2519 2658 Florent.

302 2647 452 2701 Leid.
473 2652 621 2704 Voss.
646 2659 692 2704 1.
716 2662 765 2707 2.
787 2659 923 2709 Dan.
949 2660 1064 2709 Pal.
1088 2664 1135 2711 1.
1164 2671 1218 2712 et
1239 2665 1406 2730 Bong.
1445 2668 1739 2719 rehementer
1755 2669 1962 2733 affectus
1988 2680 2061 2721 ese
2082 2674 2303 2722 Tiieocr.
2374 2673 2519 2722 Non·

303 2714 463 2765 nuuae
496 2718 617 2770 edd.
638 2731 759 2781 post
775 2724 1049 2775 Modiam:
1085 2728 1261 2776 extulit
1282 2745 1492 2780 munere.
1557 2732 1709 2784 Leid.
1892 2751 1939 2799 p.
1962 2736 2138 2800 Syrioe.
2209 2738 2377 2800 Boug.
2415 2754 2514 2787 cre-

287 2785 553 2832 maverunt
567 2799 589 2842 3
635 2786 780 2838 Voss.
793 2792 845 2841 ,2.
863 2792 1391 2845 &armaverant—10
1426 2797 1658 2848 Floreat.
1684 2799 1835 2850 Leid.
1855 2807 1909 2850 et
1928 2802 2077 2852 Voss.
2098 2806 2143 2854 1.
2176 2808 2354 2867 quanta
2371 2817 2514 2867 max-

1363 2862 1400 2897 1,
2395 2879 2398 2882 ⁴

1297 2942 1524 2995 NOTAE

315 3021 386 3081 f·
420 3027 658 3091 Spiritum
703 3033 911 3098 laxavit]
963 3037 1093 3088 Cum
1148 3038 1201 3089 in
1256 3040 1368 3104 ipso
1450 3042 1646 3108 ria-qne
1685 3046 2019 3109 praepositum
2055 3032 2391 3116 suisse,qnod
2415 3051 2518 3101 Eu·

303 3105 550 3157 enatandi
566 3109 745 3160 labore
766 3115 955 3176 partim
971 3115 1170 3165 subitus
1186 3131 1369 3182 pavor,

301 3184 495 3245 partim
532 3187 867 3241 admittendae
907 3206 1002 3256 per
1039 3209 1095 3244 os
1126 3201 1180 3245 et
1217 3211 1368 3248 nares

302 3273 453 3324 aqnae
504 3265 815 3329 periculum,
857 3271 1212 3333 respirationis
1258 3274 1367 3324 vias

298 3335 390 3386 diu
428 3339 663 3391 occlusas
703 3345 978 3410 tenuisset,
1010 3350 1166 3414 longo
1202 3358 1257 3402 et
1278 3366 1367 3402 ve-

297 3414 528 3466 hementi
565 3427 755 3471 conatu
799 3423 1032 3476 distenta
1074 3428 1364 3492 respirandi

298 3506 514 3556 organa,
536 3504 753 3558 repente
777 3498 965 3551 deinde
989 3502 1187 3566 laxata,
1210 3506 1364 3556 solito

297 3582 515 3620 munere
535 3569 678 3636 fungi
703 3589 803 3624 non
825 3585 1129 3645 potuerunt,
1145 3597 1364 3646 praeser·

299 3643 394 3693 tim
418 3661 537 3696 cnm
576 3651 746 3701 nullus
785 3653 1009 3715 adesset,
1035 3660 1123 3722 qui
1162 3661 1365 3723 ingesto

299 3719 353 3769 in
392 3736 450 3770 os
495 3723 634 3785 cibo,
678 3734 768 3778 ant
808 3728 980 3781 infuso
1019 3733 1238 3798 liquore,
1276 3749 1366 3786 ex-

297 3797 513 3848 haustos
544 3802 753 3865 spiritus
790 3808 1080 3874 suppleret,
1100 3825 1161 3861 ac
1183 3813 1368 3863 semia-⁷

297 3873 490 3924 nimem
515 3876 856 3933 refocillaret.

315 3984 318 3987 -
362 3951 380 3984 ἵ
399 3954 744 4021 Andr-amachi]
767 3959 848 4009 De
872 3960 1256 4030 Andromacho,
1268 3966 1364 4032 Sy·

302 4028 393 4079 riae
428 4030 701 4098 praefecto,
734 4052 914 4103 supra,
950 4056 1067 4106 cap.
1090 4047 1137 4094 l.
1204 4044 1362 4095 Hunc

299 4103 605 4157 Samaritani
656 4120 836 4163 coorta
887 4116 1144 4168 seditione
1189 4120 1362 4170 vivum

302 4191 607 4237 cremarunt.
674 4188 925 4254 oportuit
960 4208 1086 4259 ergo
1120 4211 1223 4246 non
1247 4196 1363 4248 Coe-

301 4258 502 4324 lesyriae
548 4266 735 4330 solum,
772 4269 908 4333 qnod
952 4272 1110 4336 supra
1150 4273 1362 4325 Curtius

304 4333 636 4408 significabat,
656 4342 747 4394 sed
782 4345 940 4398 etiam
962 4347 998 4400 J
1003 4348 1163 4402 udaeae
1184 4351 1364 4404 Sama·

1449 3117 1627 3169 sebius'
1659 3126 1885 3171 testatur
1924 3125 1976 3172 in
2013 3124 2204 3176 Chron.
2240 3132 2295 3176 et
2318 3126 2517 3178 Cedre-

1448 3208 1564 3244 nus.
1643 3195 1927 3262 Samaritoe]
1977 3199 2211 3250 Samaria
2247 3201 2298 3250 in
2339 3201 2514 3269 Sacris

1447 3272 1642 3322 Literis
1689 3273 1957 3323 notissima
1995 3276 2200 3338 civitas,
2237 3277 2516 3329 Israe'litici

1448 3349 1596 3413 regni
1622 3351 1947 3413 metropolis,
1977 3351 2041 3401 ab
2074 3350 2220 3402 Amri
2250 3352 2515 3403 Israelita-

1446 3441 1558 3475 rum
1591 3433 1740 3476 sexto
1766 3427 1912 3489 Rege
1954 3428 2183 3485 condita,
2212 3429 2358 3478 annis
2391 3435 2514 3479 ante

1447 3504 1708 3554 Christum
1732 3505 1940 3555 circiter
1960 3510 2076 3555 923.
2113 3507 2313 3556 Nomen
2334 3506 2514 3557 habuit

1448 3596 1479 3629 a
1503 3581 1723 3646 quodam
1757 3581 1773 3610 ‘
1791 3582 2009 3643 Somer‚'
2030 3581 2118 3647 qui
2152 3590 2380 3632 montem
2422 3598 2515 3634 ex-

1448 3660 1710 3710 struenda:
1744 3659 1860 3711 urbi
1887 3661 2200 3711 destinatum
2233 3662 2367 3725 Regi
2390 3677 2515 3713 ven-

1429 3737 1675 3791 diderat.
1742 3738 1871 3786 Eam
1908 3737 1977 3786 ab
1999 3738 2203 3789 Joanne
2241 3738 2514 3806 Hyrcano,
2558 3782 2573 3793 .

1446 3815 1748 3866 Judaeornm
1786 3813 2063 3878 Pontifice,
2089 3815 2317 3866 excisam
2343 3816 2512 3875 Hero-

1442 3891 1537 3941 des
1561 3907 1771 3955 magnns
1792 3892 2117 3956 instauravit,
2135 3899 2191 3942 et
2214 3893 2265 3942 in
2290 3895 2511 3956 gratiam

1445 3967 1669 4032 Augusti
1712 3968 1935 4019 Caesaris
1970 3968 2298 4019 ‘sebasten’
2335 3972 2513 4036 appel-

1443 4047 1538 4095 lari
1563 4045 1744 4095 voluit.
1799 4044 1884 4095 Ab
1908 4059 1971 4095 ea
1994 4044 2140 4109 regio
2163 4046 2277 4109 ipsa
2298 4047 2315 4074 ‘
2334 4048 2513 4098 Sama-

1445 4121 1554 4171 ria’
1579 4128 1880 4186 nuncupata
1904 4128 2003 4185 est,
2026 4135 2178 4187 quam
2202 4122 2355 4172 hodie
2380 4123 2516 4173 Ara-

1444 4196 1567 4247 bum
1602 4198 1810 4262 regulus
1833 4197 2055 4256 obtinet,
2087 4197 2367 4248 Turcorum
2393 4211 2513 4250 vec·

1443 4273 1635 4340 tigulia.
