2978 4933
838 393 959 442 οι..
1004 390 1196 440 cxn.
1236 375 1300 440 2.
1376 390 1451 439 A.
1501 391 1621 438 cu.
1666 391 1743 439 N.
1782 373 1936 441 330.
2360 377 2491 445 387

297 545 432 618 tur,
484 556 607 603 nec
663 543 784 603 aut
822 538 1092 621 erigere·
1117 536 1373 602 vultus·
1401 540 1520 601 aut
1562 536 1750 621 loqui
1795 538 2174 604 audebant:
2220 537 2493 603 tandem

298 640 780 725 rege-tristitiae
808 660 1088 705 causam
1117 641 1448 724 exigente,
1479 639 1870 723 Euthymon
1915 640 2170 707 similia
2196 641 2309 719 iis,
2335 659 2492 724 quae

297 745 370 808 in
400 743 683 810 consilio
713 744 997 823 dixerat,
1021 744 1381 829 respondit.
1467 743 1576 808 24.
1621 741 1850 827 Atque
1888 744 2024 822 ille,
2055 762 2186 812 non
2212 742 2496 809 fortunae

296 846 518 912 solum
547 865 801 924 eorum,
831 846 949 912 sed
980 848 1188 912 etiam
1213 845 1634 930 poenitentiae
1671 846 2007 924 misertuS,
2027 850 2049 879 ‘
2071 851 2257 911 terna
2280 845 2498 912 millia

299 949 662 1014 denarium*
681 950 958 1032 siugulis
988 950 1134 1016 dari
1157 949 1175 978 '
1212 951 1459 1035 jussit:
1513 950 1710 1015 denae
1744 955 1971 1016 vestes
2001 948 2290 1033 adjectae
2319 955 2498 1026 sunt,

301 1058 371 1116 et
398 1058 694 1119 armenta
723 1071 876 1117 cum
928 1053 1294 1136 pecoribus
1336 1073 1420 1118 ac
1457 1051 1785 1133 frumento
1830 1052 2016 1131 data,
2048 1056 2126 1116 ut
2177 1051 2308 1116 coli
2336 1052 2498 1116 seri-

299 1173 436 1240 que
459 1154 823 1221 attributus
854 1155 942 1222 iis
975 1175 1130 1239 ager
1159 1161 1418 1241 posset.
2464 1166 2467 1167 ’

392 1273 495 1321 vi.
524 1258 589 1323 1.
633 1257 917 1324 Postero
972 1258 1082 1323 die
1136 1266 1549 1325 convocatos
1600 1257 1806 1323 duces
1856 1260 2210 1343 copiarum
2270 1257 2494 1336 docet,

299 1365 322 1395 ‘
352 1361 606 1426 nullam
662 1361 1063 1427 infestiorem
1121 1362 1353 1428 urbem
1416 1362 1683 1427 Graecis
1742 1382 1902 1427 esse
1946 1381 2150 1446 quam
2198 1361 2453 1444 regiam
2476 1369 2503 1396 ⁸

302 1469 601 1528 veterum
644 1461 951 1531 Persidis
1008 1484 1277 1547 regum:
1336 1465 1489 1530 hinc
1544 1465 1662 1529 illa
1705 1464 2031 1530 immensa
2089 1464 2352 1545 agmina
2392 1464 2503 1528 in-

297 1565 507 1632 fusa:
559 1566 718 1631 hinc
762 1564 1088 1632 Dariumb
1130 1567 1335 1652 prius»,
1387 1568 1642 1632 deinde.
1672 1567 1986 1634 Xerxem
2044 1566 2338 1651 Europae
2380 1567 2505 1631 im-

305 1669 496 1752 pium
539 1669 846 1737 intulisse
904 1670 1196 1736 bellum:
1270 1671 1541 1736 excidio
1591 1671 1772 1735 illius
1817 1669 2308 1755 parentandum
2352 1689 2504 1734 esse

304 1771 717 1856 majoribus!
784 1772 854 1840 2.
883 1772 1175 1858 Jamque
1206 1774 1495 1852 barbari,
1514 1773 1774 1839 deserto
1802 1771 2080 1857 oppido,
2111 1781 2248 1856 qua
2276 1791 2508 1856 quem-

295 1893 442 1957 que
491 1880 709 1940 metus
758 1877 1021 1958 agebat,
1078 1867 1513 1958 diffugerant:
1573 1895 1730 1941 cum
1758 1882 1898 1941 'rex
1949 1874 2351 1960 phalangem
2411 1873 2515 1938 nil

297 1982 667 2041 cunctatus
698 1978 977 2043 inducit.
1066 1976 1321 2042 Multas
1376 1979 1600 2055 urbeS,
1632 1977 1902 2042 refertas
1932 1977 2280 2060 opulentia
2307 1977 2509 2058 regia,

299 2078 552 2162 partim
574 2087 1094 2166 expugnaverat,
1123 2082 1368 2166 partim
1399 2082 1470 2146 in
1500 2080 1699 2144 fidem
1733 2087 2126 2165 acceperat:
2170 2077 2292 2143 sed
2322 2078 2509 2143 urbis

299 2181 518 2267 ‚hujus
555 2182 824 2251 divitiae
850 2183 1067 2249 vicere
1100 2183 1458 2268 praeterita.
1544 2184 1608 2249 3.
1641 2183 1724 2249 In
1752 2182 1922 2248 hanc
1951 2182 2157 2248 totius
2202 2179 2509 2246 Persidis

1228 2350 1259 2369 O
1562 2349 1589 2369 O

303 2448 374 2500 'ne
395 2448 479 2513 qui
495 2451 820 2501 etatum—23
855 2449 939 2500 lui
961 2449 1144 2503 ubertis
1159 2453 1271 2504 Pal.
1299 2457 1344 2503 l.
1367 2459 1422 2504 et
1445 2454 1598 2504 Voss.
1619 2457 1669 2503 2.
1707 2453 1790 2504 lui
1808 2452 2016 2503 obhortie
2035 2452 2185 2503 Voss.
2212 2456 2261 2503 1.
2283 2451 2533 2502 Eutemon

315 2516 485 2578 Bong.
500 2516 621 2566 Bas.
641 2516 754 2566 Col.
769 2522 824 2565 et
840 2516 976 2567 Mer.
988 2519 1204 2569 Eutenon
1216 2521 1444 2569 Florem.
1477 2521 1776 2572 Emetaeemon
1788 2535 1825 2567 e.
1843 2520 1919 2568 hie
1928 2520 2074 2567 Voss.
2086 2521 2268 2567 2.-24
2286 2517 2516 2566 Florent-

311 2579 466 2629 Leid.
486 2580 634 2629 Voss.
657 2583 702 2629 1.
722 2585 772 2630 2.
791 2582 927 2630 Dan.
949 2590 1005 2632 et
1029 2584 1194 2647 Bong.
1218 2584 1469 2634 miseretur
1481 2600 1502 2642 ,·
1538 2580 1651 2634 Pal.
1676 2589 1719 2634 1.
1743 2592 1795 2632 et
1815 2583 1936 2632 Ald.
1956 2583 2225 2632 miseratus.
2290 2581 2442 2630 Voss.
2463 2584 2517 2632 2.

310 2643 624 2721 triu-mulin
656 2645 884 2723 Florent-
908 2646 1053 2696 Leid.
1080 2648 1228 2698 Voss.
1255 2653 1299 2698 1.
1319 2657 1375 2700 et
1399 2650 1566 2712 Bong.
1592 2654 1730 2697 terna
1758 2664 1820 2697 m.
1842 2648 2160 2724 denar-iorum.
2194 2648 2346 2723 Voss.
2366 2650 2416 2695 2.
2435 2646 2519 2722 de-

310 2722 469 2823 ”⁰¹:²3
482 2710 1333 2840 Si‘ssss‘ffizssifkfflffl‘iffiss]
1357 2713 1979 2842 ὲζῗῖἑέῐεῗξὲζΐπὲἵέῧὲ.
1990 2710 2518 2825 Ἂῖἷῐιὶ-’έὲξέἶῗῆἒέἰ

313 2838 505 2888 Malim
528 2839 702 2905 itaque
722 2840 913 2905 effaem’
948 2842 1104 2892 Both.
1156 2843 1390 2893 Floreut.
1415 2843 1564 2893 Leid.
1588 2849 1644 2893 et
1667 2843 1822 2894 Voss.
1847 2848 1893 2892 1.
1915 2843 2027 2891 dein
2052 2856 2147 2905 pro
2164 2841 2348 2890 deinde.
2376 2838 2524 2889 Leid.

314 2909 375 2951 et
397 2904 547 2955 Voss.
568 2908 616 2955 2.
641 2905 845 2956 Xersem
859 2922 879 2965 ,·
912 2907 1068 2957 Voss.
1093 2912 1138 2957 l.
1162 2908 1419 2957 Xera-sem.
1454 2910 1593 2958 Mer.
1630 2910 1891 2973 parendum
1911 2911 2120 2957 essa—2
2154 2907 2299 2956 Pith.
2320 2904 2522 2954 omittit

261 2997 266 3006 =
313 2967 636 3032 diffugerant,
660 2986 756 3034 pro
780 2977 882 3037 quo
904 2971 1021 3023 Pal.
1064 2976 1110 3022 1.
1136 2972 1292 3021 habet
1312 2972 1626 3037 diffuderant.
1660 2974 1808 3023 Voss.
1829 2978 1878 3023 2.
1900 2988 2003 3021 cum
2024 2978 2071 3021 et
2081 2971 2367 3033 sawngem,·
2400 2969 2520 3019 Pal.

319 3037 368 3082 1.
392 3040 450 3084 et
479 3036 614 3085 Mer.
638 3051 780 3098 quum
800 3042 849 3086 et
866 3036 1163 3104 phalangem.
1232 3038 1512 3087 Nonnullae
1537 3038 1654 3087 edd.
1682 3043 1808 3087 vett.
1833 3039 2008 3100 partim
2027 3042 2346 3101 expugnarat.
2381 3035 2521 3084 Pith.

313 3097 1071 3166 divitiaeineertoepraeterea.--3
1096 3102 1160 3152 In
1180 3103 1268 3152 hee
1288 3102 1409 3153 Ald.
1452 3104 1621 3153 Paulo
1646 3109 1764 3168 post
1785 3103 2016 3152 Florem.
2041 3102 2188 3155 Leid.
2215 3107 2270 3152 et
2296 3102 2448 3150 Voss.
2471 3104 2523 3150 2.

1314 3267 1527 3320 NOTAE

385 3369 412 3395 ²
443 3360 675 3424 Regiam]
727 3363 1073 3427 Persepolim,
1116 3378 1232 3429 qum
1267 3366 1383 3417 aliis
1528 3365 1552 3401 δ
1587 3368 1724 3417 Hinc
1763 3365 1995 3429 Darium]
2035 3363 2317 3428 Hystaspis
2339 3362 2525 3422 filium·

317 3438 643 3501 Persapolis,
677 3438 919 3488 Straboni
956 3439 1273 3502 Περσαίπολις
1299 3456 1383 3492 vo·
1464 3443 1532 3495 de
1560 3460 1660 3510 quo
1684 3459 1773 3495 nos
1798 3459 1956 3508 supra
1982 3441 2071 3491 lib.
2094 3455 2181 3491 ιιι.
2218 3455 2336 3505 cap.
2361 3444 2439 3489 10.
2469 3446 2527 3489 et

317 3523 509 3576 catur;
551 3514 742 3564 Graeeo
775 3515 957 3580 utique
990 3517 1214 3578 nomine,
1250 3517 1384 3581 quod

299 3597 645 3657 ⁴nequaquam
679 3591 854 3641 Persis
887 3591 1132 3642 usitatum
1171 3598 1386 3657 putave-

320 3670 442 3719 rim.
506 3667 609 3718 Sed
628 3668 763 3734 quod
782 3666 939 3719 fuerit
965 3670 1091 3719 illud
1115 3669 1383 3720 Persicum

320 3755 533 3805 nomen,
567 3761 671 3795 non
714 3745 789 3795 ita
833 3753 1088 3809 promtum
1135 3754 1215 3797 est
1258 3746 1385 3797 divi·

319 3837 470 3873 nare.
536 3822 669 3872 Vide
712 3819 848 3872 infra
887 3838 1004 3888 quae
1050 3822 1281 3874 dicemus
1321 3825 1388 3874 ad

321 3914 448 3964 cap.
472 3903 521 3949 7.
587 3898 738 3959 Hane
756 3902 924 3965 Cyrus
944 3900 1252 3950 condiderat
1264 3902 1388 3950 etin

321 3992 391 4028 ea
414 3976 610 4041 regiam
646 3978 1013 4029 collocaverat.
1080 3978 1389 4043 Quanquam

323 4054 432 4105 alia
470 4068 673 4119 quoque
719 4054 1050 4119 Persagadis,
1087 4057 1187 4106 alia
1230 4056 1390 4107 Gabis

297 4131 475 4196 ,regia
497 4129 724 4195 ejusdem
741 4130 867 4189 fuit,
891 4133 1074 4181 eodem
1093 4138 1228 4182 teste
1245 4133 1389 4182 Stra-

324 4209 487 4261 bone.
538 4208 784 4272 Idemque
808 4208 966 4259 totius
989 4209 1192 4272 imperii
1214 4208 1390 4261 sedem

305 4285 603 4350 -Babylone
628 4292 859 4337 statuere
882 4287 1208 4338 decreverat.

1467 3521 1560 3572 lib.
1583 3535 1660 3572 ιν.
1677 3536 1793 3585 cap.
1823 3525 1866 3569 1.
1934 3520 2124 3568 Deinde
2149 3515 2386 3578 Xerxem]
2418 3515 2528 3566 lbi-

1468 3599 1605 3648 dem.
1674 3593 2051 3657 Parentandum]
2076 3594 2091 3622 ‘
2110 3589 2427 3642 Parentare’
2450 3590 2528 3639 di-

1467 3681 1662 3725 cuntur
1704 3674 1917 3739 proprie
1959 3671 2130 3733 liberi,
2161 3684 2279 3720 cum
2320 3683 2529 3719 suorum

1469 3758 1747 3816 parentum
1772 3749 2015 3812 exequias
2045 3746 2329 3797 celebrant.
2397 3745 2530 3797 Quae

1469 3829 1592 3893 quia
1614 3826 1878 3877 sacrificiis
1904 3826 2207 3890 plerumque
2228 3822 2532 3873 cohonesta-

1471 3904 1680 3965 bantur,
1734 3909 1791 3952 et
1850 3901 2056 3966 quidem
2123 3914 2303 3949 earum
2360 3912 2533 3948 rerum

1473 3996 1600 4046 quas
1623 3978 1859 4030 defuncti
1895 3977 2230 4036 vehementer
2258 3982 2351 4026 aut
2372 3989 2536 4029 amas-

1473 4064 1592 4107 sent
1613 4064 1704 4107 aut
1739 4055 2011 4116 odissent;
2044 4053 2238 4102 idcirco
2272 4051 2429 4102 docet
2463 4049 2534 4100 A·

1472 4134 1720 4183 lexander
1743 4133 2002 4196 placatum
2026 4129 2091 4178 iri
2114 4128 2420 4179 Graecorum
2445 4140 2533 4176 ve-

1473 4218 1641 4260 terum
1666 4223 1843 4259 manes
1868 4207 2167 4272 Persepolis
2191 4204 2417 4257 excidio·
