<?xml version="1.0" encoding="UTF-8"?>
<!DOCTYPE html PUBLIC "-//W3C//DTD XHTML 1.0 Transitional//EN"
    "http://www.w3.org/TR/xhtml1/DTD/xhtml1-transitional.dtd">
<html xmlns="http://www.w3.org/1999/xhtml" xml:lang="en" lang="en">
 <head>
  <title>
</title>
<meta http-equiv="Content-Type" content="text/html;charset=utf-8" />
  <meta name='ocr-system' content='tesseract 3.04.00' />
  <meta name='ocr-capabilities' content='ocr_page ocr_carea ocr_par ocr_line ocrx_word'/>
</head>
<body>
  <div class='ocr_page' id='page_1' title='image "./quinticurtiiruf03rufugoog_0590.png"; bbox 0 0 2978 4933; ppageno 0'>
   <div class='ocr_carea' id='block_1_1' title="bbox 485 391 617 456">
    <p class='ocr_par' dir='ltr' id='par_1_1' title="bbox 485 391 617 456">
     <span class='ocr_line' id='line_1_1' title="bbox 485 391 617 456; baseline -0.015 1"><span class='ocrx_word' id='word_1_1' title='bbox 485 391 617 456; x_wconf 78' lang='lat'><strong>544</strong></span> 
     </span>
    </p>
   </div>
   <div class='ocr_carea' id='block_1_2' title="bbox 905 376 2224 462">
    <p class='ocr_par' dir='ltr' id='par_1_2' title="bbox 905 376 2224 462">
     <span class='ocr_line' id='line_1_2' title="bbox 905 376 2224 462; baseline -0.005 -17"><span class='ocrx_word' id='word_1_2' title='bbox 905 403 974 462; x_wconf 75' lang='lat' dir='ltr'><strong>q.</strong></span> <span class='ocrx_word' id='word_1_3' title='bbox 1022 396 1283 449; x_wconf 78' lang='lat' dir='ltr'><strong>cuum</strong></span> <span class='ocrx_word' id='word_1_4' title='bbox 1333 393 1513 445; x_wconf 75' lang='lat' dir='ltr'><strong>nuri</strong></span> <span class='ocrx_word' id='word_1_5' title='bbox 1570 395 1713 444; x_wconf 78' lang='lat' dir='ltr'><strong>mn.</strong></span> <span class='ocrx_word' id='word_1_6' title='bbox 1768 393 1900 442; x_wconf 83' lang='lat' dir='ltr'><strong>vn.</strong></span> <span class='ocrx_word' id='word_1_7' title='bbox 1953 393 2122 441; x_wconf 63' lang='lat' dir='ltr'><strong>car.</strong></span> <span class='ocrx_word' id='word_1_8' title='bbox 2161 376 2224 439; x_wconf 83' lang='grc'><strong>6.</strong></span> 
     </span>
    </p>
   </div>
   <div class='ocr_carea' id='block_1_3' title="bbox 475 535 2690 843">
    <p class='ocr_par' dir='ltr' id='par_1_3' title="bbox 475 535 2690 843">
     <span class='ocr_line' id='line_1_3' title="bbox 475 535 2680 631; baseline -0.008 -15"><span class='ocrx_word' id='word_1_9' title='bbox 475 551 698 616; x_wconf 79' lang='lat' dir='ltr'><strong>‘teritis</strong></span> <span class='ocrx_word' id='word_1_10' title='bbox 745 563 1017 631; x_wconf 85' lang='lat' dir='ltr'><strong>gravem</strong></span> <span class='ocrx_word' id='word_1_11' title='bbox 1061 542 1452 610; x_wconf 77' lang='lat' dir='ltr'><strong>electionem</strong></span> <span class='ocrx_word' id='word_1_12' title='bbox 1501 538 1789 604; x_wconf 80' lang='lat' dir='ltr'><strong>futuram</strong></span> <span class='ocrx_word' id='word_1_13' title='bbox 1826 542 2032 615; x_wconf 81' lang='lat' dir='ltr'><strong>ratus,</strong></span> <span class='ocrx_word' id='word_1_14' title='bbox 2075 540 2095 573; x_wconf 90' lang='lat'>‘</span> <span class='ocrx_word' id='word_1_15' title='bbox 2119 536 2415 602; x_wconf 83' lang='lat' dir='ltr'><strong>invicem</strong></span> <span class='ocrx_word' id='word_1_16' title='bbox 2458 535 2680 600; x_wconf 88' lang='lat' dir='ltr'><strong>subire</strong></span> 
     </span>
     <span class='ocr_line' id='line_1_4' title="bbox 487 634 2686 737; baseline -0.009 -17"><span class='ocrx_word' id='word_1_17' title='bbox 487 652 642 720; x_wconf 85' lang='lat' dir='ltr'><strong>eos&#39;</strong></span> <span class='ocrx_word' id='word_1_18' title='bbox 685 650 939 737; x_wconf 72' lang='lat' dir='ltr'><strong>jussit-⁸</strong></span> <span class='ocrx_word' id='word_1_19' title='bbox 1026 648 1134 712; x_wconf 87' lang='lat'><strong>10.</strong></span> <span class='ocrx_word' id='word_1_20' title='bbox 1180 644 1366 709; x_wconf 91' lang='lat' dir='ltr'><strong>Hinc</strong></span> <span class='ocrx_word' id='word_1_21' title='bbox 1398 648 1637 727; x_wconf 88' lang='lat' dir='ltr'><strong>quarto</strong></span> <span class='ocrx_word' id='word_1_22' title='bbox 1682 641 1792 706; x_wconf 86' lang='lat' dir='ltr'><strong>die</strong></span> <span class='ocrx_word' id='word_1_23' title='bbox 1828 641 1916 706; x_wconf 89' lang='lat' dir='ltr'><strong>ad</strong></span> <span class='ocrx_word' id='word_1_24' title='bbox 1963 640 2189 704; x_wconf 86' lang='lat' dir='ltr'><strong>urbem</strong></span> <span class='ocrx_word' id='word_1_25' title='bbox 2219 634 2686 702; x_wconf 66' lang='lat' dir='ltr'><strong>Maracandab</strong></span> 
     </span>
     <span class='ocr_line' id='line_1_5' title="bbox 487 741 2690 843; baseline -0.009 -21"><span class='ocrx_word' id='word_1_26' title='bbox 487 763 875 843; x_wconf 85' lang='lat' dir='ltr'><strong>perventum</strong></span> <span class='ocrx_word' id='word_1_27' title='bbox 906 759 1052 817; x_wconf 63' lang='lat' dir='ltr'><strong>est„</strong></span> <span class='ocrx_word' id='word_1_28' title='bbox 1099 764 1293 814; x_wconf 74' lang='lat' dir='ltr'><strong>Lxx.</strong></span> <span class='ocrx_word' id='word_1_29' title='bbox 1337 747 1563 812; x_wconf 82' lang='lat' dir='ltr'><strong>stadia</strong></span> <span class='ocrx_word' id='word_1_30' title='bbox 1592 764 1820 810; x_wconf 82' lang='lat' dir='ltr'><strong>murus</strong></span> <span class='ocrx_word' id='word_1_31' title='bbox 1847 745 2031 809; x_wconf 85' lang='lat' dir='ltr'><strong>urbis</strong></span> <span class='ocrx_word' id='word_1_32' title='bbox 2061 741 2519 825; x_wconf 81' lang='lat' dir='ltr'><strong>amplectitur:</strong></span> <span class='ocrx_word' id='word_1_33' title='bbox 2566 757 2690 803; x_wconf 77' lang='lat' dir='ltr'><strong>arx</strong></span> 
     </span>
    </p>
   </div>
   <div class='ocr_carea' id='block_1_4' title="bbox 401 857 1250 939">
    <p class='ocr_par' dir='ltr' id='par_1_4' title="bbox 401 857 1250 939">
     <span class='ocr_line' id='line_1_6' title="bbox 401 857 1250 939; baseline -0.012 -13"><span class='ocrx_word' id='word_1_34' title='bbox 401 915 406 918; x_wconf 92' lang='lat'>.</span> <span class='ocrx_word' id='word_1_35' title='bbox 489 860 675 925; x_wconf 91' lang='lat' dir='ltr'><strong>nullo</strong></span> <span class='ocrx_word' id='word_1_36' title='bbox 722 857 1000 939; x_wconf 85' lang='lat' dir='ltr'><strong>cingitur</strong></span> <span class='ocrx_word' id='word_1_37' title='bbox 1036 873 1250 918; x_wconf 80' lang='lat' dir='ltr'><strong>muro·</strong></span> 
     </span>
    </p>
   </div>
   <div class='ocr_carea' id='block_1_5' title="bbox 1338 842 2690 926">
    <p class='ocr_par' dir='ltr' id='par_1_5' title="bbox 1338 842 2690 926">
     <span class='ocr_line' id='line_1_7' title="bbox 1338 842 2690 926; baseline -0.008 -11"><span class='ocrx_word' id='word_1_38' title='bbox 1338 852 1444 915; x_wconf 85' lang='lat' dir='ltr'><strong>ll.</strong></span> <span class='ocrx_word' id='word_1_39' title='bbox 1489 848 1823 914; x_wconf 83' lang='lat' dir='ltr'><strong>Praesidio</strong></span> <span class='ocrx_word' id='word_1_40' title='bbox 1862 846 2009 911; x_wconf 89' lang='lat' dir='ltr'><strong>urbi</strong></span> <span class='ocrx_word' id='word_1_41' title='bbox 2046 845 2308 921; x_wconf 89' lang='lat' dir='ltr'><strong>relicto,</strong></span> <span class='ocrx_word' id='word_1_42' title='bbox 2334 842 2690 926; x_wconf 79' lang='lat' dir='ltr'><strong>proximos</strong></span> 
     </span>
    </p>
   </div>
   <div class='ocr_carea' id='block_1_6' title="bbox 490 945 2693 1150">
    <p class='ocr_par' dir='ltr' id='par_1_6' title="bbox 490 945 2693 1150">
     <span class='ocr_line' id='line_1_8' title="bbox 490 945 2693 1044; baseline -0.01 -16"><span class='ocrx_word' id='word_1_43' title='bbox 490 965 685 1028; x_wconf 82' lang='lat' dir='ltr'><strong>vicos</strong></span> <span class='ocrx_word' id='word_1_44' title='bbox 747 959 1198 1044; x_wconf 84' lang='lat' dir='ltr'><strong>depopulatur</strong></span> <span class='ocrx_word' id='word_1_45' title='bbox 1250 961 1456 1038; x_wconf 89' lang='lat' dir='ltr'><strong>atque</strong></span> <span class='ocrx_word' id='word_1_46' title='bbox 1502 954 1663 1017; x_wconf 88' lang='lat' dir='ltr'><strong>urit.</strong></span> <span class='ocrx_word' id='word_1_47' title='bbox 1751 950 1988 1033; x_wconf 84' lang='lat' dir='ltr'><strong>Legati</strong></span> <span class='ocrx_word' id='word_1_48' title='bbox 2035 947 2275 1012; x_wconf 86' lang='lat' dir='ltr'><strong>deinde</strong></span> <span class='ocrx_word' id='word_1_49' title='bbox 2321 945 2651 1010; x_wconf 86' lang='lat' dir='ltr'><strong>Abiorum</strong></span> <span class='ocrx_word' id='word_1_50' title='bbox 2671 951 2693 977; x_wconf 68' lang='lat'><strong>⁶</strong></span> 
     </span>
     <span class='ocr_line' id='line_1_9' title="bbox 492 1044 2693 1150; baseline -0.01 -20"><span class='ocrx_word' id='word_1_51' title='bbox 492 1054 893 1150; x_wconf 81' lang='lat' dir='ltr'><strong>Scytharum</strong></span> <span class='ocrx_word' id='word_1_52' title='bbox 910 1059 1373 1144; x_wconf 86' lang='lat' dir='ltr'><strong>superveniunt</strong></span> <span class='ocrx_word' id='word_1_53' title='bbox 1392 1077 1411 1138; x_wconf 80' lang='lat'>3</span> <span class='ocrx_word' id='word_1_54' title='bbox 1449 1055 1667 1132; x_wconf 89' lang='lat' dir='ltr'><strong>liberi,</strong></span> <span class='ocrx_word' id='word_1_55' title='bbox 1681 1073 1772 1119; x_wconf 82' lang='lat' dir='ltr'><strong>ex</strong></span> <span class='ocrx_word' id='word_1_56' title='bbox 1795 1073 1932 1137; x_wconf 89' lang='lat' dir='ltr'><strong>quo</strong></span> <span class='ocrx_word' id='word_1_57' title='bbox 1954 1052 2339 1116; x_wconf 85' lang='lat' dir='ltr'><strong>decesserat</strong></span> <span class='ocrx_word' id='word_1_58' title='bbox 2346 1044 2383 1131; x_wconf 54' lang='grc' dir='ltr'><strong>ξι</strong></span> <span class='ocrx_word' id='word_1_59' title='bbox 2429 1046 2651 1131; x_wconf 89' lang='lat' dir='ltr'><strong>Cyrus</strong></span> <span class='ocrx_word' id='word_1_60' title='bbox 2675 1066 2693 1126; x_wconf 79' lang='lat'>3</span> 
     </span>
    </p>
   </div>
   <div class='ocr_carea' id='block_1_7' title="bbox 559 1243 2696 1318">
    <p class='ocr_par' dir='ltr' id='par_1_7' title="bbox 559 1243 2696 1318">
     <span class='ocr_line' id='line_1_10' title="bbox 559 1243 2696 1318; baseline -0.011 -5"><span class='ocrx_word' id='word_1_61' title='bbox 559 1261 581 1293; x_wconf 74' lang='lat'>⁶</span> <span class='ocrx_word' id='word_1_62' title='bbox 611 1261 913 1312; x_wconf 66' lang='lat' dir='ltr'><strong>Existimatio</strong></span> <span class='ocrx_word' id='word_1_63' title='bbox 933 1262 1161 1310; x_wconf 64' lang='lat' dir='ltr'><strong>delectam</strong></span> <span class='ocrx_word' id='word_1_64' title='bbox 1179 1272 1313 1312; x_wconf 72' lang='lat' dir='ltr'><strong>mm</strong></span> <span class='ocrx_word' id='word_1_65' title='bbox 1335 1257 1449 1318; x_wconf 82' lang='lat' dir='ltr'><strong>sore</strong></span> <span class='ocrx_word' id='word_1_66' title='bbox 1468 1254 1684 1305; x_wconf 75' lang='lat' dir='ltr'><strong>odiosum</strong></span> <span class='ocrx_word' id='word_1_67' title='bbox 1716 1254 1784 1303; x_wconf 76' lang='lat' dir='ltr'><strong>iis</strong></span> <span class='ocrx_word' id='word_1_68' title='bbox 1818 1251 1902 1316; x_wconf 76' lang='lat' dir='ltr'><strong>qui</strong></span> <span class='ocrx_word' id='word_1_69' title='bbox 1936 1250 1996 1300; x_wconf 83' lang='lat' dir='ltr'><strong>ab</strong></span> <span class='ocrx_word' id='word_1_70' title='bbox 2033 1264 2086 1300; x_wconf 85' lang='lat' dir='ltr'><strong>co</strong></span> <span class='ocrx_word' id='word_1_71' title='bbox 2120 1248 2297 1298; x_wconf 68' lang='lat' dir='ltr'><strong>exclusi</strong></span> <span class='ocrx_word' id='word_1_72' title='bbox 2334 1252 2514 1307; x_wconf 76' lang='lat' dir='ltr'><strong>essent,</strong></span> <span class='ocrx_word' id='word_1_73' title='bbox 2546 1243 2696 1293; x_wconf 72' lang='lat' dir='ltr'><strong>voluit</strong></span> 
     </span>
    </p>
   </div>
   <div class='ocr_carea' id='block_1_8' title="bbox 498 1326 1400 1390">
    <p class='ocr_par' dir='ltr' id='par_1_8' title="bbox 498 1326 1400 1390">
     <span class='ocr_line' id='line_1_11' title="bbox 498 1326 1400 1390; baseline -0.001 -16"><span class='ocrx_word' id='word_1_74' title='bbox 498 1332 723 1390; x_wconf 69' lang='lat' dir='ltr'><strong>utrosque</strong></span> <span class='ocrx_word' id='word_1_75' title='bbox 742 1326 942 1377; x_wconf 76' lang='lat' dir='ltr'><strong>alternis</strong></span> <span class='ocrx_word' id='word_1_76' title='bbox 961 1327 1172 1375; x_wconf 75' lang='lat' dir='ltr'><strong>lecticam</strong></span> <span class='ocrx_word' id='word_1_77' title='bbox 1189 1329 1400 1387; x_wconf 79' lang='lat' dir='ltr'><strong>gestare.</strong></span> 
     </span>
    </p>
   </div>
   <div class='ocr_carea' id='block_1_9' title="bbox 1408 1449 1717 1472">
    <p class='ocr_par' dir='ltr' id='par_1_9' title="bbox 1408 1449 1717 1472">
     <span class='ocr_line' id='line_1_12' title="bbox 1408 1449 1717 1472; baseline 0 3461"><span class='ocrx_word' id='word_1_78' title='bbox 1408 1449 1717 1472; x_wconf 95' lang='lat' dir='ltr'><strong> </strong></span> 
     </span>
    </p>
   </div>
   <div class='ocr_carea' id='block_1_10' title="bbox 1717 1449 1780 1469">
    <p class='ocr_par' dir='ltr' id='par_1_10' title="bbox 1717 1449 1780 1469">
     <span class='ocr_line' id='line_1_13' title="bbox 1717 1449 1780 1469; baseline 0.016 -1"><span class='ocrx_word' id='word_1_79' title='bbox 1717 1449 1780 1469; x_wconf 55' lang='lat'><strong>00</strong></span> 
     </span>
    </p>
   </div>
   <div class='ocr_carea' id='block_1_11' title="bbox 492 1541 2700 1681">
    <p class='ocr_par' dir='ltr' id='par_1_11' title="bbox 492 1541 2700 1681">
     <span class='ocr_line' id='line_1_14' title="bbox 492 1541 2700 1618; baseline -0.006 -16"><span class='ocrx_word' id='word_1_80' title='bbox 492 1553 666 1618; x_wconf 79' lang='lat' dir='ltr'><strong>partis.</strong></span> <span class='ocrx_word' id='word_1_81' title='bbox 731 1554 927 1605; x_wconf 83' lang='lat' dir='ltr'><strong>Eadem</strong></span> <span class='ocrx_word' id='word_1_82' title='bbox 950 1563 1005 1607; x_wconf 87' lang='lat' dir='ltr'><strong>et</strong></span> <span class='ocrx_word' id='word_1_83' title='bbox 1028 1556 1141 1606; x_wconf 91' lang='lat' dir='ltr'><strong>Col.</strong></span> <span class='ocrx_word' id='word_1_84' title='bbox 1165 1561 1212 1606; x_wconf 75' lang='lat' dir='ltr'><strong>et</strong></span> <span class='ocrx_word' id='word_1_85' title='bbox 1231 1554 1456 1618; x_wconf 72' lang='lat' dir='ltr'><strong>praeturiu</strong></span> <span class='ocrx_word' id='word_1_86' title='bbox 1473 1554 1823 1617; x_wconf 67' lang='lat' dir='ltr'><strong>gravem—10</strong></span> <span class='ocrx_word' id='word_1_87' title='bbox 1862 1549 1990 1599; x_wconf 79' lang='lat' dir='ltr'><strong>Tunc</strong></span> <span class='ocrx_word' id='word_1_88' title='bbox 2011 1553 2177 1612; x_wconf 75' lang='lat' dir='ltr'><strong>quarto</strong></span> <span class='ocrx_word' id='word_1_89' title='bbox 2198 1546 2276 1595; x_wconf 80' lang='lat' dir='ltr'><strong>dic</strong></span> <span class='ocrx_word' id='word_1_90' title='bbox 2299 1545 2453 1593; x_wconf 80' lang='lat' dir='ltr'><strong>Voss.</strong></span> <span class='ocrx_word' id='word_1_91' title='bbox 2476 1547 2528 1591; x_wconf 85' lang='grc'><strong>2.</strong></span> <span class='ocrx_word' id='word_1_92' title='bbox 2585 1541 2700 1590; x_wconf 83' lang='lat' dir='ltr'><strong>Ma·</strong></span> 
     </span>
     <span class='ocr_line' id='line_1_15' title="bbox 499 1606 2700 1681; baseline -0.006 -14"><span class='ocrx_word' id='word_1_93' title='bbox 499 1624 699 1681; x_wconf 76' lang='lat' dir='ltr'><strong>mpeuta</strong></span> <span class='ocrx_word' id='word_1_94' title='bbox 722 1620 954 1671; x_wconf 87' lang='lat' dir='ltr'><strong>Florent.</strong></span> <span class='ocrx_word' id='word_1_95' title='bbox 990 1621 1140 1671; x_wconf 86' lang='lat' dir='ltr'><strong>Leid.</strong></span> <span class='ocrx_word' id='word_1_96' title='bbox 1164 1621 1317 1670; x_wconf 83' lang='lat' dir='ltr'><strong>Voss.</strong></span> <span class='ocrx_word' id='word_1_97' title='bbox 1339 1623 1390 1669; x_wconf 89' lang='grc'><strong>2.</strong></span> <span class='ocrx_word' id='word_1_98' title='bbox 1430 1620 1572 1668; x_wconf 91' lang='lat' dir='ltr'><strong>Dan.</strong></span> <span class='ocrx_word' id='word_1_99' title='bbox 1609 1616 1728 1666; x_wconf 85' lang='lat' dir='ltr'><strong>Ald.</strong></span> <span class='ocrx_word' id='word_1_100' title='bbox 1770 1615 1939 1665; x_wconf 89' lang='lat' dir='ltr'><strong>Colin.</strong></span> <span class='ocrx_word' id='word_1_101' title='bbox 1973 1613 2174 1677; x_wconf 82' lang='lat' dir='ltr'><strong>Gryph.</strong></span> <span class='ocrx_word' id='word_1_102' title='bbox 2198 1612 2320 1659; x_wconf 91' lang='lat' dir='ltr'><strong>Bas.</strong></span> <span class='ocrx_word' id='word_1_103' title='bbox 2343 1609 2458 1658; x_wconf 87' lang='lat' dir='ltr'><strong>Col.</strong></span> <span class='ocrx_word' id='word_1_104' title='bbox 2480 1613 2538 1657; x_wconf 82' lang='lat' dir='ltr'><strong>et</strong></span> <span class='ocrx_word' id='word_1_105' title='bbox 2562 1606 2700 1654; x_wconf 83' lang='lat' dir='ltr'><strong>Mer.</strong></span> 
     </span>
    </p>
   </div>
   <div class='ocr_carea' id='block_1_12' title="bbox 497 1684 1333 1810">
    <p class='ocr_par' dir='ltr' id='par_1_12' title="bbox 497 1684 1333 1810">
     <span class='ocr_line' id='line_1_16' title="bbox 497 1684 1333 1749; baseline 0.002 -16"><span class='ocrx_word' id='word_1_106' title='bbox 497 1684 808 1747; x_wconf 64' lang='lat' dir='ltr'><strong>mmmmm</strong></span> <span class='ocrx_word' id='word_1_107' title='bbox 828 1685 945 1738; x_wconf 86' lang='lat' dir='ltr'><strong>Pal.</strong></span> <span class='ocrx_word' id='word_1_108' title='bbox 966 1691 1017 1738; x_wconf 88' lang='lat'><strong>1.</strong></span> <span class='ocrx_word' id='word_1_109' title='bbox 1067 1687 1333 1749; x_wconf 71' lang='lat' dir='ltr'><strong>Manapent</strong></span> 
     </span>
     <span class='ocr_line' id='line_1_17' title="bbox 499 1750 1280 1810; baseline 0.001 -13"><span class='ocrx_word' id='word_1_110' title='bbox 499 1763 592 1798; x_wconf 81' lang='lat' dir='ltr'><strong>arx</strong></span> <span class='ocrx_word' id='word_1_111' title='bbox 613 1750 805 1800; x_wconf 85' lang='lat' dir='ltr'><strong>Fauch.</strong></span> <span class='ocrx_word' id='word_1_112' title='bbox 830 1766 949 1801; x_wconf 80' lang='lat' dir='ltr'><strong>arex</strong></span> <span class='ocrx_word' id='word_1_113' title='bbox 963 1768 984 1810; x_wconf 89' lang='lat'><em>;</em></span> <span class='ocrx_word' id='word_1_114' title='bbox 1016 1750 1162 1802; x_wconf 84' lang='lat' dir='ltr'><strong>Pith.</strong></span> <span class='ocrx_word' id='word_1_115' title='bbox 1182 1765 1280 1800; x_wconf 81' lang='lat' dir='ltr'><strong>ars.</strong></span> 
     </span>
    </p>
   </div>
   <div class='ocr_carea' id='block_1_13' title="bbox 1332 1678 2704 1798">
    <p class='ocr_par' dir='ltr' id='par_1_13' title="bbox 1332 1678 2704 1798">
     <span class='ocr_line' id='line_1_18' title="bbox 1332 1678 2217 1743; baseline -0.011 -10"><span class='ocrx_word' id='word_1_116' title='bbox 1332 1701 1363 1733; x_wconf 89' lang='lat' dir='ltr'><strong>a</strong></span> <span class='ocrx_word' id='word_1_117' title='bbox 1385 1685 1535 1733; x_wconf 80' lang='lat' dir='ltr'><strong>Voss.</strong></span> <span class='ocrx_word' id='word_1_118' title='bbox 1577 1690 1618 1733; x_wconf 84' lang='lat'><strong>1.</strong></span> <span class='ocrx_word' id='word_1_119' title='bbox 1655 1689 1712 1731; x_wconf 83' lang='lat' dir='ltr'><strong>et</strong></span> <span class='ocrx_word' id='word_1_120' title='bbox 1746 1681 1916 1743; x_wconf 77' lang='lat' dir='ltr'><strong>Bong.</strong></span> <span class='ocrx_word' id='word_1_121' title='bbox 1939 1682 1989 1728; x_wconf 92' lang='grc'><strong>2.</strong></span> <span class='ocrx_word' id='word_1_122' title='bbox 2038 1678 2217 1738; x_wconf 73' lang='lat' dir='ltr'><strong>Mar-up</strong></span> 
     </span>
     <span class='ocr_line' id='line_1_19' title="bbox 1346 1734 2704 1798; baseline -0.011 0"><span class='ocrx_word' id='word_1_123' title='bbox 1346 1750 1576 1798; x_wconf 84' lang='lat' dir='ltr'><strong>Florent.</strong></span> <span class='ocrx_word' id='word_1_124' title='bbox 1604 1745 1752 1796; x_wconf 89' lang='lat' dir='ltr'><strong>Leid.</strong></span> <span class='ocrx_word' id='word_1_125' title='bbox 1772 1746 1919 1794; x_wconf 88' lang='lat' dir='ltr'><strong>Voss.</strong></span> <span class='ocrx_word' id='word_1_126' title='bbox 1944 1747 1990 1792; x_wconf 88' lang='lat'><strong>1.</strong></span> <span class='ocrx_word' id='word_1_127' title='bbox 2023 1743 2159 1791; x_wconf 89' lang='lat' dir='ltr'><strong>Mer.</strong></span> <span class='ocrx_word' id='word_1_128' title='bbox 2187 1742 2308 1789; x_wconf 80' lang='lat' dir='ltr'><strong>Bas.</strong></span> <span class='ocrx_word' id='word_1_129' title='bbox 2341 1738 2454 1788; x_wconf 87' lang='lat' dir='ltr'><strong>Col.</strong></span> <span class='ocrx_word' id='word_1_130' title='bbox 2491 1734 2613 1785; x_wconf 85' lang='lat' dir='ltr'><strong>Ald.</strong></span> <span class='ocrx_word' id='word_1_131' title='bbox 2648 1741 2704 1783; x_wconf 84' lang='lat' dir='ltr'><strong>et</strong></span> 
     </span>
    </p>
   </div>
   <div class='ocr_carea' id='block_1_14' title="bbox 2218 1672 2701 1725">
    <p class='ocr_par' dir='ltr' id='par_1_14' title="bbox 2218 1672 2701 1725">
     <span class='ocr_line' id='line_1_20' title="bbox 2218 1672 2701 1725; baseline -0.014 0"><span class='ocrx_word' id='word_1_132' title='bbox 2218 1675 2361 1725; x_wconf 73' lang='lat' dir='ltr'><strong>cutha</strong></span> <span class='ocrx_word' id='word_1_133' title='bbox 2382 1674 2528 1723; x_wconf 85' lang='lat' dir='ltr'><strong>Pith.</strong></span> <span class='ocrx_word' id='word_1_134' title='bbox 2595 1672 2701 1719; x_wconf 87' lang='lat' dir='ltr'><strong>Pro</strong></span> 
     </span>
    </p>
   </div>
   <div class='ocr_carea' id='block_1_15' title="bbox 496 1799 2704 1946">
    <p class='ocr_par' dir='ltr' id='par_1_15' title="bbox 496 1799 2704 1946">
     <span class='ocr_line' id='line_1_21' title="bbox 496 1799 2703 1879; baseline -0.007 -17"><span class='ocrx_word' id='word_1_135' title='bbox 496 1813 645 1863; x_wconf 82' lang='lat' dir='ltr'><strong>Mod.</strong></span> <span class='ocrx_word' id='word_1_136' title='bbox 670 1816 802 1865; x_wconf 75' lang='lat' dir='ltr'><strong>illinc</strong></span> <span class='ocrx_word' id='word_1_137' title='bbox 822 1817 1036 1879; x_wconf 76' lang='lat' dir='ltr'><strong>cingitur</strong></span> <span class='ocrx_word' id='word_1_138' title='bbox 1056 1830 1190 1866; x_wconf 79' lang='lat' dir='ltr'><strong>muro</strong></span> <span class='ocrx_word' id='word_1_139' title='bbox 1210 1831 1265 1864; x_wconf 89' lang='lat' dir='ltr'><strong>ac</strong></span> <span class='ocrx_word' id='word_1_140' title='bbox 1286 1813 1543 1877; x_wconf 74' lang='lat' dir='ltr'><strong>praesidio3</strong></span> <span class='ocrx_word' id='word_1_141' title='bbox 1576 1814 1728 1861; x_wconf 83' lang='lat' dir='ltr'><strong>Voss.</strong></span> <span class='ocrx_word' id='word_1_142' title='bbox 1750 1814 1800 1860; x_wconf 87' lang='grc'><strong>2.</strong></span> <span class='ocrx_word' id='word_1_143' title='bbox 1832 1810 1935 1858; x_wconf 75' lang='lat' dir='ltr'><strong>illic</strong></span> <span class='ocrx_word' id='word_1_144' title='bbox 1964 1807 2180 1869; x_wconf 75' lang='lat' dir='ltr'><strong>cingitur</strong></span> <span class='ocrx_word' id='word_1_145' title='bbox 2200 1819 2333 1853; x_wconf 76' lang='lat' dir='ltr'><strong>muro</strong></span> <span class='ocrx_word' id='word_1_146' title='bbox 2352 1819 2413 1851; x_wconf 87' lang='lat' dir='ltr'><strong>ac</strong></span> <span class='ocrx_word' id='word_1_147' title='bbox 2439 1799 2671 1865; x_wconf 69' lang='lat' dir='ltr'><strong>prasidio</strong></span> <span class='ocrx_word' id='word_1_148' title='bbox 2682 1814 2703 1856; x_wconf 77' lang='lat'><strong>,-</strong></span> 
     </span>
     <span class='ocr_line' id='line_1_22' title="bbox 499 1865 2704 1946; baseline -0.007 -20"><span class='ocrx_word' id='word_1_149' title='bbox 499 1878 622 1928; x_wconf 85' lang='lat' dir='ltr'><strong>edd.</strong></span> <span class='ocrx_word' id='word_1_150' title='bbox 661 1880 859 1946; x_wconf 80' lang='lat' dir='ltr'><strong>antiqq.</strong></span> <span class='ocrx_word' id='word_1_151' title='bbox 898 1888 955 1931; x_wconf 85' lang='lat' dir='ltr'><strong>et</strong></span> <span class='ocrx_word' id='word_1_152' title='bbox 993 1886 1211 1930; x_wconf 79' lang='lat' dir='ltr'><strong>recentt.</strong></span> <span class='ocrx_word' id='word_1_153' title='bbox 1253 1887 1374 1943; x_wconf 86' lang='lat' dir='ltr'><strong>post</strong></span> <span class='ocrx_word' id='word_1_154' title='bbox 1412 1878 1650 1929; x_wconf 84' lang='lat' dir='ltr'><strong>Freinsh.</strong></span> <span class='ocrx_word' id='word_1_155' title='bbox 1674 1877 1823 1925; x_wconf 61' lang='lat' dir='ltr'><strong>‘anilo</strong></span> <span class='ocrx_word' id='word_1_156' title='bbox 1859 1873 2073 1936; x_wconf 72' lang='lat' dir='ltr'><strong>cingitur</strong></span> <span class='ocrx_word' id='word_1_157' title='bbox 2102 1885 2255 1920; x_wconf 73' lang='lat' dir='ltr'><strong>mro.</strong></span> <span class='ocrx_word' id='word_1_158' title='bbox 2322 1865 2587 1924; x_wconf 71' lang='lat' dir='ltr'><strong>Prasiaio,</strong></span> <span class='ocrx_word' id='word_1_159' title='bbox 2622 1867 2704 1926; x_wconf 64' lang='lat' dir='ltr'><strong>asc.</strong></span> 
     </span>
    </p>
   </div>
   <div class='ocr_carea' id='block_1_16' title="bbox 501 1942 1150 2009">
    <p class='ocr_par' dir='ltr' id='par_1_16' title="bbox 501 1942 1150 2009">
     <span class='ocr_line' id='line_1_23' title="bbox 501 1942 1150 2009; baseline 0.003 -17"><span class='ocrx_word' id='word_1_160' title='bbox 501 1942 687 1996; x_wconf 84' lang='lat' dir='ltr'><strong>Heius.</strong></span> <span class='ocrx_word' id='word_1_161' title='bbox 707 1947 845 2009; x_wconf 84' lang='lat' dir='ltr'><strong>conj.</strong></span> <span class='ocrx_word' id='word_1_162' title='bbox 878 1962 971 1996; x_wconf 78' lang='lat' dir='ltr'><strong>arx</strong></span> <span class='ocrx_word' id='word_1_163' title='bbox 985 1948 1085 1995; x_wconf 75' lang='lat' dir='ltr'><strong>‘alio</strong></span> <span class='ocrx_word' id='word_1_164' title='bbox 1106 1947 1150 1995; x_wconf 86' lang='lat' dir='ltr'><strong>ci</strong></span> 
     </span>
    </p>
   </div>
   <div class='ocr_carea' id='block_1_17' title="bbox 1152 1930 2709 2008">
    <p class='ocr_par' dir='ltr' id='par_1_17' title="bbox 1152 1930 2709 2008">
     <span class='ocr_line' id='line_1_24' title="bbox 1152 1930 2709 2008; baseline -0.013 -12"><span class='ocrx_word' id='word_1_165' title='bbox 1152 1945 1319 2008; x_wconf 77' lang='lat' dir='ltr'><strong>agitur</strong></span> <span class='ocrx_word' id='word_1_166' title='bbox 1339 1958 1489 1993; x_wconf 82' lang='lat' dir='ltr'><strong>maro.</strong></span> <span class='ocrx_word' id='word_1_167' title='bbox 1557 1943 1789 1991; x_wconf 83' lang='lat' dir='ltr'><strong>Florent.</strong></span> <span class='ocrx_word' id='word_1_168' title='bbox 1815 1940 1984 2001; x_wconf 67' lang='grc' dir='ltr'><strong>Βοῦς.</strong></span> <span class='ocrx_word' id='word_1_169' title='bbox 2005 1942 2054 1987; x_wconf 86' lang='grc'><strong>2.</strong></span> <span class='ocrx_word' id='word_1_170' title='bbox 2085 1943 2140 1985; x_wconf 88' lang='lat' dir='ltr'><strong>et</strong></span> <span class='ocrx_word' id='word_1_171' title='bbox 2167 1936 2314 1983; x_wconf 83' lang='lat' dir='ltr'><strong>Voss.</strong></span> <span class='ocrx_word' id='word_1_172' title='bbox 2338 1936 2388 1981; x_wconf 91' lang='lat'><strong>1.</strong></span> <span class='ocrx_word' id='word_1_173' title='bbox 2412 1930 2548 1980; x_wconf 71' lang='lat' dir='ltr'><strong>urbis</strong></span> <span class='ocrx_word' id='word_1_174' title='bbox 2564 1930 2709 2004; x_wconf 54' lang='lat' dir='ltr'><strong>relic-</strong></span> 
     </span>
    </p>
   </div>
   <div class='ocr_carea' id='block_1_18' title="bbox 495 1995 2711 2267">
    <p class='ocr_par' dir='ltr' id='par_1_18' title="bbox 495 1995 2711 2267">
     <span class='ocr_line' id='line_1_25' title="bbox 495 1995 2707 2066; baseline -0.007 -8"><span class='ocrx_word' id='word_1_175' title='bbox 495 2013 603 2066; x_wconf 72' lang='lat' dir='ltr'><strong>tos3</strong></span> <span class='ocrx_word' id='word_1_176' title='bbox 635 2009 782 2060; x_wconf 87' lang='lat' dir='ltr'><strong>Leid.</strong></span> <span class='ocrx_word' id='word_1_177' title='bbox 804 2012 955 2061; x_wconf 86' lang='lat' dir='ltr'><strong>Voss.</strong></span> <span class='ocrx_word' id='word_1_178' title='bbox 977 2016 1027 2062; x_wconf 90' lang='grc'><strong>2.</strong></span> <span class='ocrx_word' id='word_1_179' title='bbox 1067 2010 1185 2058; x_wconf 83' lang='lat' dir='ltr'><strong>Ald.</strong></span> <span class='ocrx_word' id='word_1_180' title='bbox 1207 2010 1344 2059; x_wconf 88' lang='lat' dir='ltr'><strong>Mer.</strong></span> <span class='ocrx_word' id='word_1_181' title='bbox 1365 2009 1488 2057; x_wconf 80' lang='lat' dir='ltr'><strong>Bas.</strong></span> <span class='ocrx_word' id='word_1_182' title='bbox 1511 2011 1566 2058; x_wconf 79' lang='lat' dir='ltr'><strong>et</strong></span> <span class='ocrx_word' id='word_1_183' title='bbox 1587 2007 1703 2057; x_wconf 86' lang='lat' dir='ltr'><strong>Col.</strong></span> <span class='ocrx_word' id='word_1_184' title='bbox 1732 2005 1864 2054; x_wconf 79' lang='lat' dir='ltr'><strong>urbis</strong></span> <span class='ocrx_word' id='word_1_185' title='bbox 1894 2003 2062 2053; x_wconf 78' lang='lat' dir='ltr'><strong>relicto</strong></span> <span class='ocrx_word' id='word_1_186' title='bbox 2076 2018 2097 2061; x_wconf 80' lang='lat'><strong>,-</strong></span> <span class='ocrx_word' id='word_1_187' title='bbox 2129 1999 2245 2049; x_wconf 76' lang='lat' dir='ltr'><strong>Pal.</strong></span> <span class='ocrx_word' id='word_1_188' title='bbox 2270 2004 2316 2047; x_wconf 86' lang='lat'><strong>1.</strong></span> <span class='ocrx_word' id='word_1_189' title='bbox 2349 1996 2485 2045; x_wconf 72' lang='lat' dir='ltr'><strong>urbis</strong></span> <span class='ocrx_word' id='word_1_190' title='bbox 2504 1995 2707 2043; x_wconf 71' lang='lat' dir='ltr'><strong>relictis.</strong></span> 
     </span>
     <span class='ocr_line' id='line_1_26' title="bbox 502 2060 2710 2138; baseline -0.008 -17"><span class='ocrx_word' id='word_1_191' title='bbox 502 2072 656 2123; x_wconf 81' lang='lat' dir='ltr'><strong>Voss.</strong></span> <span class='ocrx_word' id='word_1_192' title='bbox 680 2078 727 2124; x_wconf 87' lang='grc'><strong>2.</strong></span> <span class='ocrx_word' id='word_1_193' title='bbox 758 2075 997 2138; x_wconf 78' lang='lat' dir='ltr'><strong>proximos</strong></span> <span class='ocrx_word' id='word_1_194' title='bbox 1032 2077 1141 2125; x_wconf 77' lang='lat' dir='ltr'><strong>inde</strong></span> <span class='ocrx_word' id='word_1_195' title='bbox 1183 2075 1456 2124; x_wconf 54' lang='lat' dir='ltr'><strong>vicose-—ll</strong></span> <span class='ocrx_word' id='word_1_196' title='bbox 1493 2073 1725 2122; x_wconf 84' lang='lat' dir='ltr'><strong>Florent.</strong></span> <span class='ocrx_word' id='word_1_197' title='bbox 1760 2069 1909 2120; x_wconf 81' lang='lat' dir='ltr'><strong>Leid.</strong></span> <span class='ocrx_word' id='word_1_198' title='bbox 1950 2068 2102 2116; x_wconf 88' lang='lat' dir='ltr'><strong>Voss.</strong></span> <span class='ocrx_word' id='word_1_199' title='bbox 2145 2069 2195 2114; x_wconf 88' lang='lat'><strong>1.</strong></span> <span class='ocrx_word' id='word_1_200' title='bbox 2230 2068 2281 2112; x_wconf 83' lang='lat'><strong>2.</strong></span> <span class='ocrx_word' id='word_1_201' title='bbox 2329 2064 2473 2111; x_wconf 88' lang='lat' dir='ltr'><strong>Dan.</strong></span> <span class='ocrx_word' id='word_1_202' title='bbox 2512 2060 2632 2108; x_wconf 88' lang='lat' dir='ltr'><strong>Pal.</strong></span> <span class='ocrx_word' id='word_1_203' title='bbox 2659 2061 2710 2105; x_wconf 85' lang='lat'><strong>1.</strong></span> 
     </span>
     <span class='ocr_line' id='line_1_27' title="bbox 502 2123 2711 2201; baseline -0.007 -16"><span class='ocrx_word' id='word_1_204' title='bbox 502 2137 672 2201; x_wconf 83' lang='lat' dir='ltr'><strong>Bong.</strong></span> <span class='ocrx_word' id='word_1_205' title='bbox 711 2140 848 2190; x_wconf 89' lang='lat' dir='ltr'><strong>Mer.</strong></span> <span class='ocrx_word' id='word_1_206' title='bbox 888 2141 1006 2190; x_wconf 86' lang='lat' dir='ltr'><strong>Bas.</strong></span> <span class='ocrx_word' id='word_1_207' title='bbox 1043 2146 1100 2189; x_wconf 86' lang='lat' dir='ltr'><strong>et</strong></span> <span class='ocrx_word' id='word_1_208' title='bbox 1133 2140 1245 2189; x_wconf 92' lang='lat' dir='ltr'><strong>Col.</strong></span> <span class='ocrx_word' id='word_1_209' title='bbox 1286 2139 1548 2195; x_wconf 57' lang='lat' dir='ltr'><strong>Aulai-um</strong></span> <span class='ocrx_word' id='word_1_210' title='bbox 1581 2134 1706 2187; x_wconf 90' lang='lat' dir='ltr'><strong>Ald.</strong></span> <span class='ocrx_word' id='word_1_211' title='bbox 1737 2133 2017 2189; x_wconf 68' lang='lat' dir='ltr'><strong>Albiorum</strong></span> <span class='ocrx_word' id='word_1_212' title='bbox 2065 2129 2212 2181; x_wconf 79' lang='lat' dir='ltr'><strong>Mod.</strong></span> <span class='ocrx_word' id='word_1_213' title='bbox 2250 2127 2405 2176; x_wconf 89' lang='lat' dir='ltr'><strong>Frob.</strong></span> <span class='ocrx_word' id='word_1_214' title='bbox 2437 2132 2496 2201; x_wconf 72' lang='lat' dir='ltr'><strong>et</strong></span> <span class='ocrx_word' id='word_1_215' title='bbox 2519 2123 2711 2200; x_wconf 37' lang='lat' dir='ltr'><strong>‘Aius-t..</strong></span> 
     </span>
     <span class='ocr_line' id='line_1_28' title="bbox 499 2193 2711 2267; baseline -0.008 -14"><span class='ocrx_word' id='word_1_216' title='bbox 499 2201 747 2254; x_wconf 69' lang='lat' dir='ltr'><strong>Animam.</strong></span> <span class='ocrx_word' id='word_1_217' title='bbox 814 2205 962 2255; x_wconf 79' lang='lat' dir='ltr'><strong>Voss.</strong></span> <span class='ocrx_word' id='word_1_218' title='bbox 995 2209 1042 2255; x_wconf 84' lang='lat'><strong>1.</strong></span> <span class='ocrx_word' id='word_1_219' title='bbox 1087 2204 1292 2255; x_wconf 76' lang='lat' dir='ltr'><strong>citarum</strong></span> <span class='ocrx_word' id='word_1_220' title='bbox 1328 2202 1679 2267; x_wconf 73' lang='lat' dir='ltr'><strong>superveniant.</strong></span> <span class='ocrx_word' id='word_1_221' title='bbox 1763 2198 1886 2249; x_wconf 92' lang='lat' dir='ltr'><strong>Ald.</strong></span> <span class='ocrx_word' id='word_1_222' title='bbox 1928 2197 2089 2248; x_wconf 64' lang='lat' dir='ltr'><strong>liam.</strong></span> <span class='ocrx_word' id='word_1_223' title='bbox 2172 2193 2315 2244; x_wconf 87' lang='lat' dir='ltr'><strong>Pith.</strong></span> <span class='ocrx_word' id='word_1_224' title='bbox 2357 2196 2582 2251; x_wconf 73' lang='lat' dir='ltr'><strong>omittit,</strong></span> <span class='ocrx_word' id='word_1_225' title='bbox 2614 2202 2711 2237; x_wconf 75' lang='lat' dir='ltr'><strong>am</strong></span> 
     </span>
    </p>
   </div>
   <div class='ocr_carea' id='block_1_19' title="bbox 1492 2347 1707 2400">
    <p class='ocr_par' dir='ltr' id='par_1_19' title="bbox 1492 2347 1707 2400">
     <span class='ocr_line' id='line_1_29' title="bbox 1492 2347 1707 2400; baseline -0.019 0"><span class='ocrx_word' id='word_1_226' title='bbox 1492 2347 1707 2400; x_wconf 79' lang='lat' dir='ltr'>NOTAE</span> 
     </span>
    </p>
   </div>
   <div class='ocr_carea' id='block_1_20' title="bbox 499 2445 1568 3129">
    <p class='ocr_par' dir='ltr' id='par_1_20' title="bbox 499 2445 1568 3129">
     <span class='ocr_line' id='line_1_30' title="bbox 563 2445 1561 2512; baseline 0 -16"><span class='ocrx_word' id='word_1_227' title='bbox 563 2445 588 2479; x_wconf 61' lang='grc' dir='ltr'><strong><em>Β</em></strong></span> <span class='ocrx_word' id='word_1_228' title='bbox 623 2446 937 2512; x_wconf 78' lang='lat' dir='ltr'><strong>Maracanda]</strong></span> <span class='ocrx_word' id='word_1_229' title='bbox 994 2448 1125 2500; x_wconf 81' lang='lat' dir='ltr'><strong>Haec</strong></span> <span class='ocrx_word' id='word_1_230' title='bbox 1176 2448 1438 2500; x_wconf 85' lang='lat' dir='ltr'><strong>Germana</strong></span> <span class='ocrx_word' id='word_1_231' title='bbox 1479 2455 1561 2497; x_wconf 85' lang='lat' dir='ltr'><strong>est</strong></span> 
     </span>
     <span class='ocr_line' id='line_1_31' title="bbox 499 2523 1563 2592; baseline 0.003 -20"><span class='ocrx_word' id='word_1_232' title='bbox 499 2523 652 2587; x_wconf 85' lang='lat' dir='ltr'><strong>hujus</strong></span> <span class='ocrx_word' id='word_1_233' title='bbox 674 2525 814 2574; x_wconf 90' lang='lat' dir='ltr'><strong>vocis</strong></span> <span class='ocrx_word' id='word_1_234' title='bbox 837 2527 1112 2591; x_wconf 78' lang='lat' dir='ltr'><strong>scriptura,</strong></span> <span class='ocrx_word' id='word_1_235' title='bbox 1146 2542 1261 2592; x_wconf 80' lang='lat' dir='ltr'><strong>quae</strong></span> <span class='ocrx_word' id='word_1_236' title='bbox 1301 2524 1437 2590; x_wconf 86' lang='lat' dir='ltr'><strong>apud</strong></span> <span class='ocrx_word' id='word_1_237' title='bbox 1472 2540 1563 2575; x_wconf 82' lang='lat' dir='ltr'><strong>va·</strong></span> 
     </span>
     <span class='ocr_line' id='line_1_32' title="bbox 500 2598 1564 2667; baseline 0.001 -19"><span class='ocrx_word' id='word_1_238' title='bbox 500 2598 604 2649; x_wconf 88' lang='lat' dir='ltr'><strong>rios</strong></span> <span class='ocrx_word' id='word_1_239' title='bbox 625 2599 767 2649; x_wconf 81' lang='lat' dir='ltr'><strong>varie</strong></span> <span class='ocrx_word' id='word_1_240' title='bbox 790 2610 1037 2665; x_wconf 88' lang='lat' dir='ltr'><strong>corrupta</strong></span> <span class='ocrx_word' id='word_1_241' title='bbox 1067 2603 1352 2667; x_wconf 82' lang='lat' dir='ltr'><strong>reperitur;</strong></span> <span class='ocrx_word' id='word_1_242' title='bbox 1387 2601 1564 2666; x_wconf 86' lang='lat' dir='ltr'><strong>proxi·</strong></span> 
     </span>
     <span class='ocr_line' id='line_1_33' title="bbox 502 2676 1566 2742; baseline 0.001 -17"><span class='ocrx_word' id='word_1_243' title='bbox 502 2691 586 2726; x_wconf 87' lang='lat' dir='ltr'><strong>me</strong></span> <span class='ocrx_word' id='word_1_244' title='bbox 600 2691 629 2724; x_wconf 90' lang='lat' dir='ltr'><strong>a</strong></span> <span class='ocrx_word' id='word_1_245' title='bbox 642 2691 764 2726; x_wconf 84' lang='lat' dir='ltr'><strong>vero</strong></span> <span class='ocrx_word' id='word_1_246' title='bbox 776 2678 1057 2728; x_wconf 71' lang='lat' dir='ltr'><strong>Paracamla</strong></span> <span class='ocrx_word' id='word_1_247' title='bbox 1072 2679 1264 2741; x_wconf 84' lang='lat' dir='ltr'><strong>legitur</strong></span> <span class='ocrx_word' id='word_1_248' title='bbox 1275 2676 1411 2742; x_wconf 84' lang='lat' dir='ltr'><strong>apud</strong></span> <span class='ocrx_word' id='word_1_249' title='bbox 1425 2678 1566 2727; x_wconf 89' lang='lat' dir='ltr'><strong>Stra-</strong></span> 
     </span>
     <span class='ocr_line' id='line_1_34' title="bbox 503 2750 1565 2817; baseline 0.004 -18"><span class='ocrx_word' id='word_1_250' title='bbox 503 2750 686 2801; x_wconf 80' lang='lat' dir='ltr'><strong>bonem</strong></span> <span class='ocrx_word' id='word_1_251' title='bbox 720 2753 810 2804; x_wconf 87' lang='lat' dir='ltr'><strong>lib.</strong></span> <span class='ocrx_word' id='word_1_252' title='bbox 834 2766 915 2804; x_wconf 79' lang='lat' dir='ltr'><strong>xl.</strong></span> <span class='ocrx_word' id='word_1_253' title='bbox 973 2757 1103 2804; x_wconf 85' lang='lat' dir='ltr'><strong>Erat</strong></span> <span class='ocrx_word' id='word_1_254' title='bbox 1137 2756 1253 2805; x_wconf 81' lang='lat' dir='ltr'><strong>haec</strong></span> <span class='ocrx_word' id='word_1_255' title='bbox 1291 2755 1565 2817; x_wconf 61' lang='lat' dir='ltr'><strong>Sogdiana</strong></span> 
     </span>
     <span class='ocr_line' id='line_1_35' title="bbox 503 2830 1565 2898; baseline 0.003 -21"><span class='ocrx_word' id='word_1_256' title='bbox 503 2830 667 2894; x_wconf 81' lang='lat' dir='ltr'><strong>regia,</strong></span> <span class='ocrx_word' id='word_1_257' title='bbox 712 2846 861 2895; x_wconf 88' lang='lat' dir='ltr'><strong>quam</strong></span> <span class='ocrx_word' id='word_1_258' title='bbox 902 2833 1057 2898; x_wconf 83' lang='lat' dir='ltr'><strong>aliqui</strong></span> <span class='ocrx_word' id='word_1_259' title='bbox 1105 2833 1408 2882; x_wconf 85' lang='lat' dir='ltr'><strong>hodiernam</strong></span> <span class='ocrx_word' id='word_1_260' title='bbox 1452 2845 1565 2881; x_wconf 85' lang='lat' dir='ltr'><strong>esse</strong></span> 
     </span>
     <span class='ocr_line' id='line_1_36' title="bbox 504 2909 1567 2976; baseline 0 -18"><span class='ocrx_word' id='word_1_261' title='bbox 504 2915 694 2973; x_wconf 87' lang='lat' dir='ltr'><strong>putant</strong></span> <span class='ocrx_word' id='word_1_262' title='bbox 730 2909 1067 2976; x_wconf 79' lang='lat' dir='ltr'><strong>Samarcanda,</strong></span> <span class='ocrx_word' id='word_1_263' title='bbox 1124 2910 1442 2963; x_wconf 81' lang='lat' dir='ltr'><strong>Tamerlanis</strong></span> <span class='ocrx_word' id='word_1_264' title='bbox 1487 2925 1567 2959; x_wconf 88' lang='lat' dir='ltr'><strong>se-</strong></span> 
     </span>
     <span class='ocr_line' id='line_1_37' title="bbox 504 2984 1567 3039; baseline 0.003 -6"><span class='ocrx_word' id='word_1_265' title='bbox 504 2984 645 3035; x_wconf 88' lang='lat' dir='ltr'><strong>dem.</strong></span> <span class='ocrx_word' id='word_1_266' title='bbox 730 2986 851 3036; x_wconf 87' lang='lat' dir='ltr'><strong>Alia</strong></span> <span class='ocrx_word' id='word_1_267' title='bbox 905 2986 1118 3038; x_wconf 83' lang='lat' dir='ltr'><strong>fuerunt</strong></span> <span class='ocrx_word' id='word_1_268' title='bbox 1167 2990 1220 3038; x_wconf 84' lang='lat' dir='ltr'><strong>iu</strong></span> <span class='ocrx_word' id='word_1_269' title='bbox 1274 2987 1567 3039; x_wconf 81' lang='lat' dir='ltr'><strong>Bactrianis</strong></span> 
     </span>
     <span class='ocr_line' id='line_1_38' title="bbox 505 3062 1568 3129; baseline 0.004 -20"><span class='ocrx_word' id='word_1_270' title='bbox 505 3062 801 3111; x_wconf 81' lang='lat' dir='ltr'><strong>Maracanda</strong></span> <span class='ocrx_word' id='word_1_271' title='bbox 835 3064 897 3112; x_wconf 88' lang='lat' dir='ltr'><strong>ad</strong></span> <span class='ocrx_word' id='word_1_272' title='bbox 932 3063 1142 3114; x_wconf 80' lang='lat' dir='ltr'><strong>fiuvium</strong></span> <span class='ocrx_word' id='word_1_273' title='bbox 1165 3067 1568 3129; x_wconf 82' lang='lat' dir='ltr'><strong>Dargomauem‚</strong></span> 
     </span>
    </p>
   </div>
   <div class='ocr_carea' id='block_1_21' title="bbox 505 3140 1567 3265">
    <p class='ocr_par' dir='ltr' id='par_1_21' title="bbox 505 3140 1567 3265">
     <span class='ocr_line' id='line_1_39' title="bbox 505 3140 1567 3205; baseline 0.004 -21"><span class='ocrx_word' id='word_1_274' title='bbox 505 3151 622 3201; x_wconf 79' lang='lat' dir='ltr'><strong>quae</strong></span> <span class='ocrx_word' id='word_1_275' title='bbox 647 3152 920 3201; x_wconf 85' lang='lat' dir='ltr'><strong>perperam</strong></span> <span class='ocrx_word' id='word_1_276' title='bbox 945 3140 1012 3189; x_wconf 88' lang='lat' dir='ltr'><strong>ab</strong></span> <span class='ocrx_word' id='word_1_277' title='bbox 1035 3141 1286 3205; x_wconf 77' lang='lat' dir='ltr'><strong>aliquibus</strong></span> <span class='ocrx_word' id='word_1_278' title='bbox 1315 3155 1432 3191; x_wconf 88' lang='lat' dir='ltr'><strong>cum</strong></span> <span class='ocrx_word' id='word_1_279' title='bbox 1454 3141 1567 3191; x_wconf 72' lang='lat' dir='ltr'><strong>lctis</strong></span> 
     </span>
     <span class='ocr_line' id='line_1_40' title="bbox 505 3212 905 3265; baseline 0.008 -3"><span class='ocrx_word' id='word_1_280' title='bbox 505 3212 905 3265; x_wconf 86' lang='lat' dir='ltr'><strong>confunduntur.</strong></span> 
     </span>
    </p>
   </div>
   <div class='ocr_carea' id='block_1_22' title="bbox 506 3289 1579 4343">
    <p class='ocr_par' dir='ltr' id='par_1_22' title="bbox 506 3289 1579 4343">
     <span class='ocr_line' id='line_1_41' title="bbox 572 3289 1565 3354; baseline 0.001 -15"><span class='ocrx_word' id='word_1_281' title='bbox 572 3295 594 3321; x_wconf 77' lang='lat'><strong>⁰</strong></span> <span class='ocrx_word' id='word_1_282' title='bbox 635 3289 892 3354; x_wconf 75' lang='lat' dir='ltr'><strong>Abiorum]</strong></span> <span class='ocrx_word' id='word_1_283' title='bbox 947 3291 1188 3341; x_wconf 68' lang='lat' dir='ltr'><strong>Graecum</strong></span> <span class='ocrx_word' id='word_1_284' title='bbox 1233 3292 1328 3341; x_wconf 85' lang='lat' dir='ltr'><strong>hoc</strong></span> <span class='ocrx_word' id='word_1_285' title='bbox 1379 3305 1565 3340; x_wconf 89' lang='lat' dir='ltr'><strong>nomen</strong></span> 
     </span>
     <span class='ocr_line' id='line_1_42' title="bbox 507 3368 1569 3432; baseline 0 -15"><span class='ocrx_word' id='word_1_286' title='bbox 507 3381 623 3417; x_wconf 83' lang='lat' dir='ltr'><strong>esse</strong></span> <span class='ocrx_word' id='word_1_287' title='bbox 647 3368 860 3417; x_wconf 86' lang='lat' dir='ltr'><strong>dubium</strong></span> <span class='ocrx_word' id='word_1_288' title='bbox 882 3382 983 3418; x_wconf 86' lang='lat' dir='ltr'><strong>nou</strong></span> <span class='ocrx_word' id='word_1_289' title='bbox 1013 3375 1118 3428; x_wconf 67' lang='grc' dir='ltr'><strong>θείς</strong></span> <span class='ocrx_word' id='word_1_290' title='bbox 1156 3368 1246 3417; x_wconf 84' lang='lat' dir='ltr'><strong>sed</strong></span> <span class='ocrx_word' id='word_1_291' title='bbox 1270 3383 1381 3432; x_wconf 82' lang='lat' dir='ltr'><strong>quae</strong></span> <span class='ocrx_word' id='word_1_292' title='bbox 1407 3369 1569 3417; x_wconf 90' lang='lat' dir='ltr'><strong>nomi-</strong></span> 
     </span>
     <span class='ocr_line' id='line_1_43' title="bbox 508 3442 1570 3508; baseline 0.001 -17"><span class='ocrx_word' id='word_1_293' title='bbox 508 3443 587 3492; x_wconf 87' lang='lat' dir='ltr'><strong>nis</strong></span> <span class='ocrx_word' id='word_1_294' title='bbox 612 3442 922 3506; x_wconf 85' lang='lat' dir='ltr'><strong>significatio</strong></span> <span class='ocrx_word' id='word_1_295' title='bbox 946 3458 1127 3508; x_wconf 86' lang='lat' dir='ltr'><strong>quaeve</strong></span> <span class='ocrx_word' id='word_1_296' title='bbox 1164 3458 1322 3493; x_wconf 88' lang='lat' dir='ltr'><strong>causa</strong></span> <span class='ocrx_word' id='word_1_297' title='bbox 1352 3443 1435 3502; x_wconf 77' lang='lat' dir='ltr'><strong>sit,</strong></span> <span class='ocrx_word' id='word_1_298' title='bbox 1467 3456 1570 3492; x_wconf 89' lang='lat' dir='ltr'><strong>uon</strong></span> 
     </span>
     <span class='ocr_line' id='line_1_44' title="bbox 506 3519 1572 3583; baseline 0.002 -15"><span class='ocrx_word' id='word_1_299' title='bbox 506 3520 584 3569; x_wconf 87' lang='lat' dir='ltr'><strong>ita</strong></span> <span class='ocrx_word' id='word_1_300' title='bbox 615 3526 835 3579; x_wconf 88' lang='lat' dir='ltr'><strong>certum,</strong></span> <span class='ocrx_word' id='word_1_301' title='bbox 857 3519 987 3569; x_wconf 88' lang='lat' dir='ltr'><strong>adeo</strong></span> <span class='ocrx_word' id='word_1_302' title='bbox 1023 3520 1293 3582; x_wconf 81' lang='lat' dir='ltr'><strong>multiplex</strong></span> <span class='ocrx_word' id='word_1_303' title='bbox 1316 3526 1397 3568; x_wconf 87' lang='lat' dir='ltr'><strong>est</strong></span> <span class='ocrx_word' id='word_1_304' title='bbox 1417 3519 1572 3583; x_wconf 84' lang='lat' dir='ltr'><strong>hujus</strong></span> 
     </span>
     <span class='ocr_line' id='line_1_45' title="bbox 506 3595 1574 3659; baseline 0 -16"><span class='ocrx_word' id='word_1_305' title='bbox 506 3595 649 3644; x_wconf 79' lang='lat' dir='ltr'><strong>vocis</strong></span> <span class='ocrx_word' id='word_1_306' title='bbox 670 3609 863 3644; x_wconf 84' lang='lat' dir='ltr'><strong>sensus.</strong></span> <span class='ocrx_word' id='word_1_307' title='bbox 934 3596 1071 3644; x_wconf 83' lang='lat' dir='ltr'><strong>Nam</strong></span> <span class='ocrx_word' id='word_1_308' title='bbox 1093 3610 1209 3645; x_wconf 89' lang='lat' dir='ltr'><strong>cum</strong></span> <span class='ocrx_word' id='word_1_309' title='bbox 1238 3595 1377 3643; x_wconf 81' lang='lat' dir='ltr'><strong>varia</strong></span> <span class='ocrx_word' id='word_1_310' title='bbox 1399 3603 1574 3659; x_wconf 87' lang='lat' dir='ltr'><strong>potes·</strong></span> 
     </span>
     <span class='ocr_line' id='line_1_46' title="bbox 511 3672 1575 3736; baseline 0 -16"><span class='ocrx_word' id='word_1_311' title='bbox 511 3679 591 3720; x_wconf 84' lang='lat' dir='ltr'><strong>tas</strong></span> <span class='ocrx_word' id='word_1_312' title='bbox 632 3678 715 3722; x_wconf 86' lang='lat' dir='ltr'><strong>est</strong></span> <span class='ocrx_word' id='word_1_313' title='bbox 752 3672 1024 3736; x_wconf 77' lang='lat' dir='ltr'><strong>particulae</strong></span> <span class='ocrx_word' id='word_1_314' title='bbox 1065 3691 1112 3734; x_wconf 84' lang='lat' dir='ltr'><strong>a,</strong></span> <span class='ocrx_word' id='word_1_315' title='bbox 1146 3687 1259 3736; x_wconf 85' lang='lat' dir='ltr'><strong>quae</strong></span> <span class='ocrx_word' id='word_1_316' title='bbox 1299 3672 1453 3721; x_wconf 89' lang='lat' dir='ltr'><strong>modo</strong></span> <span class='ocrx_word' id='word_1_317' title='bbox 1483 3684 1575 3720; x_wconf 85' lang='lat' dir='ltr'><strong>ne-</strong></span> 
     </span>
     <span class='ocr_line' id='line_1_47' title="bbox 511 3747 1575 3811; baseline 0 -16"><span class='ocrx_word' id='word_1_318' title='bbox 511 3747 681 3810; x_wconf 85' lang='lat' dir='ltr'><strong>gandi,</strong></span> <span class='ocrx_word' id='word_1_319' title='bbox 703 3748 854 3797; x_wconf 89' lang='lat' dir='ltr'><strong>modo</strong></span> <span class='ocrx_word' id='word_1_320' title='bbox 881 3748 980 3797; x_wconf 83' lang='lat' dir='ltr'><strong>vim</strong></span> <span class='ocrx_word' id='word_1_321' title='bbox 1002 3748 1163 3798; x_wconf 86' lang='lat' dir='ltr'><strong>habet</strong></span> <span class='ocrx_word' id='word_1_322' title='bbox 1187 3747 1408 3811; x_wconf 79' lang='lat' dir='ltr'><strong>augendi</strong></span> <span class='ocrx_word' id='word_1_323' title='bbox 1429 3767 1441 3807; x_wconf 89' lang='lat'>;</span> <span class='ocrx_word' id='word_1_324' title='bbox 1465 3754 1575 3796; x_wconf 89' lang='lat' dir='ltr'><strong>tum</strong></span> 
     </span>
     <span class='ocr_line' id='line_1_48' title="bbox 513 3822 1577 3888; baseline 0.002 -19"><span class='ocrx_word' id='word_1_325' title='bbox 513 3824 628 3873; x_wconf 83' lang='lat' dir='ltr'><strong>duae</strong></span> <span class='ocrx_word' id='word_1_326' title='bbox 661 3832 783 3874; x_wconf 85' lang='lat' dir='ltr'><strong>sunt</strong></span> <span class='ocrx_word' id='word_1_327' title='bbox 820 3839 994 3888; x_wconf 83' lang='lat' dir='ltr'><strong>voces,</strong></span> <span class='ocrx_word' id='word_1_328' title='bbox 1029 3823 1114 3881; x_wconf 77' lang='grc' dir='ltr'><strong>βία</strong></span> <span class='ocrx_word' id='word_1_329' title='bbox 1145 3830 1201 3873; x_wconf 86' lang='lat' dir='ltr'><strong>et</strong></span> <span class='ocrx_word' id='word_1_330' title='bbox 1221 3822 1344 3884; x_wconf 76' lang='grc' dir='ltr'><strong>βίος,</strong></span> <span class='ocrx_word' id='word_1_331' title='bbox 1368 3823 1577 3888; x_wconf 89' lang='lat' dir='ltr'><strong>quibus·</strong></span> 
     </span>
     <span class='ocr_line' id='line_1_49' title="bbox 512 3898 1578 3965; baseline -0.001 -18"><span class='ocrx_word' id='word_1_332' title='bbox 512 3910 629 3947; x_wconf 87' lang='lat' dir='ltr'><strong>cum</strong></span> <span class='ocrx_word' id='word_1_333' title='bbox 658 3900 813 3963; x_wconf 87' lang='lat' dir='ltr'><strong>jungi</strong></span> <span class='ocrx_word' id='word_1_334' title='bbox 837 3907 1042 3963; x_wconf 84' lang='lat' dir='ltr'><strong>potest;</strong></span> <span class='ocrx_word' id='word_1_335' title='bbox 1076 3915 1254 3965; x_wconf 84' lang='lat' dir='ltr'><strong>eaeque</strong></span> <span class='ocrx_word' id='word_1_336' title='bbox 1288 3900 1474 3948; x_wconf 86' lang='lat' dir='ltr'><strong>iterum</strong></span> <span class='ocrx_word' id='word_1_337' title='bbox 1501 3898 1578 3946; x_wconf 89' lang='lat' dir='ltr'><strong>di-</strong></span> 
     </span>
     <span class='ocr_line' id='line_1_50' title="bbox 511 3974 1579 4039; baseline 0.005 -20"><span class='ocrx_word' id='word_1_338' title='bbox 511 3986 687 4020; x_wconf 86' lang='lat' dir='ltr'><strong>versos</strong></span> <span class='ocrx_word' id='word_1_339' title='bbox 742 3976 958 4037; x_wconf 82' lang='lat' dir='ltr'><strong>singulae</strong></span> <span class='ocrx_word' id='word_1_340' title='bbox 1009 3978 1203 4026; x_wconf 84' lang='lat' dir='ltr'><strong>babent</strong></span> <span class='ocrx_word' id='word_1_341' title='bbox 1244 3974 1579 4039; x_wconf 78' lang='lat' dir='ltr'><strong>significatus.</strong></span> 
     </span>
     <span class='ocr_line' id='line_1_51' title="bbox 513 4047 1577 4118; baseline 0.001 -20"><span class='ocrx_word' id='word_1_342' title='bbox 513 4049 596 4098; x_wconf 83' lang='lat' dir='ltr'><strong>Ita</strong></span> <span class='ocrx_word' id='word_1_343' title='bbox 612 4047 672 4097; x_wconf 80' lang='lat' dir='ltr'><strong>fit</strong></span> <span class='ocrx_word' id='word_1_344' title='bbox 694 4054 752 4096; x_wconf 87' lang='lat' dir='ltr'><strong>ut</strong></span> <span class='ocrx_word' id='word_1_345' title='bbox 774 4048 907 4105; x_wconf 70' lang='grc' dir='ltr'><strong>ἄβιοέ</strong></span> <span class='ocrx_word' id='word_1_346' title='bbox 930 4051 999 4101; x_wconf 85' lang='lat' dir='ltr'><strong>sit</strong></span> <span class='ocrx_word' id='word_1_347' title='bbox 1017 4053 1232 4118; x_wconf 77' lang='lat' dir='ltr'><strong>infimas</strong></span> <span class='ocrx_word' id='word_1_348' title='bbox 1253 4059 1309 4101; x_wconf 87' lang='lat' dir='ltr'><strong>et</strong></span> <span class='ocrx_word' id='word_1_349' title='bbox 1330 4051 1544 4100; x_wconf 74' lang='lat' dir='ltr'><strong>robustas</strong></span> <span class='ocrx_word' id='word_1_350' title='bbox 1555 4066 1577 4110; x_wconf 78' lang='lat'><strong>,-</strong></span> 
     </span>
     <span class='ocr_line' id='line_1_52' title="bbox 512 4125 1576 4191; baseline 0.002 -19"><span class='ocrx_word' id='word_1_351' title='bbox 512 4125 597 4187; x_wconf 81' lang='lat' dir='ltr'><strong>qai</strong></span> <span class='ocrx_word' id='word_1_352' title='bbox 611 4125 709 4172; x_wconf 72' lang='lat' dir='ltr'><strong>uim</strong></span> <span class='ocrx_word' id='word_1_353' title='bbox 728 4139 821 4173; x_wconf 76' lang='lat' dir='ltr'><strong>non</strong></span> <span class='ocrx_word' id='word_1_354' title='bbox 841 4125 1008 4188; x_wconf 66' lang='lat' dir='ltr'><strong>insert,</strong></span> <span class='ocrx_word' id='word_1_355' title='bbox 1031 4130 1113 4191; x_wconf 78' lang='lat' dir='ltr'><strong>qai</strong></span> <span class='ocrx_word' id='word_1_356' title='bbox 1129 4132 1225 4177; x_wconf 81' lang='lat' dir='ltr'><strong>vim</strong></span> <span class='ocrx_word' id='word_1_357' title='bbox 1246 4143 1340 4177; x_wconf 78' lang='lat' dir='ltr'><strong>non</strong></span> <span class='ocrx_word' id='word_1_358' title='bbox 1355 4127 1576 4191; x_wconf 73' lang='lat' dir='ltr'><strong>patitur,-</strong></span> 
     </span>
     <span class='ocr_line' id='line_1_53' title="bbox 515 4200 1578 4267; baseline 0 -16"><span class='ocrx_word' id='word_1_359' title='bbox 515 4202 647 4262; x_wconf 75' lang='lat' dir='ltr'><strong>inops</strong></span> <span class='ocrx_word' id='word_1_360' title='bbox 681 4206 737 4250; x_wconf 86' lang='lat' dir='ltr'><strong>et</strong></span> <span class='ocrx_word' id='word_1_361' title='bbox 775 4200 905 4250; x_wconf 77' lang='lat' dir='ltr'><strong>dives</strong></span> <span class='ocrx_word' id='word_1_362' title='bbox 917 4218 937 4259; x_wconf 92' lang='lat'><em>;</em></span> <span class='ocrx_word' id='word_1_363' title='bbox 979 4205 1236 4267; x_wconf 73' lang='lat' dir='ltr'><strong>lemgaevas,</strong></span> <span class='ocrx_word' id='word_1_364' title='bbox 1275 4204 1457 4266; x_wconf 78' lang='lat' dir='ltr'><strong>coelebs,</strong></span> <span class='ocrx_word' id='word_1_365' title='bbox 1497 4205 1578 4266; x_wconf 59' lang='grc' dir='ltr'><strong>ὅτ.</strong></span> 
     </span>
     <span class='ocr_line' id='line_1_54' title="bbox 515 4275 1578 4343; baseline 0.006 -20"><span class='ocrx_word' id='word_1_366' title='bbox 515 4289 729 4342; x_wconf 90' lang='lat' dir='ltr'><strong>quorum</strong></span> <span class='ocrx_word' id='word_1_367' title='bbox 767 4275 943 4341; x_wconf 87' lang='lat' dir='ltr'><strong>aliqua</strong></span> <span class='ocrx_word' id='word_1_368' title='bbox 980 4278 1056 4327; x_wconf 83' lang='lat' dir='ltr'><strong>bis</strong></span> <span class='ocrx_word' id='word_1_369' title='bbox 1092 4281 1295 4343; x_wconf 87' lang='lat' dir='ltr'><strong>populis</strong></span> <span class='ocrx_word' id='word_1_370' title='bbox 1330 4294 1431 4343; x_wconf 86' lang='lat' dir='ltr'><strong>nou</strong></span> <span class='ocrx_word' id='word_1_371' title='bbox 1455 4293 1578 4329; x_wconf 88' lang='lat' dir='ltr'><strong>cou-</strong></span> 
     </span>
    </p>
   </div>
   <div class='ocr_carea' id='block_1_23' title="bbox 1642 2435 2712 2511">
    <p class='ocr_par' dir='ltr' id='par_1_23' title="bbox 1642 2435 2712 2511">
     <span class='ocr_line' id='line_1_55' title="bbox 1642 2435 2712 2511; baseline -0.008 -16"><span class='ocrx_word' id='word_1_372' title='bbox 1642 2448 1852 2511; x_wconf 83' lang='lat' dir='ltr'><strong>gruunt,</strong></span> <span class='ocrx_word' id='word_1_373' title='bbox 1877 2442 2125 2508; x_wconf 79' lang='lat' dir='ltr'><strong>pleraque</strong></span> <span class='ocrx_word' id='word_1_374' title='bbox 2160 2435 2443 2489; x_wconf 80' lang='lat' dir='ltr'><strong>convenire</strong></span> <span class='ocrx_word' id='word_1_375' title='bbox 2470 2442 2712 2500; x_wconf 70' lang='lat' dir='ltr'><strong>possunt.</strong></span> 
     </span>
    </p>
   </div>
   <div class='ocr_carea' id='block_1_24' title="bbox 1641 2514 2718 2661">
    <p class='ocr_par' dir='ltr' id='par_1_24' title="bbox 1641 2514 2718 2661">
     <span class='ocr_line' id='line_1_56' title="bbox 1642 2514 2715 2582; baseline -0.011 -7"><span class='ocrx_word' id='word_1_376' title='bbox 1642 2523 1780 2574; x_wconf 85' lang='lat' dir='ltr'><strong>Utut</strong></span> <span class='ocrx_word' id='word_1_377' title='bbox 1823 2529 1928 2582; x_wconf 82' lang='lat' dir='ltr'><strong>est,</strong></span> <span class='ocrx_word' id='word_1_378' title='bbox 1965 2518 2091 2568; x_wconf 89' lang='lat' dir='ltr'><strong>illud</strong></span> <span class='ocrx_word' id='word_1_379' title='bbox 2127 2516 2335 2566; x_wconf 87' lang='lat' dir='ltr'><strong>minime</strong></span> <span class='ocrx_word' id='word_1_380' title='bbox 2370 2514 2592 2564; x_wconf 89' lang='lat' dir='ltr'><strong>dubium</strong></span> <span class='ocrx_word' id='word_1_381' title='bbox 2624 2516 2715 2563; x_wconf 82' lang='lat' dir='ltr'><strong>hos</strong></span> 
     </span>
     <span class='ocr_line' id='line_1_57' title="bbox 1641 2592 2718 2661; baseline -0.009 -12"><span class='ocrx_word' id='word_1_382' title='bbox 1641 2597 1863 2661; x_wconf 79' lang='lat' dir='ltr'><strong>intelligi</strong></span> <span class='ocrx_word' id='word_1_383' title='bbox 1894 2597 2076 2656; x_wconf 82' lang='lat' dir='ltr'><strong>Abios,</strong></span> <span class='ocrx_word' id='word_1_384' title='bbox 2107 2593 2194 2659; x_wconf 90' lang='lat' dir='ltr'><strong>qui</strong></span> <span class='ocrx_word' id='word_1_385' title='bbox 2234 2592 2302 2641; x_wconf 88' lang='lat' dir='ltr'><strong>ab</strong></span> <span class='ocrx_word' id='word_1_386' title='bbox 2335 2592 2574 2641; x_wconf 85' lang='lat' dir='ltr'><strong>Homero</strong></span> <span class='ocrx_word' id='word_1_387' title='bbox 2607 2599 2718 2641; x_wconf 77' lang='lat' dir='ltr'><strong>tan·</strong></span> 
     </span>
    </p>
   </div>
   <div class='ocr_carea' id='block_1_25' title="bbox 1645 2666 2729 4344">
    <p class='ocr_par' dir='ltr' id='par_1_25' title="bbox 1645 2666 2729 4344">
     <span class='ocr_line' id='line_1_58' title="bbox 1645 2666 2719 2742; baseline -0.009 -16"><span class='ocrx_word' id='word_1_388' title='bbox 1645 2691 1798 2742; x_wconf 83' lang='lat' dir='ltr'><strong>quam</strong></span> <span class='ocrx_word' id='word_1_389' title='bbox 1829 2681 1844 2704; x_wconf 86' lang='lat'>‘</span> <span class='ocrx_word' id='word_1_390' title='bbox 1869 2673 2163 2724; x_wconf 82' lang='lat' dir='ltr'><strong>mortalium</strong></span> <span class='ocrx_word' id='word_1_391' title='bbox 2188 2666 2500 2735; x_wconf 84' lang='lat' dir='ltr'><strong>justissimi’</strong></span> <span class='ocrx_word' id='word_1_392' title='bbox 2527 2668 2719 2733; x_wconf 80' lang='lat' dir='ltr'><strong>proedi-</strong></span> 
     </span>
     <span class='ocr_line' id='line_1_59' title="bbox 1645 2744 2720 2804; baseline -0.011 -1"><span class='ocrx_word' id='word_1_393' title='bbox 1645 2760 1832 2804; x_wconf 85' lang='lat' dir='ltr'><strong>cantur</strong></span> <span class='ocrx_word' id='word_1_394' title='bbox 1853 2749 2009 2801; x_wconf 82' lang='lat' dir='ltr'><strong>Iliad.</strong></span> <span class='ocrx_word' id='word_1_395' title='bbox 2029 2755 2090 2798; x_wconf 81' lang='grc' dir='ltr'><strong>Ν.</strong></span> <span class='ocrx_word' id='word_1_396' title='bbox 2112 2752 2164 2797; x_wconf 85' lang='grc'><strong>6.</strong></span> <span class='ocrx_word' id='word_1_397' title='bbox 2205 2753 2264 2795; x_wconf 88' lang='lat' dir='ltr'><strong>ut</strong></span> <span class='ocrx_word' id='word_1_398' title='bbox 2297 2745 2498 2793; x_wconf 81' lang='lat' dir='ltr'><strong>diserte</strong></span> <span class='ocrx_word' id='word_1_399' title='bbox 2537 2744 2720 2793; x_wconf 86' lang='lat' dir='ltr'><strong>Arria-</strong></span> 
     </span>
     <span class='ocr_line' id='line_1_60' title="bbox 1646 2821 2724 2885; baseline -0.009 -6"><span class='ocrx_word' id='word_1_400' title='bbox 1646 2843 1742 2879; x_wconf 81' lang='lat' dir='ltr'><strong>nus</strong></span> <span class='ocrx_word' id='word_1_401' title='bbox 1766 2832 1992 2878; x_wconf 86' lang='lat' dir='ltr'><strong>testatur</strong></span> <span class='ocrx_word' id='word_1_402' title='bbox 2013 2824 2160 2874; x_wconf 88' lang='lat' dir='ltr'><strong>initio</strong></span> <span class='ocrx_word' id='word_1_403' title='bbox 2183 2823 2273 2872; x_wconf 88' lang='lat' dir='ltr'><strong>lib.</strong></span> <span class='ocrx_word' id='word_1_404' title='bbox 2296 2836 2371 2873; x_wconf 77' lang='lat' dir='ltr'><strong>lv.</strong></span> <span class='ocrx_word' id='word_1_405' title='bbox 2440 2821 2604 2885; x_wconf 86' lang='lat' dir='ltr'><strong>Apud</strong></span> <span class='ocrx_word' id='word_1_406' title='bbox 2626 2822 2724 2870; x_wconf 79' lang='lat' dir='ltr'><strong>La-</strong></span> 
     </span>
     <span class='ocr_line' id='line_1_61' title="bbox 1649 2896 2723 2967; baseline -0.008 -12"><span class='ocrx_word' id='word_1_407' title='bbox 1649 2906 1786 2955; x_wconf 86' lang='lat' dir='ltr'><strong>tinos</strong></span> <span class='ocrx_word' id='word_1_408' title='bbox 1831 2904 2114 2967; x_wconf 79' lang='lat' dir='ltr'><strong>scriptores</strong></span> <span class='ocrx_word' id='word_1_409' title='bbox 2158 2902 2176 2930; x_wconf 87' lang='lat'>‘</span> <span class='ocrx_word' id='word_1_410' title='bbox 2202 2897 2358 2948; x_wconf 82' lang='lat' dir='ltr'><strong>Avii’</strong></span> <span class='ocrx_word' id='word_1_411' title='bbox 2404 2896 2723 2962; x_wconf 85' lang='lat' dir='ltr'><strong>quaudoque</strong></span> 
     </span>
     <span class='ocr_line' id='line_1_62' title="bbox 1650 2973 2727 3044; baseline -0.01 -11"><span class='ocrx_word' id='word_1_412' title='bbox 1650 2984 1946 3035; x_wconf 83' lang='lat' dir='ltr'><strong>scribuntur</strong></span> <span class='ocrx_word' id='word_1_413' title='bbox 1994 2985 2209 3044; x_wconf 86' lang='lat' dir='ltr'><strong>propter</strong></span> <span class='ocrx_word' id='word_1_414' title='bbox 2256 2973 2568 3024; x_wconf 84' lang='lat' dir='ltr'><strong>affinitatem</strong></span> <span class='ocrx_word' id='word_1_415' title='bbox 2614 2974 2727 3022; x_wconf 85' lang='lat' dir='ltr'><strong>soni</strong></span> 
     </span>
     <span class='ocr_line' id='line_1_63' title="bbox 1648 3051 2727 3118; baseline -0.012 -6"><span class='ocrx_word' id='word_1_416' title='bbox 1648 3062 1701 3111; x_wconf 92' lang='grc' dir='ltr'><strong><em>Β</em></strong></span> <span class='ocrx_word' id='word_1_417' title='bbox 1739 3067 1794 3110; x_wconf 86' lang='lat' dir='ltr'><strong>et</strong></span> <span class='ocrx_word' id='word_1_418' title='bbox 1840 3059 1899 3109; x_wconf 83' lang='lat' dir='ltr'><strong>V.</strong></span> <span class='ocrx_word' id='word_1_419' title='bbox 1967 3055 2123 3107; x_wconf 86' lang='lat' dir='ltr'><strong>Unde</strong></span> <span class='ocrx_word' id='word_1_420' title='bbox 2167 3067 2322 3118; x_wconf 90' lang='lat' dir='ltr'><strong>porro</strong></span> <span class='ocrx_word' id='word_1_421' title='bbox 2369 3051 2571 3116; x_wconf 82' lang='lat' dir='ltr'><strong>legatio</strong></span> <span class='ocrx_word' id='word_1_422' title='bbox 2608 3053 2727 3100; x_wconf 81' lang='lat' dir='ltr'><strong>haec</strong></span> 
     </span>
     <span class='ocr_line' id='line_1_64' title="bbox 1649 3128 2728 3187; baseline -0.008 0"><span class='ocrx_word' id='word_1_423' title='bbox 1649 3136 1900 3187; x_wconf 86' lang='lat' dir='ltr'><strong>Abiorum</strong></span> <span class='ocrx_word' id='word_1_424' title='bbox 1934 3133 2002 3182; x_wconf 85' lang='lat' dir='ltr'><strong>ad</strong></span> <span class='ocrx_word' id='word_1_425' title='bbox 2041 3130 2397 3182; x_wconf 82' lang='lat' dir='ltr'><strong>Alexandrum</strong></span> <span class='ocrx_word' id='word_1_426' title='bbox 2432 3129 2594 3178; x_wconf 81' lang='lat' dir='ltr'><strong>missa</strong></span> <span class='ocrx_word' id='word_1_427' title='bbox 2615 3128 2728 3178; x_wconf 85' lang='lat' dir='ltr'><strong>fue-</strong></span> 
     </span>
     <span class='ocr_line' id='line_1_65' title="bbox 1649 3207 2728 3275; baseline -0.008 -12"><span class='ocrx_word' id='word_1_428' title='bbox 1649 3214 1739 3275; x_wconf 82' lang='lat' dir='ltr'><strong>rit,</strong></span> <span class='ocrx_word' id='word_1_429' title='bbox 1777 3213 1883 3262; x_wconf 87' lang='lat' dir='ltr'><strong>dici</strong></span> <span class='ocrx_word' id='word_1_430' title='bbox 1924 3211 2010 3260; x_wconf 81' lang='lat' dir='ltr'><strong>vix</strong></span> <span class='ocrx_word' id='word_1_431' title='bbox 2048 3223 2167 3259; x_wconf 90' lang='lat' dir='ltr'><strong>reor</strong></span> <span class='ocrx_word' id='word_1_432' title='bbox 2210 3221 2383 3272; x_wconf 85' lang='lat' dir='ltr'><strong>posse.</strong></span> <span class='ocrx_word' id='word_1_433' title='bbox 2471 3207 2728 3257; x_wconf 71' lang='lat' dir='ltr'><strong>Quamvis</strong></span> 
     </span>
     <span class='ocr_line' id='line_1_66' title="bbox 1650 3281 2727 3346; baseline -0.009 -6"><span class='ocrx_word' id='word_1_434' title='bbox 1650 3290 1789 3340; x_wconf 90' lang='lat' dir='ltr'><strong>euim</strong></span> <span class='ocrx_word' id='word_1_435' title='bbox 1831 3289 2153 3339; x_wconf 86' lang='lat' dir='ltr'><strong>Ptolemaeus</strong></span> <span class='ocrx_word' id='word_1_436' title='bbox 2201 3283 2360 3334; x_wconf 81' lang='lat' dir='ltr'><strong>Abies</strong></span> <span class='ocrx_word' id='word_1_437' title='bbox 2402 3281 2456 3330; x_wconf 91' lang='lat' dir='ltr'><strong>in</strong></span> <span class='ocrx_word' id='word_1_438' title='bbox 2501 3281 2727 3346; x_wconf 81' lang='lat' dir='ltr'><strong>Scythia</strong></span> 
     </span>
     <span class='ocr_line' id='line_1_67' title="bbox 1649 3359 2724 3422; baseline -0.009 -6"><span class='ocrx_word' id='word_1_439' title='bbox 1649 3372 1798 3416; x_wconf 83' lang='lat' dir='ltr'><strong>extra</strong></span> <span class='ocrx_word' id='word_1_440' title='bbox 1819 3364 2021 3415; x_wconf 88' lang='lat' dir='ltr'><strong>Imaum</strong></span> <span class='ocrx_word' id='word_1_441' title='bbox 2056 3359 2409 3422; x_wconf 83' lang='lat' dir='ltr'><strong>collocaverit,</strong></span> <span class='ocrx_word' id='word_1_442' title='bbox 2443 3364 2622 3408; x_wconf 87' lang='lat' dir='ltr'><strong>tamen</strong></span> <span class='ocrx_word' id='word_1_443' title='bbox 2657 3373 2724 3407; x_wconf 82' lang='lat' dir='ltr'><strong>ex</strong></span> 
     </span>
     <span class='ocr_line' id='line_1_68' title="bbox 1650 3435 2724 3493; baseline -0.008 0"><span class='ocrx_word' id='word_1_444' title='bbox 1650 3442 1905 3493; x_wconf 85' lang='lat' dir='ltr'><strong>Strabone</strong></span> <span class='ocrx_word' id='word_1_445' title='bbox 1949 3440 2042 3489; x_wconf 75' lang='lat' dir='ltr'><strong>lib:</strong></span> <span class='ocrx_word' id='word_1_446' title='bbox 2074 3452 2175 3488; x_wconf 84' lang='lat' dir='ltr'><strong>vn.</strong></span> <span class='ocrx_word' id='word_1_447' title='bbox 2219 3443 2426 3488; x_wconf 87' lang='lat' dir='ltr'><strong>constat</strong></span> <span class='ocrx_word' id='word_1_448' title='bbox 2467 3435 2724 3485; x_wconf 87' lang='lat' dir='ltr'><strong>Abiorum</strong></span> 
     </span>
     <span class='ocr_line' id='line_1_69' title="bbox 1653 3513 2725 3577; baseline -0.007 -8"><span class='ocrx_word' id='word_1_449' title='bbox 1653 3534 1843 3569; x_wconf 88' lang='lat' dir='ltr'><strong>nomen</strong></span> <span class='ocrx_word' id='word_1_450' title='bbox 1884 3530 2153 3568; x_wconf 86' lang='lat' dir='ltr'><strong>commune</strong></span> <span class='ocrx_word' id='word_1_451' title='bbox 2190 3513 2556 3577; x_wconf 82' lang='lat' dir='ltr'><strong>Scythicarum</strong></span> <span class='ocrx_word' id='word_1_452' title='bbox 2603 3527 2725 3575; x_wconf 80' lang='lat' dir='ltr'><strong>geu-</strong></span> 
     </span>
     <span class='ocr_line' id='line_1_70' title="bbox 1657 3589 2724 3657; baseline -0.008 -11"><span class='ocrx_word' id='word_1_453' title='bbox 1657 3596 1786 3646; x_wconf 82' lang='lat' dir='ltr'><strong>tium</strong></span> <span class='ocrx_word' id='word_1_454' title='bbox 1810 3593 1983 3655; x_wconf 82' lang='lat' dir='ltr'><strong>fuisse,</strong></span> <span class='ocrx_word' id='word_1_455' title='bbox 2002 3607 2118 3657; x_wconf 81' lang='lat' dir='ltr'><strong>quae</strong></span> <span class='ocrx_word' id='word_1_456' title='bbox 2131 3591 2327 3656; x_wconf 87' lang='lat' dir='ltr'><strong>justam</strong></span> <span class='ocrx_word' id='word_1_457' title='bbox 2353 3598 2406 3639; x_wconf 87' lang='lat' dir='ltr'><strong>et</strong></span> <span class='ocrx_word' id='word_1_458' title='bbox 2429 3589 2724 3655; x_wconf 84' lang='lat' dir='ltr'><strong>simplicem</strong></span> 
     </span>
     <span class='ocr_line' id='line_1_71' title="bbox 1655 3666 2725 3736; baseline -0.007 -15"><span class='ocrx_word' id='word_1_459' title='bbox 1655 3686 1767 3736; x_wconf 84' lang='lat' dir='ltr'><strong>prae</strong></span> <span class='ocrx_word' id='word_1_460' title='bbox 1792 3674 2100 3734; x_wconf 85' lang='lat' dir='ltr'><strong>paupertate</strong></span> <span class='ocrx_word' id='word_1_461' title='bbox 2123 3667 2281 3716; x_wconf 79' lang='lat' dir='ltr'><strong>vitam</strong></span> <span class='ocrx_word' id='word_1_462' title='bbox 2315 3673 2549 3730; x_wconf 83' lang='lat' dir='ltr'><strong>agerent·</strong></span> <span class='ocrx_word' id='word_1_463' title='bbox 2618 3666 2725 3714; x_wconf 84' lang='lat' dir='ltr'><strong>Ne·</strong></span> 
     </span>
     <span class='ocr_line' id='line_1_72' title="bbox 1658 3741 2724 3812; baseline -0.003 -18"><span class='ocrx_word' id='word_1_464' title='bbox 1658 3762 1757 3812; x_wconf 86' lang='lat' dir='ltr'><strong>que</strong></span> <span class='ocrx_word' id='word_1_465' title='bbox 1789 3746 1927 3796; x_wconf 88' lang='lat' dir='ltr'><strong>enim</strong></span> <span class='ocrx_word' id='word_1_466' title='bbox 1952 3743 2212 3793; x_wconf 83' lang='lat' dir='ltr'><strong>Homerus</strong></span> <span class='ocrx_word' id='word_1_467' title='bbox 2244 3757 2360 3792; x_wconf 89' lang='lat' dir='ltr'><strong>cum</strong></span> <span class='ocrx_word' id='word_1_468' title='bbox 2382 3741 2545 3792; x_wconf 84' lang='lat' dir='ltr'><strong>Abios</strong></span> <span class='ocrx_word' id='word_1_469' title='bbox 2570 3757 2724 3792; x_wconf 81' lang='lat' dir='ltr'><strong>voca-</strong></span> 
     </span>
     <span class='ocr_line' id='line_1_73' title="bbox 1656 3819 2729 3886; baseline -0.006 -13"><span class='ocrx_word' id='word_1_470' title='bbox 1656 3831 1758 3883; x_wconf 87' lang='lat' dir='ltr'><strong>ret,</strong></span> <span class='ocrx_word' id='word_1_471' title='bbox 1798 3822 2109 3886; x_wconf 80' lang='lat' dir='ltr'><strong>Scytharum</strong></span> <span class='ocrx_word' id='word_1_472' title='bbox 2145 3819 2443 3868; x_wconf 86' lang='lat' dir='ltr'><strong>discrimina</strong></span> <span class='ocrx_word' id='word_1_473' title='bbox 2487 3826 2729 3878; x_wconf 79' lang='lat' dir='ltr'><strong>noverat,</strong></span> 
     </span>
     <span class='ocr_line' id='line_1_74' title="bbox 1657 3895 2727 3958; baseline -0.005 -10"><span class='ocrx_word' id='word_1_474' title='bbox 1657 3907 1716 3949; x_wconf 89' lang='lat' dir='ltr'><strong>ut</strong></span> <span class='ocrx_word' id='word_1_475' title='bbox 1739 3913 1807 3947; x_wconf 82' lang='lat' dir='ltr'><strong>ex</strong></span> <span class='ocrx_word' id='word_1_476' title='bbox 1829 3898 2012 3948; x_wconf 85' lang='lat' dir='ltr'><strong>eodem</strong></span> <span class='ocrx_word' id='word_1_477' title='bbox 2033 3896 2294 3946; x_wconf 87' lang='lat' dir='ltr'><strong>Strabone</strong></span> <span class='ocrx_word' id='word_1_478' title='bbox 2312 3895 2595 3958; x_wconf 83' lang='lat' dir='ltr'><strong>colligitur.</strong></span> <span class='ocrx_word' id='word_1_479' title='bbox 2654 3895 2727 3943; x_wconf 86' lang='lat' dir='ltr'><strong>Hi</strong></span> 
     </span>
     <span class='ocr_line' id='line_1_75' title="bbox 1657 3969 2725 4032; baseline -0.006 -7"><span class='ocrx_word' id='word_1_480' title='bbox 1657 3982 1829 4024; x_wconf 82' lang='lat' dir='ltr'><strong>autem</strong></span> <span class='ocrx_word' id='word_1_481' title='bbox 1877 3973 2141 4023; x_wconf 88' lang='lat' dir='ltr'><strong>Nomades</strong></span> <span class='ocrx_word' id='word_1_482' title='bbox 2199 3987 2317 4022; x_wconf 91' lang='lat' dir='ltr'><strong>cum</strong></span> <span class='ocrx_word' id='word_1_483' title='bbox 2367 3969 2586 4032; x_wconf 84' lang='lat' dir='ltr'><strong>fuerint,</strong></span> <span class='ocrx_word' id='word_1_484' title='bbox 2626 3985 2725 4020; x_wconf 88' lang='lat' dir='ltr'><strong>nec</strong></span> 
     </span>
     <span class='ocr_line' id='line_1_76' title="bbox 1655 4047 2706 4113; baseline -0.008 -11"><span class='ocrx_word' id='word_1_485' title='bbox 1655 4066 1829 4113; x_wconf 87' lang='lat' dir='ltr'><strong>uuam,</strong></span> <span class='ocrx_word' id='word_1_486' title='bbox 1852 4064 1950 4099; x_wconf 89' lang='lat' dir='ltr'><strong>uec</strong></span> <span class='ocrx_word' id='word_1_487' title='bbox 1975 4055 2174 4098; x_wconf 84' lang='lat' dir='ltr'><strong>certam</strong></span> <span class='ocrx_word' id='word_1_488' title='bbox 2198 4048 2374 4096; x_wconf 84' lang='lat' dir='ltr'><strong>sedem</strong></span> <span class='ocrx_word' id='word_1_489' title='bbox 2396 4047 2706 4095; x_wconf 84' lang='lat' dir='ltr'><strong>habuerunt.</strong></span> 
     </span>
     <span class='ocr_line' id='line_1_77' title="bbox 1674 4122 2725 4187; baseline -0.005 -11"><span class='ocrx_word' id='word_1_490' title='bbox 1674 4160 1677 4163; x_wconf 55' lang='lat'>&gt;</span> <span class='ocrx_word' id='word_1_491' title='bbox 1721 4125 1746 4159; x_wconf 79' lang='lat'><strong>⁴¹</strong></span> <span class='ocrx_word' id='word_1_492' title='bbox 1778 4127 1863 4175; x_wconf 83' lang='lat' dir='ltr'><strong>Ex</strong></span> <span class='ocrx_word' id='word_1_493' title='bbox 1882 4139 1972 4187; x_wconf 78' lang='lat' dir='ltr'><strong>quo</strong></span> <span class='ocrx_word' id='word_1_494' title='bbox 1992 4122 2274 4187; x_wconf 77' lang='lat' dir='ltr'><strong>decesserat]</strong></span> <span class='ocrx_word' id='word_1_495' title='bbox 2325 4122 2490 4186; x_wconf 81' lang='lat' dir='ltr'><strong>Cyrus</strong></span> <span class='ocrx_word' id='word_1_496' title='bbox 2526 4122 2725 4173; x_wconf 81' lang='lat' dir='ltr'><strong>Persici</strong></span> 
     </span>
     <span class='ocr_line' id='line_1_78' title="bbox 1657 4200 2726 4269; baseline -0.007 -14"><span class='ocrx_word' id='word_1_497' title='bbox 1657 4203 1859 4269; x_wconf 86' lang='lat' dir='ltr'><strong>imperii</strong></span> <span class='ocrx_word' id='word_1_498' title='bbox 1876 4200 2115 4252; x_wconf 82' lang='lat' dir='ltr'><strong>conditor</strong></span> <span class='ocrx_word' id='word_1_499' title='bbox 2126 4200 2569 4264; x_wconf 81' lang='lat' dir='ltr'><strong>insidiisTomyris</strong></span> <span class='ocrx_word' id='word_1_500' title='bbox 2586 4201 2726 4249; x_wconf 86' lang='lat' dir='ltr'><strong>Mas-</strong></span> 
     </span>
     <span class='ocr_line' id='line_1_79' title="bbox 1659 4276 2721 4344; baseline -0.007 -14"><span class='ocrx_word' id='word_1_501' title='bbox 1659 4287 1953 4344; x_wconf 86' lang='lat' dir='ltr'><strong>sagetarum</strong></span> <span class='ocrx_word' id='word_1_502' title='bbox 1977 4277 2168 4342; x_wconf 81' lang='lat' dir='ltr'><strong>reginae</strong></span> <span class='ocrx_word' id='word_1_503' title='bbox 2208 4283 2460 4340; x_wconf 82' lang='lat' dir='ltr'><strong>exceptus</strong></span> <span class='ocrx_word' id='word_1_504' title='bbox 2495 4276 2721 4340; x_wconf 85' lang='lat' dir='ltr'><strong>perierat</strong></span> 
     </span>
    </p>
   </div>
  </div>
 </body>
</html>
