2978 4933
473 389 605 455 538

471 549 719 633 quibus
746 552 1015 611 matura
1042 549 1181 610 erat
1208 543 1499 622 missio!
1521 545 1757 610 electis
1790 562 2052 612 nocco.
2081 546 2245 625 fere,
2276 548 2495 631 equiti
2522 549 2677 612 bina

470 653 725 716 talenta
744 645 770 685 k
815 648 1044 731 dedit3
1090 647 1305 731 pediti
1336 654 1521 713 terna
1552 647 1896 713 denarium
1924 650 2175 716 millia:
2218 652 2677 733 monitosque,

471 760 492 787 ‘
517 761 593 818 ut
608 754 858 818 liberos
877 752 1304 833 generarent‚'
1333 753 1591 817 remisit
1608 752 1901 818 domum.
1947 753 2208 818 Ceteris
2228 755 2456 834 gratiae
2475 759 2705 832 actae„

470 857 656 944 quod
695 862 717 895 ‘
737 856 825 920 ad
883 856 1144 939 reliqua
1193 856 1360 921 belli
1402 863 1768 921 navaturos
1807 875 2080 938 operam
2103 854 2123 882 ’
2165 856 2678 940 pollicebantur.

463 963 668 1049 [Tum
702 960 959 1024 Bessus
982 956 1413 1042 perducitur.]
1472 956 1581 1023 28.
1628 959 2034 1024 Perventum
2055 960 2288 1030 eratin
2315 957 2677 1041 parvulum

469 1064 818 1149 oppidum.
909 1058 1346 1126 Branchidae¹
1388 1061 1537 1144 ejus
1579 1061 1822 1126 incolae
1867 1070 2089 1126 erant,
2173 1061 2423 1125 Mileto
2463 1080 2679 1143 quon-

467 1168 618 1232 dam
643 1166 840 1252 jussu
871 1164 1159 1242 XerxiS,
1193 1184 1345 1229 cum
1378 1184 1416 1228 e
1449 1162 1725 1229 Graecia
1764 1164 2026 1241 rediret,
2068 1166 2483 1239 transierant,
2512 1168 2582 1227 et
2611 1165 2681 1226 in

467 1290 552 1334 ea
586 1270 745 1334 sede
792 1270 1243 1348 constiterant,
1281 1268 1445 1352 quia
1480 1268 1821 1353 templum,
1848 1268 2029 1351 quod
2064 1266 2501 1350 Didymeonm
2551 1285 2678 1349 ap-

917 405 983 464 Q.
1030 402 1294 452 cuam
1344 402 1524 452 num
1577 402 1722 450 mn.
1774 403 1900 451 vn.
1948 405 2115 454 cu».
2155 392 2217 453 5.

518 1467 550 1508 s
574 1468 777 1518 Sele-ctis
799 1470 864 1518 iis
886 1468 1055 1531 quibu
1074 1468 1265 1518 vacatio
1286 1468 1475 1517 militie
1497 1467 1772 1518 debebatur.

1378 1609 1408 1629 O

1622 1610 1745 1632 ΜΟ

457 1713 632 1758 mura
652 1714 757 1758 erat
778 1709 1007 1758 Florent.
1026 1708 1171 1758 Leid.
1193 1708 1342 1759 Voss.
1368 1712 1413 1757 1.
1436 1712 1484 1758 2.
1510 1708 1645 1759 Dan.
1663 1715 1719 1758 et
1735 1709 1904 1772 Bong.
1944 1710 2194 1773 permissio
2216 1724 2310 1773 pro
2328 1708 2492 1758 missio
2518 1710 2672 1758 Voss.

458 1777 508 1824 2.
540 1774 721 1824 relictis
751 1775 1009 1823 Dcccc,
1066 1773 1191 1824 Ald.
1213 1774 1381 1825 Colin.
1405 1774 1610 1838 Gryph.
1636 1775 1773 1824 Mer.
1813 1775 1932 1823 Bas.
1968 1785 2023 1823 et
2049 1776 2165 1826 Col.
2196 1775 2357 1824 electis
2389 1775 2669 1836 aenigmatis

457 1841 610 1892 Voss.
643 1845 694 1890 2.
730 1840 912 1889 relictis
944 1840 1062 1889 XC.
1100 1840 1276 1904 vulgg.
1312 1845 1432 1889 ante
1471 1840 1707 1888 Freinsh.
1747 1840 1905 1888 electis
1933 1840 2189 1889 DCCCC.
2240 1841 2474 1890 Florent.
2515 1838 2671 1889 Leid.

458 1906 608 1954 Voss.
631 1910 679 1954 1.
702 1906 869 1967 Βοῦς.
896 1906 1008 1954 Pal.
1034 1910 1080 1953 l.
1104 1902 1275 1956 Amst.
1296 1911 1352 1954 et
1374 1904 1546 1968 Lugd.
1570 1905 1681 1954 bina
1701 1905 1881 1954 talenta
1905 1904 2053 1967 equiti
2087 1906 2313 1954 Florent.
2337 1905 2490 1953 Leid.
2509 1906 2669 1953 Voss.

458 1974 505 2018 1.
529 1974 578 2020 2.
599 1977 654 2019 et
677 1971 792 2019 Bon
831 2005 844 2019 .
900 1969 1000 2019 Pro
1021 1975 1159 2019 terno
1180 1971 1325 2019 Voss.
1348 1974 1394 2017 1.
1418 1969 1579 2018 habet
1601 1975 1639 2018 t.
1695 1969 1926 2018 Florent.
1955 1969 2102 2018 Leid.
2127 1970 2276 2019 Voss.
2301 1973 2351 2017 2.
2375 1970 2514 2018 Mer.
2542 1968 2669 2019 ΑΜ.

459 2034 627 2084 Colin.
649 2034 796 2098 Gryp
838 2067 851 2083 .
866 2035 989 2084 Bas.
1008 2039 1063 2084 et
1076 2035 1190 2083 Col.
1206 2040 1281 2083 ter
1294 2049 1313 2092 ,·
1331 2035 1500 2096 Bong.
1524 2038 1569 2084 1.
1585 2039 1722 2082 terna
1737 2035 1784 2084 d.
1800 2034 2001 2083 milium.
2026 2035 2179 2084 Voss.
2197 2038 2244 2083 2.
2260 2035 2445 2083 remissi
2459 2036 2665 2084 domm.

457 2099 694 2149 Florem.
715 2099 859 2152 Leid.
877 2101 1029 2150 Voss.
1048 2104 1094 2150 1.
1113 2101 1250 2150 Dan.
1267 2105 1322 2149 et
1344 2099 1512 2162 Bong.
1529 2105 1811 2158 navamus,-
1834 2101 1987 2149 Voss.
2004 2103 2054 2148 2.
2070 2105 2316 2149 novatores
2332 2115 2353 2156 ;
2380 2100 2498 2148 Pal.
2517 2103 2568 2148 l.
2583 2114 2669 2147 κο-

455 2169 686 2223 saturn-33
709 2166 872 2214 ceteri
893 2173 950 2213 et
970 2163 1094 2214 edd.
1114 2170 1390 2214 navaturos.
1433 2164 1637 2213 Verba:
1676 2164 1796 2213 Tum
1812 2164 1881 2213 Β.
1901 2180 1950 2228 p.
1969 2179 2065 2227 pro
2083 2166 2251 2226 glossa
2264 2165 2463 2213 habent
2484 2163 2669 2212 Edito-

454 2243 556 2278 res.
579 2231 727 2279 Voss.
756 2235 800 2279 1.
823 2230 944 2278 Cum
966 2230 1030 2278 Β.
1049 2245 1099 2293 p.
1133 2230 1286 2281 Voss,
1307 2233 1356 2277 2.
1382 2230 1548 2292 Bong.
1569 2232 1614 2277 1.
1636 2229 1808 2279 Amet.
1827 2235 1880 2278 et
1900 2230 1972 2278 Lu
2011 2229 2062 2279 d.
2087 2231 2222 2279 Dum
2238 2230 2304 2278 B.
2319 2245 2371 2292 p.
2389 2228 2511 2278 edd.
2535 2235 2669 2278 vett.

460 2295 577 2343 Tum
605 2294 675 2343 Β.
708 2296 1136 2358 producentem-28
1169 2295 1401 2344 Floreut.
1434 2294 1585 2343 Leid.
1610 2296 1758 2343 Voss.
1797 2299 1843 2343 1.
1879 2302 1936 2343 et
2018 2295 2087 2344 ld.
2116 2294 2408 2351 Brancidoe‚·
2442 2294 2597 2343 Voss.
2618 2297 2666 2343 2.

455 2358 756 2410 Brantz‘adoe.
830 2361 972 2410 Pin».
1009 2366 1144 2410 eram
1176 2361 1343 2408 incoloe
1371 2358 1487 2420 qius.
1552 2360 1703 2408 Voss.
1723 2363 1772 2408 2.
1816 2359 2007 2409 Xer-318.
2057 2361 2224 2422 Bong.
2250 2363 2297 2409 l.
2320 2374 2428 2408 cum
2450 2357 2665 2421 egregie.

456 2422 685 2474 Floreat.
718 2423 867 2475 Leid.
893 2426 1040 2474 Voss.
1077 2429 1121 2473 1.
1163 2426 1300 2474 Dan.
1333 2434 1389 2474 et
1424 2425 1590 2487 Bong.
1627 2424 1856 2475 redirent.
1924 2424 2078 2474 Voss.
2101 2429 2150 2474 2.
2173 2426 2330 2474 eadem
2353 2424 2477 2474 sede.
2544 2422 2667 2473 Atd.

455 2488 610 2539 Frob.
632 2490 753 2537 Bas.
778 2490 889 2538 Col.
914 2490 1051 2538 Mer.
1075 2490 1157 2552 qui
1179 2491 1405 2553 templum
1419 2505 1439 2546 ,·
1476 2491 1707 2539 Florent.
1734 2489 1881 2540 Leid.
1905 2491 2055 2540 Voss.
2076 2496 2120 2540 l.
2143 2498 2197 2539 et
2221 2491 2388 2549 Βοῦς.
2410 2489 2524 2552 quia
2545 2495 2664 2539 tem-

448 2555 579 2616 plum
597 2571 618 2614 ,·
651 2555 803 2604 Voss.
823 2558 873 2606 2.
898 2554 1094 2604 omittit
1115 2554 1244 2619 quia,
1268 2562 1324 2603 et
1345 2554 1504 2605 habet
1524 2556 1806 2618 templaque,
1831 2554 2032 2618 rejecto
2055 2557 2211 2604 etiam
2236 2557 2390 2619 quod5
2428 2555 2662 2604 Florem.

1448 2717 1660 2768 NOTAE

520 2830 542 2864 ¹¹
575 2832 708 2881 Bina
728 2831 932 2895 talenta]
967 2831 1046 2881 De
1071 2831 1280 2883 talentis
1303 2832 1397 2882 lib.
1424 2846 1511 2882 ιιι.

452 2921 569 2971 cap.
605 2909 701 2958 ult.
771 2907 1054 2971 Denarium]
1087 2909 1309 2959 Denarii
1348 2910 1436 2958 lib.
1459 2923 1513 2958 v.

451 3000 567 3048 cap.
589 2991 635 3035 1.
666 2986 771 3034 tria
796 2985 1063 3036 denarium
1102 2989 1212 3038 sive
1246 2987 1515 3038 drachma·

451 3075 566 3110 rum
595 3055 754 3113 nimia
787 3062 1058 3112 dimidium
1087 3063 1321 3114 efficiunt
1347 3067 1512 3115 talen·

448 3144 579 3188 tum.
625 3137 757 3187 Haec
781 3153 937 3202 porro
960 3148 1081 3188 ante
1105 3141 1210 3191 Oxi
1235 3143 1512 3206 trajectum

450 3228 567 3264 esse
591 3220 735 3278 gesta
757 3215 915 3265 docet
937 3215 1201 3268 Arrianus.

515 3290 530 3323 ¹
559 3291 876 3356 Branchidoe]
912 3293 1181 3342 Branchus
1203 3292 1411 3358 quidam
1443 3295 1510 3346 de

448 3370 732 3420 Machaerei
752 3371 935 3434 stirpe,
955 3377 1014 3420 ut
1038 3376 1121 3420 est
1141 3371 1278 3435 apud
1302 3371 1512 3421 Strabo-

447 3463 565 3499 nem
588 3448 679 3497 lib.
696 3461 777 3498 lx.
804 3446 1013 3512 praefuit
1036 3447 1290 3511 Apollinis
1312 3450 1509 3512 templo

447 3524 585 3587 quod
609 3527 624 3553 ‘
647 3524 944 3589 Didymeon
960 3523 976 3547 ’
999 3525 1300 3574 vocabatur.
1344 3525 1428 3574 Ab
1446 3540 1509 3575 eo

445 3601 587 3651 dicta
625 3609 708 3651 est
739 3602 1144 3654 Branchidarum
1168 3600 1384 3664 familia,
1418 3616 1509 3666 pe-

445 3690 537 3727 nes
581 3693 736 3744 quam
782 3678 1016 3742 ejusdem
1067 3678 1251 3745 templi
1295 3692 1422 3727 cura
1454 3683 1511 3728 et

383 3774 394 3779 s
446 3755 797 3805 sacerdotium
830 3755 1033 3804 mansit.
1101 3755 1174 3804 Hi
1197 3752 1418 3818 fugienti
1442 3768 1509 3804 ex

446 3827 655 3880 Graecia
699 3832 880 3893 Xerxi,
930 3837 989 3882 ut
1032 3832 1252 3881 diximus
1295 3831 1390 3880 lib.
1428 3844 1506 3882 ιν.

446 3917 562 3967 cap.
585 3911 631 3956 1.
656 3910 836 3972 templi
858 3910 1124 3959 thesauros
1148 3907 1505 3973 prodiderunt.

445 3979 575 4029 Eam
606 3982 671 4030 ob
694 3996 802 4033 rem
833 3986 1157 4036 Milesiorum
1194 3986 1504 4051 indignatio·

445 4071 562 4106 nem
587 4059 755 4123 veriti,
779 4074 810 4108 a
828 4061 1010 4125 quibus
1049 4070 1163 4113 erat
1190 4064 1289 4113 illis
1325 4061 1507 4127 templi

446 4134 648 4185 credita
680 4136 933 4201 custodia,
978 4139 1209 4190 Xerxem
1247 4141 1506 4190 volentem

448 4213 613 4262 secuti
657 4218 776 4263 sunt
828 4228 946 4264 cum
990 4217 1230 4266 universa
1271 4215 1508 4278 familia;

448 4299 563 4347 quae
607 4289 859 4356 paulatim
893 4289 967 4341 sic
1002 4299 1258 4357 creverat,
1290 4300 1348 4344 ut
1386 4307 1508 4344 cum

1597 2830 1777 2890 servis,
1801 2837 1857 2882 et
1873 2831 1916 2881 si
1935 2833 2023 2897 qui
2040 2831 2129 2882 alii
2152 2847 2211 2882 se
2225 2830 2360 2883 forte
2384 2832 2665 2895 conjunxe-

1595 2916 1732 2972 rant,
1752 2909 2055 2973 oppidulum
2078 2909 2330 2974 impleret.

1657 2992 1694 3017 ¹¹²
1723 2985 2012 3050 Didymeon]
2032 2986 2259 3049 Didyma
2280 2986 2426 3035 locus
2444 2995 2527 3036 est
2552 3001 2668 3050 pro-

1592 3076 1660 3129 pe
1681 3062 1921 3112 Miletum
1955 3062 2132 3112 urbem
2150 3062 2339 3125 Ioniae,
2359 3064 2423 3112 de
2443 3078 2548 3128 qua
2571 3078 2664 3113 nos

1591 3138 1657 3187 ad
1680 3137 1771 3189 lib.
1794 3151 1873 3187 tv.
1898 3153 2015 3201 cap.
2039 3143 2087 3188 1.
2121 3139 2336 3202 egimus.
2405 3139 2515 3189 Hic
2538 3146 2668 3188 tem·

1594 3215 1736 3280 plum
1775 3221 1890 3265 erat
1934 3215 2302 3278 oraculumque
2343 3212 2600 3277 Apollinis
2636 3230 2667 3264 a

1593 3308 1695 3359 quo
1723 3293 2005 3357 Didymus
2039 3300 2095 3342 et
2126 3292 2412 3356 Didymen-⁹,
2434 3291 2665 3353 Διδυμεὺε

1591 3371 1885 3434 appellatus
1918 3377 2016 3420 est.
2084 3370 2270 3434 Neque
2309 3369 2447 3417 enim
2488 3370 2667 3432 placet

1589 3448 1939 3513 mythologica
1971 3447 2059 3496 illa
2096 3447 2320 3497 nominis
2348 3447 2483 3496 ratio
2506 3461 2664 3511 qnam

1591 3524 1892 3575 Macrobius
1927 3524 2134 3573 Saturn.
2166 3521 2260 3570 lib.
2286 3536 2326 3571 1.
2368 3523 2569 3587 attulit,
2599 3536 2665 3571 ex

1590 3617 1695 3667 qua
1728 3615 2052 3666 consequens
2078 3598 2345 3648 videretur
2368 3584 2474 3649 non
2504 3615 2537 3648 a
2571 3598 2662 3649 Di-

1590 3677 1778 3741 dymis,
1797 3676 2157 3737 Didymaeum3
2190 3673 2282 3722 sed
2307 3689 2339 3722 a
2362 3673 2660 3737 Didymaeo,

1589 3754 1812 3819 Didyma
1842 3766 1958 3801 esse
1980 3752 2152 3801 dicta:
2189 3750 2327 3815 quod
2352 3766 2458 3800 non
2479 3760 2660 3816 putem

1591 3829 1987 3880 admittendum.
2071 3827 2119 3876 A
2159 3825 2388 3887 Διδυμεὺς
2423 3826 2487 3877 fit
2519 3831 2659 3878 Διδυ-

1585 3909 1735 3970 μεῖον,
1774 3913 1834 3956 ut
1867 3921 1898 3955 a
1932 3905 2181 3968 βασιλεὺς,
2217 3907 2483 3970 βαστλεῖον,
2515 3906 2658 3970 quod

1586 3992 1828 4035 neutrum
1872 3992 1953 4033 est
1997 3983 2281 4048 adjectivi3
2349 3983 2659 4035 subanditur

1586 4063 1724 4111 enim
1746 4064 1891 4121 δῶμα.
1959 4064 2078 4116 Qua
2100 4062 2302 4111 ratione
2326 4061 2454 4109 nihil
2484 4061 2656 4124 prohi-

1589 4138 1738 4188 beret
1775 4138 1880 4188 dici
1922 4152 2127 4203 quoque
2173 4139 2447 4199 Διδυμαῖον,
2492 4138 2657 4202 Didy-

1585 4230 1772 4274 moemm
1789 4216 1888 4266 nisi
1904 4216 2110 4267 Graecis
2132 4216 2376 4266 usitatius
2397 4214 2542 4267 foret
2565 4217 2653 4265 illa

1587 4292 1923 4346 aedificiorum
1948 4293 2198 4346 vocabula
2219 4307 2285 4344 ex
2306 4292 2530 4359 propriis
2564 4293 2651 4347 ho.-
