2978 4933
476 355 568 421 32
1290 366 1849 423 rnonncoMnNA

481 533 790 600 mamque
833 514 1053 599 ipsam
1106 514 1373 579 minimo
1404 513 1742 596 »temporis
1787 514 2006 597 spatio
2054 502 2337 578 sedavit.
2423 510 2673 579 Accer-

482 619 652 684 situs
681 619 749 681 in
780 617 1077 696 Italiam,
1123 617 1339 700 inquit
1383 616 1589 699 Bapt.
1634 615 1965 697 Egnatius
2006 614 2108 702 (in
2144 616 2310 681 Vita
2339 614 2690 685 Constat».

483 716 660 804 tini),
704 720 790 783 ab
835 720 922 783 iis
950 720 1063 803 qui
1106 717 1444 783 Maxentii
1495 716 1903 800 tyrannidem
1952 719 2120 782 ferre
2169 736 2305 782 non
2346 722 2674 801 poterant,

483 821 749 886 biennio
790 828 1000 888 totam
1036 821 1311 886 Italiam
1353 820 1723 902 urbemque
1763 818 2057 885 Romam
2098 820 2395 903 pristinae
2434 818 2674 902 majes-

481 924 600 988 tati
653 926 963 989 asseruit.
1051 929 1073 959 ‘
1105 922 1449 1003 Quantam
1510 927 1975 1005 tempestatem
2033 908 2267 986 nsubita
2323 922 2672 985 serenitate

482 1024 840 1091 discussit!
858 1025 1137 1090 '-Rem
1170 1024 1545 1089 Romanam
1571 1024 1641 1087 in
1671 1023 1994 1107 plurimas
2021 1030 2246 1107 partes
2275 1022 2675 1088 dissolutam

482 1134 679 1211 atque
710 1127 1034 1193 divulsam
1065 1128 1259 1212 quasi
1289 1126 1769 1208 conglutinavit
1786 1132 1993 1209 atque
2010 1125 2436 1204 constrinxit3
2469 1125 2671 1191 victis

359 1278 363 1282 -
479 1230 830 1314 pulsisque
890 1230 1140 1295 Gothis
1199 1249 1506 1296 securam
1565 1226 1869 1294 reddidit.
1957 1228 2176 1293 Simul
2224 1246 2383 1292 vero
2428 1246 2674 1310 pacem

480 1332 797 1397 internam
844 1333 1154 1411 restitnit,
1200 1332 1414 1415 legum
1470 1330 1823 1395 severitate
1872 1329 2179 1408 firmavit,
2230 1339 2409 1393 artes
2459 1330 2675 1393 bonas

480 1435 820 1518 praecipue
846 1434 1183 1499 literarum
1216 1434 1462 1511 studia,
1494 1433 1740 1516 quibus
1768 1433 2007 1516 etipse
2036 1432 2302 1497 deditus
2344 1431 2530 1510 erat‚‘
2554 1452 2676 1495 nu-

483 1534 645 1611 triit,
678 1543 879 1618 atque
907 1535 1008 1599 ita
1036 1534 1290 1601 factum
1333 1540 1459 1612 est,
1509 1538 1531 1568 ‘
1571 1540 1644 1598 ut
1669 1535 2021 1617 imperium
2069 1554 2206 1599 non
2245 1534 2676 1600 reviresceret

483 1635 722 1712 solum,
752 1636 871 1700 sed
902 1638 1101 1701 etiam
1142 1635 1447 1702 floreret.’
1537 1636 2041 1720 Imperatoriam
2086 1642 2490 1721 potestatem
2536 1636 2677 1702 hae-

481 1737 782 1803 reditatis
813 1738 970 1804 loco
1000 1739 1161 1805 filiis
1194 1740 1583 1820 traditurus,
1614 1740 1817 1803 simul
1838 1758 1994 1804 vero
2019 1746 2093 1804 ut
2108 1739 2371 1820 negotia
2396 1739 2677 1821 publica

480 1840 725 1904 melius
755 1849 1281 1924 procurarentur,
1315 1846 1515 1925 atque
1545 1846 1639 1919 ut,
1666 1845 1852 1925 patre
1879 1841 2223 1923 magistro,
2266 1841 2674 1923 gubernandi

480 1948 683 2006 artem
717 1943 919 2025 probe
940 1943 1328 2021 ediscerent,
1358 1962 1509 2007 cnm
1529 1942 1670 2006 filio
1697 1943 1943 2020 fratris,
1975 1943 2337 2020 Dalmatio,
2361 1962 2676 2027 prosper-

479 2042 665 2107 rimae
689 2043 933 2108 indolis
954 2043 1225 2127 juvene,
1252 2051 1388 2110 tres
1413 2044 1613 2120 filios,
1638 2042 2166 2122 Constantinum,
2197 2045 2674 2110 Constantium

481 2149 684 2228 atque
717 2144 1144 2210 Constantem
1176 2145 1481 2210 Gaesares
1513 2146 1785 2223 creavit,
1816 2164 2064 2229 eosque
2092 2145 2361 2226 Galliae,
2386 2146 2673 2226 Orienti,

482 2245 840 2329 Italiaeque
888 2247 1211 2329 praefecit.
1302 2246 1470 2311 Inde
1514 2265 1750 2329 magna
1794 2247 1916 2312 illa
1957 2256 2022 2313 et
2063 2268 2272 2333 prope
2324 2252 2678 2334 explorata

481 2348 805 2410 diuturnae
852 2350 1266 2430 posteritatis
1305 2367 1466 2430 spes
1497 2355 1698 2412 enata
1727 2358 1852 2427 est,
1883 2371 2016 2434 qua
2042 2354 2244 2417 nixus
2277 2352 2543 2418 Curtius
2573 2356 2676 2420 ita

481 2448 832 2533 palpatur:
879 2451 900 2482 ‘
932 2447 1137 2513 Absit
1165 2448 1369 2514 modo
1399 2449 1676 2528 invidia,
1707 2453 1999 2536 excipiet
2026 2454 2217 2540 hujus
2246 2456 2477 2523 saeculi
2506 2463 2677 2523 tem-

480 2570 651 2633 pora
677 2550 981 2634 ejusdem
1010 2550 1272 2631 domnS,
1301 2552 1558 2618 utinam
1589 2560 1930 2636 perpetua,
1971 2562 2146 2622 certe
2174 2557 2481 2623 diuturna
2511 2581 2676 2645 pos-

480 2652 750 2718 teritas!
1501 2665 1504 2666 ’

568 2755 930 2822 Dominum
960 2759 1193 2841 populi
1224 2759 1518 2825 Romani
1541 2762 1792 2845 ubique
1821 2782 1895 2827 se
1921 2764 2128 2845 gessit
2156 2747 2676 2846 Constantinus3

478 2878 699 2942 neque
748 2859 1186 2942 principatum
1231 2859 1705 2940 dissimulavit,
1754 2863 1875 2927 sed
1921 2866 2149 2947 palam
2205 2868 2497 2931 ostendit
2553 2868 2677 2933 ha-

480 2959 693 3024 bitum
720 2962 975 3043 regium
1017 2961 1294 3044 gemmis
1338 2971 1408 3027 et
1451 2970 1664 3048 ca‘put
1706 2985 2036 3031 exornans
2082 2977 2402 3052 perpetuo
2444 2968 2676 3033 diade-

479 3068 707 3127 mate.¹¹

569 3165 709 3230 His
755 3165 1125 3231 rationibus
1178 3168 1303 3232 rite
1351 3168 1728 3253 perpensis,
1781 3171 1899 3235 vix
1942 3170 2218 3236 dubium
2260 3174 2680 3262 relinquitur,

478 3267 933 3352 conjecturam
990 3268 1428 3336 Illustrissimi
1487 3273 1788 3355 Bagnolo
1837 3293 1998 3338 vero
2042 3295 2191 3340 esse
2242 3276 2677 3344 simillimam.
2755 3309 2760 3314 2

482 3369 878 3450 Negandum
910 3371 1087 3436 enim
1118 3391 1251 3436 non
1282 3380 1409 3451 est,
1442 3373 1654 3439 Curtii
1682 3376 1873 3439 nulla
1902 3378 2104 3441 verba
2146 3387 2276 3441 non
2319 3396 2677 3460 congruere

479 3471 729 3555 optime
757 3490 913 3534 cum
940 3473 1216 3555 imperio
1248 3473 1667 3539 Constantini
1700 3476 1799 3540 M.
1875 3478 1963 3542 Et
1992 3480 2051 3542 si
2080 3480 2182 3543 ita
2209 3499 2318 3543 res
2349 3500 2423 3544 se
2452 3482 2677 3561 habet,

480 3572 805 3637 neminem
859 3572 1147 3655 amplius
1193 3577 1512 3657 movebit,
1559 3575 1775 3641 Curtii
1821 3599 2140 3663 nusquam
2188 3580 2371 3665 apud
2415 3589 2678 3668 vetere-s

480 3674 875 3739 mentionem
947 3672 1127 3740 fieri.
1227 3676 1464 3740 Mirari
1522 3678 1725 3741 etiam
1783 3678 2185 3759 desinemuS,
2255 3703 2408 3766 quae
2467 3704 2680 3751 causa

479 3777 677 3840 fuerit
741 3776 1052 3841 codicum
1101 3780 1697 3862 manuscriptorum
1750 3783 2072 3865 penuriae,
2112 3803 2267 3866 quae
2313 3790 2496 3849 tanta
2552 3797 2679 3866 est,

483 3883 578 3954 ut,
608 3897 758 3941 cum
786 3878 1049 3943 lacunae
1079 3886 1279 3963 atque
1310 3884 1711 3967 corruptelae
1757 3884 2068 3948 omnibus
2099 3905 2484 3951 communes
2515 3890 2679 3968 sint,

480 3987 659 4045 recte
694 3980 998 4065 judicare
1045 3980 1204 4046 VV.
1242 3984 1399 4050 DD.
1429 3986 1797 4066 videantur,
1839 3987 1955 4072 qui
1999 4007 2087 4052 ex
2130 4008 2266 4054 uno
2308 3990 2680 4073 exemplari

916 4204 934 4234 θ
971 4204 1113 4255 Idem
1139 4207 1267 4257 ibid.
1609 4281 1614 4290 .
1721 4217 1745 4241 ¹¹
1778 4209 1957 4258 Aurel.
1982 4208 2119 4258 Vict.
2144 4214 2223 4259 3⁷.
