2978 4933
512 355 642 421 416
973 371 1040 431 Q.
1086 368 1348 418 cua'ru
1402 368 1587 418 num
1641 369 1785 418 ms.
1834 369 1901 419 v,
1948 369 2111 419 oar.
2156 353 2261 419 13.

516 516 856 582 ademerat
881 513 1178 598 pulveris
1206 514 1463 578 nubes:
1509 512 1855 596 paulisper
1886 532 2044 596 ergo
2089 513 2378 579 inhibuit
2418 533 2681 580 cursum
2689 562 2713 597 ,

514 617 726 684 donec
757 616 1134 685 consideret
1162 617 1410 702 pulvis.
1481 615 1589 682 13.
1633 614 1930 702 Jamque
1959 618 2309 703 conspecti
2336 638 2381 684 a
2412 618 2716 684 barbaris

514 729 722 801 erant,
753 727 824 787 et
868 721 1259 789 abeuntium
1304 739 1543 806 agmen
1583 726 2119 804 conspexerant3
2157 740 2576 807 nequaquam
2604 720 2719 784 fu-

514 826 647 892 turi
703 845 927 912 pares,
979 826 1038 891 si
1094 826 1318 891 Besso
1371 828 1628 890 tantum
1688 822 1893 893 animi
1944 822 2190 891 fuisset
2242 824 2333 893 ad
2380 824 2717 909 praelium,

403 1014 408 1018 ,
517 940 835 1015 quantum
863 931 951 997 ad
993 929 1422 1015 parricidium
1464 927 1700 992 suerat.
1791 926 2111 1011 Namque
2145 934 2217 992 et
2259 934 2532 993 numero
2554 929 2722 991 bar-

515 1036 662 1099 bari
713 1034 1126 1118 praestabant
1169 1037 1239 1098 et
1281 1030 1562 1097 robore:
1623 1028 1710 1095 ad
1760 1026 1889 1094 hoc
1942 1030 2180 1094 refecti
2217 1049 2369 1095 cum
2411 1028 2721 1110 fatigatis

517 1145 844 1204 certamen
873 1138 1093 1209 inituri
1122 1142 1329 1201 erant.
1416 1134 1525 1199 14.
1570 1132 1710 1200 Sed
1730 1150 1980 1207 nomen
2009 1131 2383 1201 Alexandri
2410 1139 2483 1202 et
2505 1132 2721 1208 fama,

515 1242 886 1307 maximum
927 1242 994 1315 in
1033 1241 1210 1307 bello
1246 1239 1484 1323 utique
1522 1237 1999 1316 momentum?
2038 1236 2325 1322 pavidos
2369 1236 2435 1300 in
2480 1235 2723 1318 sugam

517 1346 867 1409 convertit.
953 1346 1057 1415 15.
1105 1340 1363 1417 Bessus
1412 1348 1485 1411 et
1531 1341 1737 1409 ceteri
1773 1341 2099 1413 facinoris
2135 1340 2284 1425 ejus
2321 1339 2721 1424 participes,

516 1447 897 1512 vehiculum
929 1447 1120 1513 Darii
1148 1451 1470 1526 assecuti,
1504 1450 1853 1530 coeperunt
1879 1445 2133 1515 hortari
2166 1464 2341 1523 eum,
2393 1450 2512 1511 ‘ut
2551 1463 2721 1509 con-

517 1549 863 1617 scenderet
888 1570 1132 1635 equum
1161 1556 1230 1616 et
1256 1570 1332 1616 se
1359 1543 1545 1619 hosti
1576 1549 1739 1633 suga
1768 1547 2104 1641 eriperet!
2189 1547 2293 1614 16.
2327 1546 2449 1615 lue
2479 1550 2502 1583 ‘
2524 1547 2722 1612 Deos

514 1653 762 1725 ultores
812 1655 1049 1725 adesse
1084 1654 1102 1682 ’
1125 1660 1431 1734 testatur,
1474 1662 1543 1724 et
1593 1651 2002 1723 ‘Alexandri
2056 1652 2258 1719 fidem
2277 1650 2295 1678 ’
2342 1651 2723 1736 implorans

513 1766 731 1842 negat,
764 1765 785 1794 ‘
802 1779 877 1825 se
907 1759 1283 1845 parricidas
1314 1760 1485 1825 velle
1516 1756 1871 1825 comitari?
1924 1758 2103 1824 Tum
2131 1775 2291 1823 vero
2313 1755 2413 1821 ira
2438 1773 2720 1839 quoque

514 1862 785 1928 accensi
808 1863 946 1928 tela
970 1863 1276 1948 injiciunt
1304 1864 1372 1928 iu
1407 1882 1646 1947 regem,
1675 1861 2037 1946 multisque
2066 1858 2452 1925 confossum
2478 1858 2724 1923 vulne-

513 1964 702 2028 ribus
729 1965 1137 2051 relinquunt.
1223 1967 1330 2039 17.
1371 1964 1706 2030 lumenta
1735 1983 2036 2049 quoque,
2064 1982 2150 2027 ne
2191 1961 2452 2047 longius
2480 1978 2722 2047 prose-

516 2068 630 2149 qui
685 2074 984 2151 possent,
1043 2069 1643 2148 convulnerantur3
1686 2067 1957 2134 duobus
2016 2066 2255 2143 servis,
2310 2062 2430 2148 qui
2484 2082 2721 2147 regem

515 2170 1022 2248 comitabantur,
1052 2172 1328 2237 occisis,
1416 2170 1523 2235 18.
1569 2170 1733 2236 Hoc
1763 2169 1946 2235 edito
1976 2169 2291 2246 facinore,
2326 2175 2405 2234 ut
2433 2167 2726 2250 vestigia

514 2271 694 2355 fugae
720 2281 1157 2357 spargerent:
1185 2270 1626 2340 Nabarzanes
1657 2268 2124 2360 Hyrcaniam,¹¹
2150 2272 2415 2337 Bessus
2445 2270 2726 2347 Bactra,

514 2377 753 2459 paucis
816 2376 1110 2460 equitum
1162 2377 1662 2456 comitantibus,
1709 2377 2076 2462 petebant:
2119 2373 2386 2439 barbari
2429 2371 2728 2437 ducibus

515 2479 841 2558 destituti,
864 2500 1001 2564 qua
1032 2500 1366 2566 quemque
1391 2487 1511 2547 aut
1553 2501 1715 2565 spes
1763 2480 2059 2550 ducebat
2085 2484 2205 2544 aut
2253 2496 2487 2562 pavor,
2518 2475 2728 2541 dissi-

514 2583 890 2668 pabantur3
934 2600 1004 2647 n.
1057 2588 1321 2648 tantum
1375 2583 1644 2667 equites
1702 2587 2272 2665 congregaverant
2324 2599 2426 2660 se,
2479 2579 2728 2646 incerti

514 2686 757 2764 adhuc,
789 2688 1186 2753 resisterene
1217 2688 1452 2753 melius
1482 2693 1667 2753 esset
1696 2707 1782 2753 an
1823 2686 2069 2770 fugere.
2146 2688 2253 2753 19.
2295 2683 2725 2759 Alexander,

513 2786 811 2853 hostium
855 2788 1300 2874 trepidatione
1349 2798 1727 2876 comperta,
1774 2788 2190 2857 Nicanorem
2228 2809 2388 2868 cum
2414 2785 2724 2872 equitum

579 2948 606 2983 δ
641 2950 791 3012 cnjus
808 2966 985 3014 magna
1006 2954 1078 3002 uis
1097 2958 1172 3003 est
1187 2954 1238 3003 r‘n
1261 2954 1397 3004 bello.

577 3022 598 3047 ‘
635 3015 854 3078 Utsugoe
872 3032 972 3066 aue
990 3017 1133 3080 signa
1154 3018 1650 3080 dividendosoellerent
1668 3019 1844 3071 hostes.

1438 3131 1807 3153 oeeeneneeo

512 3211 736 3261 rim—18
771 3210 937 3262 codd.
957 3210 1331 3275 Bongnrsinni:
1365 3228 1517 3277 neque
1537 3229 1677 3279 qum
1693 3215 1880 3276 futuri.
1946 3213 2100 3265 Von-
2119 3218 2170 3265 2.
2191 3211 2425 3265 omittit:
2460 3212 2522 3263 d
2552 3212 2724 3275 pra-11·-

510 3292 660 3392 '1‘3'31‘1‘'
673 3277 980 3396 fin'iisiss‘liss‘
996 3276 2725 3408 itam⁹323?{¹⁸3⁶‘ae‘mffl-“052355‘‘·1{⁴²}‘¹12‚2':3.2··12¹3

514 3408 672 3458 Voss.
695 3412 740 3459 1.
763 3411 814 3459 2.
833 3408 966 3459 Pan.
986 3408 1127 3458 Dan.
1143 3408 1285 3458 Pitb.
1309 3408 1433 3459 Put.
1457 3412 1653 3461 Fauch.
1677 3417 1734 3461 et
1756 3412 1923 3474 Bong.
1948 3415 1995 3461 1.
2014 3415 2065 3462 2.
2101 3410 2282 3460 Rem
2299 3425 2427 3459 cero.
2489 3407 2656 3458 Voss.
2684 3412 2726 3456 1.

511 3474 707 3524 omittit
748 3479 808 3523 ut
847 3480 971 3523 ante
1012 3475 1497 3525 mmmmm—16
1529 3476 1639 3525 Pro
1682 3481 1888 3526 tentatur
1928 3474 2198 3526 Aeidniius
2244 3484 2296 3526 et
2338 3473 2577 3525 Raderns
2616 3488 2725 3522 rna-

511 3537 724 3591 luerunt
746 3544 967 3591 mutatus.
1035 3539 1166 3590 Mox
1201 3539 1352 3590 Voso.
1386 3544 1434 3591 2.
1461 3547 1518 3589 et
1552 3542 1690 3591 Mer.
1724 3542 1797 3591 ita
1819 3556 2019 3607 quoque.
2083 3542 2316 3591 Floreat.
2336 3538 2485 3589 Leid-
2508 3538 2603 3587 alii
2624 3539 2724 3587 tel«

510 3603 799 3663 conjiciat,-
863 3605 1015 3655 Voss.
1055 3608 1103 3654 1.
1145 3604 1505 3668 Bongnrsiaui,
1543 3605 1709 3669 Lugd.
1752 3615 1808 3656 et
1848 3606 2020 3656 Amet.
2061 3608 2161 3657 tela
2199 3606 2437 3662 evideant,-
2500 3602 2622 3651 Pal·
2674 3607 2720 3651 l·

512 3670 608 3717 tela
630 3669 978 3719 iniciunt—17
1015 3671 1246 3718 Florent.
1287 3669 1434 3719 Leid.
1475 3670 1629 3720 Voss.
1667 3676 1712 3720 1.
1748 3675 1798 3721 2.
1832 3671 1922 3720 alii
1953 3671 2307 3721 convulnerant.
2370 3668 2534 3719 Paulo
2574 3675 2721 3731 post,

513 3734 663 3782 Voss.
691 3739 741 3783 2.
783 3740 840 3783 et
877 3734 1019 3783 Pitb.
1055 3734 1337 3797 quingentos
1383 3739 1571 3784 tuntum
1602 3735 1811 3799 equites,-
1858 3735 1951 3785 ned
1981 3735 2130 3786 Leid.
2160 3736 2315 3785 Voss.
2338 3738 2383 3783 1.
2416 3733 2548 3782 Pau.
2576 3732 2721 3782 Dan.

512 3796 639 3847 Put.
686 3799 880 3849 Fauch.
926 3800 1101 3862 Bong.
1137 3805 1181 3850 1.
1221 3802 1271 3848 2.
1313 3798 1433 3849 Ald.
1469 3800 1639 3851 Colin.
1682 3808 1740 3851 et
1779 3801 1988 3863 Grypb.
2026 3801 2101 3852 D.
2138 3806 2177 3851 t.
2216 3800 2409 3865 equites.
2481 3798 2639 3852 Voss.
2668 3801 2721 3847 2.

510 3863 594 3912 ced
637 3877 732 3926 pro
772 3879 844 3914 se.
921 3865 1151 3914 Floreat.
1192 3863 1337 3913 Leid.
1373 3864 1525 3915 Voss.
1564 3869 1613 3916 1.
1649 3870 1702 3916 2.
1739 3875 1794 3917 et
1832 3866 2177 3928 Bongarsinni
2221 3866 2468 3915 omittunt
2496 3878 2557 3912 ne
2593 3873 2720 3913 ante

513 3928 833 3994 melium-19
862 3928 1094 3992 Florent.
1120 3928 1269 3979 Leid.
1291 3929 1444 3980 Voss.
1467 3934 1516 3979 1¹.
1539 3934 1590 3980 2.
1622 3931 1769 3982 Pith.
1795 3930 1922 3982 Put.
1951 3933 2090 3981 Dan.
2115 3931 2311 3984 Fauch.
2336 3930 2454 3981 Pal.
2472 3936 2527 3980 et
2547 3928 2721 3996 Βοῦς.

1511 4044 1728 4097 NOTAE

573 4121 601 4156 ¹¹
634 4123 957 4189 Hyrcaniam]
977 4123 1060 4175 Ad
1083 4125 1271 4177 laevnm
1287 4126 1440 4177 sitam
1458 4141 1578 4177 ver·
1658 4127 2035 4195 propemodum
2073 4127 2263 4180 itinere
2299 4126 2569 4179 Orientem
2611 4138 2724 4176 ver·

511 4214 595 4249 sun
618 4213 760 4249 mare
789 4200 1109 4268 Hyrcanum,
1131 4204 1197 4253 de
1222 4219 1323 4268 qna
1360 4202 1576 4254 inferius
1659 4220 1763 4257 sus.

514 4275 579 4324 ad
615 4277 704 4328 lib.
742 4291 820 4328 vr.
864 4293 979 4343 cap.
1015 4285 1065 4331 ⁴.
1144 4279 1355 4345 Βορέω]
1408 4283 1577 4332 Recto
