2978 4933
479 361 609 427 508
717 357 724 360 ⁷
939 379 1004 436 Q.
1052 372 1315 425 cuni-11
1363 373 1542 424 num
1594 374 1738 423 mn.
1782 373 1914 424 vn.
1962 372 2132 425 cAP.
2173 359 2235 426 2.

479 531 704 588 tacere
735 540 935 607 quam
964 521 1204 587 dicere.
1263 503 1272 510 ³
1291 505 1824 608 Sed'utcumque
1876 542 2151 589 cessura
2194 541 2297 587 res
2340 527 2469 599 est,
2500 521 2691 586 malo

478 625 609 689 tibi
638 623 1090 690 defensionem
1118 643 1331 690 meam
1372 626 1756 710 displicere,
1785 646 1992 710 quam
2016 644 2319 692 causam.
2403 623 2696 706 Agnos·

481 745 596 792 ces
625 730 867 806 autem,
889 746 1043 811 quae
1075 727 1378 794 dicturus
1409 747 1602 809 sum3
1644 728 1899 813 quippe
1921 728 2305 805 meministi,
2337 745 2499 791 cum
2530 745 2646 789 me
2664 731 2696 768 ⁷

483 830 570 893 ad
599 828 1061 913 perducendos
1089 849 1179 893 ex
1207 831 1620 896 Macedonia
1651 831 1895 896 milites
1925 831 2251 909 mittereS,
2285 829 2551 894 dixisse
2591 832 2697 902 te,

482 936 503 967 ‘
526 932 774 997 multos
801 933 1090 1016 integros
1114 944 1154 970 ”⁸
1189 934 1469 1017 juvenes
1518 934 1587 998 in
1632 934 1832 999 domo
1861 940 1995 998 tuae
2023 933 2258 997 matris
2291 927 2621 997 abscondi
2646 927 2695 991 τ’

476 1032 592 1098 38.
636 1036 1023 1120 praecepisti
1052 1035 1252 1117 igitur
1297 1036 1479 1114 mihi,
1532 1042 1553 1073 ‘
1577 1055 1660 1101 ne
1710 1056 1904 1121 quem
1957 1041 2201 1119 praeter
2245 1040 2312 1098 te
2343 1034 2692 1111 intuerer;

481 1136 602 1200 sed
633 1136 1072 1202 detrectantes
1111 1137 1417 1202 militiam
1459 1138 1896 1222 perducerem
1929 1138 2017 1202 ad
2051 1136 2165 1202 te!
2249 1136 2453 1217 Quod
2487 1137 2695 1219 equi-

387 1277 400 1282 -
481 1236 633 1303 dem
658 1239 817 1319 feci,
847 1245 917 1305 et
942 1241 1243 1318 liberiuS,
1272 1260 1473 1324 quam
1514 1240 1918 1325 expediebat
1954 1239 2143 1316 mihi,
2177 1245 2509 1304 executus
2532 1257 2693 1301 sum

479 1339 831 1423 imperium
877 1350 1081 1407 tuum.
1170 1342 1495 1425 Gorgian,
1538 1342 1951 1421 Hecateum,
1995 1349 2064 1407 et
2109 1342 2478 1424 Gorgatan,
2514 1360 2694 1423 quo-

481 1462 628 1508 rum
656 1444 838 1510 bona
866 1464 1070 1529 opera
1097 1445 1323 1524 uteriS,
1367 1445 1526 1509 inde
1569 1445 1872 1528 perduxi.
1957 1444 2066 1510 39.
2114 1443 2298 1523 Quid
2328 1443 2537 1525 igitur
2559 1442 2694 1507 ini-

479 1545 680 1629 quius
708 1551 835 1624 est,
865 1566 1066 1630 quam
1090 1567 1220 1626 me,
1250 1547 1390 1632 qui,
1421 1548 1482 1611 si
1505 1547 1629 1612 tibi
1648 1567 1782 1611 non
1809 1547 2204 1632 paruissem,
2224 1547 2370 1630 jure
2402 1546 2690 1610 daturus

480 1644 578 1710 fui
608 1664 876 1730 poenaS,
902 1668 1081 1714 nunc
1111 1649 1352 1735 perire,
1381 1650 1542 1734 quia
1567 1649 1761 1731 parui
1782 1650 1813 1712 ‘l
1904 1648 2145 1733 Neque
2178 1648 2354 1713 enim
2375 1649 2518 1711 ulla
2547 1648 2691 1710 alia

482 1751 679 1814 matri
710 1758 847 1815 tuae
871 1752 1315 1837 persequendi
1335 1771 1461 1817 nos
1486 1770 1701 1817 causa
1727 1756 1849 1830 est,
1879 1770 2075 1837 quam
2111 1751 2290 1835 quod
2320 1751 2690 1815 utilitatem

482 1860 668 1917 tuam
699 1854 1002 1919 muliebri
1049 1856 1543 1941 praeposuimus
1576 1857 1833 1938 gratiae.
1919 1855 2027 1918 40.
2073 1854 2213 1918 Sex
2242 1853 2498 1918 millia‘
2531 1852 2691 1917 Ma-

485 1953 809 2020 cedonum
836 1957 1139 2041 peditum
1170 1965 1240 2022 et
1291 1975 1406 2022 nc.
1437 1958 1702 2041 equites
1746 1956 2021 2033 adduxi,
2073 1975 2349 2039 quorum
2390 1974 2555 2038 pars
2586 1974 2693 2017 se·

485 2064 722 2123 cutura
766 2079 870 2124 me
915 2080 1046 2124 non
1097 2065 1260 2140 erat,
1309 2060 1369 2124 si
1420 2060 1722 2124 militiam
1766 2056 2289 2129 detrectantibus
2347 2057 2691 2139 indulgere

483 2158 874 2226 voluissem.
962 2162 1277 2248 Sequitur
1304 2183 1486 2246 ergo,
1530 2168 1621 2242 ut,
1668 2163 1831 2246 quia
1870 2162 1990 2226 illa
2027 2166 2297 2245 propter
2326 2159 2495 2223 hauc
2526 2178 2690 2222 cau-

484 2279 628 2325 sam
661 2265 969 2330 irascitur
1019 2267 1238 2345 nobis,
1279 2275 1354 2332 tu
1399 2267 1664 2351 mitiges
1712 2271 2010 2341 matrem,
2058 2263 2174 2346 qui
2217 2263 2336 2327 irae
2370 2260 2518 2343 ejus
2562 2279 2689 2325 nos

487 2363 840 2428 obtulisti.'

577 2482 657 2529 ιι.
727 2465 787 2532 1.
839 2466 1019 2533 Dum
1069 2470 1263 2536 haec⁸
1317 2470 1640 2556 Amyntas
1689 2472 1851 2555 agit,
1904 2469 2074 2534 forte
2132 2476 2681 2553 supervenerunt,

548 2654 586 2680 '¹⁸
626 2647 824 2699 Laboris
851 2658 1086 2715 expertes.

1408 2732 1766 2753 OOOOOOOOOOOO

490 2836 547 2880 et
569 2832 707 2885 Mer.
727 2834 1060 2898 quisset-sitan
1074 2849 1100 2896 ,⁸
1127 2835 1279 2885 Voss.
1301 2839 1349 2885 2.
1372 2849 1477 2898 quoe
1491 2834 1718 2891 forsitan,
1744 2839 1799 2884 et
1825 2849 1944 2884 mox
1966 2848 2246 2899 quocumque
2268 2848 2476 2883 cessura.
2543 2831 2697 2881 Idem

487 2898 643 2959 paulo
667 2907 789 2962 post
808 2902 871 2949 ad
887 2903 1357 2965 producendos—38
1393 2902 1409 2929 ‘
1430 2900 1798 2950 Necessarium
1820 2915 1921 2950 non
1946 2909 2044 2964 est,
2066 2908 2124 2949 ut
2144 2914 2260 2948 cum
2284 2896 2556 2948 Scheffero
2574 2896 2700 2946 scri-

487 2961 583 3010 bas
607 2979 622 3011 ε
651 2964 734 3012 sed
755 2969 803 3013 et
824 2963 1182 3016 detrectantes!
1217 2963 1538 3016 Schmieder.
1603 2964 1754 3013 Voss.
1775 2969 1826 3016 2.
1857 2967 2160 3029 producerem
2181 2966 2243 3013 ad
2265 2970 2330 3013 te.
2396 2962 2543 3012 Pith.
2568 2967 2617 3011 et
2641 2962 2700 3010 li·

489 3025 639 3083 beros,
662 3041 818 3089 quam,
838 3031 922 3091 qe.
992 3029 1145 3081 Leid.
1169 3037 1224 3080 et
1242 3031 1409 3093 Bong.
1434 3034 1484 3080 2.
1507 3029 1775 3093 expedibat.
1842 3029 1996 3080 Leid.
2022 3038 2078 3080 et
2101 3030 2250 3079 Voss.
2275 3033 2326 3078 2.
2351 3034 2485 3077 tuum
2506 3027 2701 3090 imperi-

486 3105 601 3146 um.-
650 3092 800 3141 Voss.
823 3097 873 3143 1.
911 3094 1109 3144 omittit
1130 3100 1280 3144 tuum.
1347 3095 1497 3145 Leid.
1519 3096 1671 3144 Voss.
1696 3098 1743 3145 1.
1766 3096 1906 3145 Dan.
1927 3095 2041 3145 Pal.
2065 3100 2110 3145 1.
2134 3094 2253 3143 Ald.
2276 3100 2332 3143 et
2356 3095 2495 3141 Mer.
2523 3093 2698 3154 flegu-

489 3159 653 3213 teum,·
703 3156 936 3206 Florent.
981 3159 1246 3221 Egateum5
1293 3159 1443 3210 Voss.
1479 3165 1528 3210 2.
1573 3160 1812 3209 Gatheum
1826 3176 1846 3219 ,-
1898 3160 2008 3210 Elz.
2046 3159 2211 3224 Lugd.
2249 3159 2404 3207 Frob.
2443 3166 2501 3207 et
2533 3157 2703 3207 Amst·

488 3218 790 3271 Hecataeum.
859 3222 1009 3273 Voss.
1032 3227 1081 3272 2.
1108 3223 1358 3286 Gorgatan
1376 3240 1396 3282 ,·
1445 3223 1570 3274 Ald.
1595 3239 1719 3274 vero
1754 3233 1806 3274 et
1838 3224 1993 3275 codd.
2030 3225 2437 3286 Gorginem—39
2472 3223 2629 3272 Voss.
2651 3225 2701 3270 2.

489 3286 586 3336 alia
605 3287 752 3337 matri
772 3288 868 3337 ulla
880 3304 902 3348 ,·
950 3288 1093 3339 Pith.
1112 3291 1209 3338 ulla
1227 3288 1325 3339 alia
1345 3290 1653 3353 persequendi
1675 3305 1760 3339 nos
1782 3292 1928 3339 matri
1949 3295 2061 3339 tuoe.
2126 3291 2356 3339 Florent.
2380 3287 2529 3337 Leid.
2548 3288 2702 3336 Voss.

491 3355 540 3400 1.
565 3358 619 3402 et
651 3352 767 3402 Pal.
792 3358 836 3403 1.
874 3356 1199 3418 proposuimus
1232 3355 1562 3416 gratim—40
1596 3355 1764 3419 Bong.
1798 3360 1848 3406 2.
1892 3355 1983 3405 VI.
2008 3355 2192 3415 minim
2245 3355 2440 3404 Veron.
2475 3361 2532 3403 et
2565 3353 2702 3402 Mer.

498 3415 609 3466 Vim
647 3419 957 3468 Macedonum
991 3421 1215 3476 militum,
1254 3432 1399 3468 error
1435 3433 1503 3467 ex
1543 3434 1797 3469 concursu
1838 3421 2174 3470 numeralium
2219 3419 2312 3469 VI.
2340 3419 2419 3467 M.
2469 3419 2629 3468 Voss.
2654 3420 2702 3465 2.

492 3482 689 3532 omittit
724 3484 950 3547 peditum.
1018 3484 1162 3534 Pitb.
1185 3483 1364 3547 habet,
1397 3483 1524 3533 milk
1547 3484 1665 3534 DC.
1687 3485 1887 3549 equites.
1957 3486 2123 3536 Paulo
2147 3494 2265 3550 post
2290 3498 2386 3549 pro
2405 3498 2542 3546 ergo,
2564 3483 2700 3531 Dan.

490 3561 598 3609 ego,
622 3548 711 3596 sed
737 3549 1098 3611 superscripto
1112 3565 1159 3599 r.

556 3616 583 3661 1
620 3611 737 3662 Pal.
760 3617 807 3664 1.
832 3613 967 3673 forte
986 3615 1336 3680 superveniunt.
1401 3614 1572 3678 Bong.
1598 3619 1645 3665 1.
1664 3619 1713 3667 2.
1752 3615 1872 3666 Pal.
1898 3618 1944 3665 1.
1978 3615 2212 3665 Florent.
2236 3611 2385 3664 Leid.
2401 3619 2456 3662 et
2478 3612 2627 3661 Voss.
2650 3614 2697 3657 1.

1497 3760 1712 3812 NOTAE

556 3880 579 3914 5
615 3874 736 3922 Cum
770 3875 866 3949 me]
909 3875 1027 3925 Lib.
1059 3889 1138 3925 iv.
1173 3889 1291 3939 cap.
1313 3879 1363 3925 6.
1428 3874 1553 3925 Abs·
1632 3876 1878 3942 quaginta
1900 3889 2176 3940 procerum
2196 3873 2347 3923 filios.
2376 3872 2483 3923 Sed
2505 3870 2572 3922 de
2588 3887 2696 3921 sex-

490 3948 651 4010 condi]
703 3950 963 4004 Immunes
997 3969 1029 4004 a
1060 3954 1258 4005 militiae
1282 3952 1551 4005 laboribus
1632 3953 1800 4003 centis
1830 3960 2067 4017 apertum
2101 3957 2181 4001 est
2212 3950 2436 4002 Diodori
2469 3950 2696 4000 testimo·

492 4024 750 4083 desidere.
772 4027 1097 4093 Olympiadis
1118 4029 1316 4083 favore.
1630 4030 1791 4080 nium.
2320 4074 2321 4079 ,

553 4108 576 4133 ⁸
614 4099 715 4151 Sex
767 4103 944 4168 millia]
1017 4108 1259 4157 Totidem
1314 4107 1549 4173 peditum
1696 4113 1720 4140 ⁸
1751 4107 1885 4156 Dum
1916 4107 2046 4170 hoec]
2092 4105 2264 4155 Aliter
2301 4104 2584 4167 Arrianus;
2627 4104 2693 4154 A·

490 4179 771 4242 scripserat
786 4179 996 4230 Curtius
1016 4182 1178 4235 lib.v.
1202 4189 1384 4248 cap.l.
1407 4185 1553 4251 equi·
1631 4192 1860 4246 myntsm
1904 4182 2046 4232 dicta
2080 4195 2242 4232 caiisa
2280 4181 2592 4245 absolutum,
2617 4196 2692 4230 ac·

491 4262 573 4303 tes
590 4255 844 4307 duntaxat
858 4254 1184 4324 quingentos,
1198 4267 1390 4324 praeter
1408 4258 1552 4328 quin&
1635 4265 1791 4325 cepta
1826 4257 2105 4322 facultate,
2125 4256 2191 4307 ad
2231 4258 2599 4308 retrahendum
2632 4271 2692 4306 ex
