2978 4933
736 366 991 416 surm..
1041 367 1121 414 m
1173 368 1241 427 Q.
1288 367 1636 415 cURTmM
1689 366 1834 415 ms.
1884 369 1929 415 1.
2352 354 2436 418 95

253 533 381 574 men
418 510 825 573 subeundum:
870 531 1029 572 nunc
1074 510 1392 572 celeritatis
1438 511 1653 590 magiS,
1697 531 1871 590 quam
1902 513 2108 577 virium
2140 525 2435 574 certamen

252 633 396 672 esse.
478 611 655 680 Quod
684 612 734 670 si
762 609 1046 671 adversus
1075 610 1342 689 singulos
1374 609 1625 669 audacia
1656 630 1772 669 non
1804 623 1995 678 esset;
2041 613 2187 691 quid
2218 614 2434 673 deinde
2504 682 2507 685 ‚

252 710 521 784 futurum,
550 709 601 769 si
629 719 848 769 metum
876 708 1154 768 confesso
1179 726 1385 767 omnes
1417 727 1532 766 uno
1563 706 1787 786 impetu
1813 709 2375 788 superfunderentur
2395 711 2441 769 2'

257 808 344 868 13.
390 806 496 867 His
527 806 743 867 deinde
771 805 1159 884 congruentia
1189 804 1265 864 ad
1294 804 1576 883 populum
1606 804 1860 877 locutus,
1886 805 2128 885 adjecit,
2155 816 2172 843 ⁴
2194 806 2440 869 effectu-

253 925 370 965 rum
400 926 484 978 se,
512 915 581 966 ut
605 905 765 965 cives
809 904 1131 982 hostesque
1162 902 1331 962 fateri
1376 912 1750 981 cogerentur,
1794 914 1997 984 erepto
2028 917 2192 985 patre
2222 926 2436 988 corpus

251 1022 574 1081 nomenque
621 1002 776 1080 regis
814 1010 1109 1060 mutatum
1150 1019 1284 1059 esse
1304 995 1335 1066 ;i
1377 1000 1690 1061 consilium
1723 1001 2099 1082 animumque
2130 1025 2250 1064 non
2282 1005 2439 1066 desi·

252 1099 453 1161 derari.
546 1102 640 1160 14.
686 1099 830 1157 Eam
860 1117 1052 1157 rerum
1081 1098 1526 1161 conversionem
1569 1099 1889 1185 nonnullos
1933 1103 2309 1163 occasionem
2339 1114 2436 1163 tu-

250 1195 574 1259 multuandi
601 1195 937 1277 putavisse;
980 1193 1088 1254 sed
1117 1195 1275 1254 brevi
1304 1215 1510 1275 poenas
1540 1195 1808 1258 daturos,
1890 1201 1983 1258 15.
2020 1200 2208 1261 Modo
2236 1202 2442 1262 Mace÷

253 1293 429 1354 dones
476 1292 719 1354 eosdem
764 1292 1015 1365 animos,
1045 1292 1287 1353 eosdem
1337 1294 1592 1354 lacertos
1639 1296 1750 1355 sibi
1800 1297 2260 1370 commodarent,
2289 1319 2440 1377 quos

250 1399 409 1455 tanta
449 1411 587 1452 cum
629 1392 887 1472 ipsorum
932 1390 1139 1470 gloria,
1168 1393 1744 1471 tantoque.victoriae
1778 1395 1992 1468 fructu,
2020 1397 2171 1474 patri
2202 1415 2312 1456 suo
2342 1416 2444 1476 per
2545 1430 2557 1437 -

251 1500 336 1550 tot
359 1509 551 1550 vannos
579 1489 1017 1570 praestitissent.
1107 1490 1201 1552 16.
1245 1490 1313 1550 ld
1356 1510 1475 1571 quo
1523 1493 1812 1571 promtius
1862 1493 2234 1573 alacriusque
2283 1495 2445 1554 face-

223 1578 228 1581 *
252 1598 395 1661 rent,
416 1587 681 1649 omnium
697 1597 916 1667 praeter
932 1587 1156 1649 militiae
1177 1590 1546 1649 vacationem
1569 1588 1712 1668 ipsis
1735 1588 2105 1651 concedere.’
2160 1593 2251 1651 17.
2281 1592 2442 1651 Con·

253 1686 439 1746 silium
484 1685 641 1765 regis
688 1684 928 1746 fortuna
975 1685 1400 1765 comprobavit.
1486 1686 1625 1745 Non
1672 1687 1937 1767 segniuS,
1976 1707 2154 1766 quam
2204 1688 2443 1749 locutus

254 1784 456 1859 fuerat,
486 1782 726 1864 singula
753 1803 1104 1864 aggressum
1121 1783 1507 1849 felicissimus
1537 1785 1798 1844 omnium
1829 1785 2023 1846 exitus
2053 1793 2291 1846 secutus
2321 1796 2438 1847 est.

252 1881 325 1941 Et
349 1883 669 1963 Amyntam
698 1881 958 1961 quidem,
986 1883 1298 1963 patefactis
1330 1904 1482 1962 quas
1517 1883 1617 1942 ille
1648 1893 1942 1944 struxerat
1968 1883 2223 1955 insidiis,
2262 1905 2441 1946 occu-

253 1980 441 2058 pavit:
486 1981 753 2040 Attalum
780 1999 883 2061 per
916 1981 1266 2041 Hecataeum
1294 1993 1354 2042 et
1377 1982 1828 2042 Parmenionem
1860 1982 2148 2042 sustulit*
2228 1984 2324 2045 18.
2357 1983 2446 2040 Ex

211 2075 336 2149 siis,
378 2097 532 2157 quos
577 2077 637 2137 in
684 2075 941 2158 Philippi
991 2098 1199 2138 necem
1252 2079 1631 2138 consensisse
1680 2098 1877 2138 rumor
1926 2078 2232 2157 arguebat,
2261 2097 2447 2136 unum

253 2173 650 2235 Alexandrum
682 2175 1032 2256 Lyncestem
1076 2177 1291 2255 exemit
1334 2176 1665 2256 supplicio,¹
1698 2175 1862 2255 quod
1903 2175 2208 2257 imperium
2252 2175 2443 2234 susci-

252 2271 429 2352 pienti
474 2273 766 2347 affuisset,
815 2273 1154 2354 primusque
1207 2274 1478 2355 ‘regem’
1527 2275 1886 2334 salutasset:
1929 2283 2155 2333 ceteros
2202 2271 2441 2335 occidit.

258 2371 345 2431 19.
387 2371 479 2431 Ea
512 2371 823 2432 severitate
853 2391 1019 2431 suam
1050 2373 1301 2434 salutem
1328 2375 1387 2432 in
1415 2373 1682 2434 vindicta
1711 2371 1967 2450 Philippi
2005 2369 2216 2430 muniri
2245 2369 2452 2430 crede-

251 2469 378 2539 bat;
423 2470 599 2531 simul
631 2469 853 2532 aboleri
879 2469 1116 2544 famam,
1147 2492 1267 2550 qua
1306 2483 1373 2532 ut
1417 2471 1696 2532 conscius
1748 2481 2012 2549 paternae
2061 2468 2242 2528 caedis
2284 2478 2453 2529 nota-

250 2566 433 2629 batur.
520 2569 619 2628 20.
666 2568 903 2627 Crebrae
936 2568 1088 2626 inter
1111 2588 1213 2627 eos
1246 2568 1559 2628 discordiae
1590 2568 1764 2628 fidem
1799 2566 2120 2646 suspicioni
2149 2566 2411 2624 fecerant
2431 2582 2471 2631 ς’

252 2673 308 2723 et
330 2674 607 2744 questum
635 2666 876 2746 injurias
906 2664 1267 2724 Pausaniam
1305 2664 1380 2723 ad
1425 2665 1656 2723 facinus
1704 2664 2085 2721 confirmasse
2116 2661 2449 2720 ferebatur:

252 2761 479 2838 prolato
532 2782 603 2821 ex
651 2761 965 2841 Tragoedia
1016 2760 1336 2832 carmina-2
1387 2780 1503 2839 quo
1536 2759 1758 2819 Medea
1788 2767 1804 2793 ‘
1831 2758 2045 2837 pariter
2074 2756 2270 2837 pellici
2301 2777 2450 2829 suae,

252 2860 467 2939 quique
498 2879 628 2919 eam
651 2860 710 2917 in
740 2859 1170 2918 matrimonium
1199 2857 1410 2917 Jasoni
1439 2856 1804 2933 tradidisset,
1832 2866 1893 2914 et
1923 2839 2094 2935 cujus
2124 2854 2184 2913 in
2212 2873 2451 2912 manum

254 2956 646 3027 convenisset,
666 2955 822 3015 idem
843 2955 1103 3015 exitium'
1120 2956 1471 3015 minabatur.
1498 2957 1569 3013 21
1586 2956 1820 3014 ,Verum
1840 2954 1964 3031 ipse
1978 2973 2110 3013 cum
2128 2951 2455 3031 aliquando

255 3050 415 3112 Darii
455 3052 741 3131 Epistolse
779 3052 1184 3132 responderet,
1212 3053 1493 3112 invidiam
1522 3053 1580 3111 in
1604 3052 1820 3113 Persas
1858 3051 2175 3110 transferre
2203 3059 2452 3109 conatus

254 3158 405 3219 est3¹¹
478 3160 494 3183 ⁶
528 3150 759 3210 illorum
824 3169 966 3209 auro
1018 3158 1416 3229 'percussores
1474 3148 1746 3228 Philippo
1802 3159 2174 3229 comparatos
2230 3146 2458 3206 fuisse.'

254 3247 350 3305 22.
392 3246 648 3327 Quoque
677 3248 867 3327 magis
899 3268 1129 3307 ornnem
1169 3248 1361 3328 culpae
1408 3247 1805 3328 suspicionem
1849 3253 2201 3323 extergeret,
2228 3255 2456 3322 postre-

255 3362 347 3402 mo
374 3344 802 3424 vitaetempore
834 3345 1211 3423 magnificum
1240 3344 1516 3425 Philippo
1547 3344 1871 3423 templum⁰
1918 3353 2186 3403 extruere
2227 3339 2451 3419 cogita-

256 3450 455 3500 verat:
519 3440 602 3513 id,
646 3441 799 3501 inter
845 3442 961 3501 alia
1009 3442 1066 3500 in
1109 3443 1542 3501 commentariis
1599 3441 1727 3521 ejus
1774 3449 2027 3521 reperta,
2074 3456 2451 3499 successores

258 3537 586 3615 neglexere.

334 3634 444 3694 XI.
521 3636 573 3694 1.
619 3634 772 3693 Cum
817 3646 1013 3695 autem
1057 3636 1134 3694 ad
1166 3634 1523 3715 perficienda
1552 3655 1688 3714 quse
1733 3634 1929 3695 animo
1958 3633 2241 3711 agitabat,
2270 3631 2483 3694 maxi-.

261 3747 415 3788 mum
443 3729 501 3790 in
549 3750 621 3790 eo
650 3744 1011 3792 momentum
1039 3734 1296 3813 positum
1341 3732 1738 3804 arbitraretur,
1768 3741 1835 3791 ut
1863 3729 2114 3790 Graeciae
2161 3727 2455 3806 principa·

323 3923 527 4007 “Diod.
562 3957 668 4009 Sic.
706 3972 845 4009 xvir.
884 3974 938 4025 p.
975 3963 1089 4009 562.
1122 3959 1321 4011 Justin.
1396 3958 1592 4009 sustin.
1619 3961 1765 4007 x1.2.
1787 3938 1836 4007 2⁸.

261 4031 297 4079 1.
318 4032 354 4081 1.
1462 4042 1498 4068 ¹¹¹
1531 4036 1674 4106 Plut.
1699 4033 1849 4084 Alex.
1874 4048 1926 4097 p.
1941 4037 2058 4083 670.
2322 4079 2323 4082 ,

323 4107 349 4143 ¹¹
382 4111 536 4162 Diod.
582 4126 724 4163 xvir.
768 4128 821 4178 p.
864 4118 979 4164 564.
1028 4114 1175 4165 Curt.
1214 4127 1317 4163 vn.
1460 4119 1485 4145 ⁸²
1518 4112 1726 4163 Arrian.
1748 4125 1813 4162 11.
1841 4115 1920 4160 14.
1955 4110 2103 4160 Curt.
2130 4121 2206 4158 rv.
2230 4111 2276 4159 1.
2298 4112 2387 4157 12.

267 4189 311 4235 1.
335 4190 385 4235 3.
1458 4195 1484 4221 ⁰
1519 4189 1679 4241 Diod.
1699 4189 1804 4241 Sic.
1831 4200 1999 4238 xvm.
2023 4202 2079 4251 p.
2098 4188 2216 4236 629.
2274 4207 2275 4212 =

324 4261 338 4295 ¹
373 4264 579 4316 Ari-ian.
616 4280 721 4317 vn.
755 4271 841 4318 26.
877 4267 1022 4319 Curt.
1053 4280 1157 4316 vn.
1194 4270 1242 4316 1.
1264 4270 1320 4317 6.
