2978 4933
518 368 606 437 28
1323 389 1462 439 rao
1472 390 1717 439 neom
1732 392 1880 441 mu

514 529 725 594 tione.
815 534 837 565 ‘
864 530 1112 595 Filius'
1155 551 1283 596 non
1323 541 1432 599 est
1474 539 1498 570 ‘
1529 554 1880 601 successor
1925 535 2219 620 ejusdem
2265 535 2506 603 domus
2529 536 2547 565 ’
2582 559 2697 604 no-

515 631 883 713 minanduS,
932 634 1049 699 sed
1096 635 1392 717 potius‘
1422 638 1841 702 consobrinae
1887 637 2106 720 filius,
2087 639 2145 675 ·’
2187 640 2280 704 ita
2324 641 2500 704 enim
2552 641 2700 706 Ha-

514 733 794 801 drianus
812 736 1088 820 junctus
1117 746 1261 802 erat
1286 737 1598 822 Trajano.
1598 747 1640 775 ¹¹¹

598 837 902 904 Ceterum
932 842 1283 928 TrajanuS,
1328 843 1445 924 qui
1484 861 1852 926 cognomen
1894 843 2151 927 Optimi
2178 804 2526 924 demeruit,
2557 847 2699 930 dig-

510 960 639 1005 nus
667 943 939 1024 quidem
968 944 1224 1019 fuisset,
1253 963 1453 1026 quem
1485 946 1764 1010 summis
1788 945 2100 1010 laudibus
2123 952 2383 1012 ornaret
2411 946 2695 1013 Curtius,

507 1040 557 1105 J
560 1043 808 1108 ustitiae
851 1046 1022 1108 enim
1067 1044 1184 1108 ille
1228 1063 1308 1108 ac
1336 1044 1512 1127 juris
1557 1046 1825 1111 humani
1867 1047 2201 1132 divinique
2245 1056 2379 1112 tam
2407 1050 2698 1132 repertor

505 1145 688 1222 novi,
740 1165 938 1228 quam
992 1147 1338 1210 inveterati
1374 1155 1624 1212 ‘custos
1669 1154 1863 1212 erat.¹¹
1948 1149 2086 1213 Sed
2136 1169 2217 1213 ea
2264 1151 2502 1215 merita
2557 1170 2694 1215 non

506 1252 714 1323 erant,
744 1266 896 1329 quae
927 1253 1164 1312 auctor
1191 1255 1419 1312 noster
1445 1250 1668 1313 verbis
1698 1249 1981 1314 extollit.
2043 1249 2108 1315 A
2137 1248 2436 1317 Cocceio
2465 1251 2695 1318 Nerva

508 1346 579 1409 in
609 1346 734 1411 filii
761 1347 984 1412 locum
1013 1353 1214 1431 atque
1240 1355 1498 1431 partem
1542 1350 1802 1433 imperii
1828 1351 2236 1434 adoptatus⁰
2265 1353 2548 1419 militum
2588 1354 2695 1418 fu·
2805 1368 2814 1373 ·

505 1466 721 1512 rorem
764 1456 1145 1534 motumque
1191 1452 1510 1517 bellicum
1554 1458 1957 1536 represserat
1993 1453 2288 1537 quidem,
2329 1454 2456 1519 -sed
2504 1454 2693 1520 bella

503 1549 755 1629 civilia,
822 1572 974 1636 quae
1032 1553 1318 1633 sedaret,
1373 1555 1559 1620 nulla
1617 1564 1870 1620 erant..
1918 1555 2179 1620 Plinius
2240 1557 2567 1640 Panegyr.
2625 1560 2690 1622 5.

500 1655 523 1697 ·‘
556 1652 791 1718 Talem
842 1654 1039 1733 esse,'
1083 1657 1319 1740 inquit,
1370 1662 1393 1693 ‘
1424 1659 1750 1742 oportuit,
1796 1678 1994 1742 quem
2040 1677 2169 1721 non
2205 1658 2688 1736 bellascivilia,

500 1773 629 1819 nec
668 1757 871 1822 armis
915 1778 1243 1842 oppressa
1294 1760 1733 1845 Respublica,
1779 1760 1916 1825 sed.
1944 1780 2087 1843 pax
2117 1766 2187 1825 et
2220 1760 2573 1844 adoptatio
2619 1768 2693 1824 et

500 1858 766 1924 tandem
828 1869 1105 1928 exorata
1157 1863 1346 1928 terris
1405 1864 1678 1927 numina
1734 1861 2109 1926 dedissent!
2199 1862 2405 1926 Hunc
2463 1862 2686 1927 locum

498 1968 838 2026 certe-non
867 1965 1168 2048 inspexit
1196 1965 1567 2041 PontanuS,
1612 1984 1764 2028 cum
1808 1972 2026 2028 tamen
2066 1963 2363 2045 diligenti
2404 1964 2687 2030 lectione

496 2060 711 2128 libelli
752 2066 955 2150 hujus
1000 2065 1290 2131 Pliniani
1321 2086 1397 2129 se
1419 2067 1664 2150 jactet,
1703 2085 1919 2149 neque
1970 2065 2257 2130 scribere
2301 2068 2683 2133 erubescat:

494 2164 627 2229 m'si
655 2169 1000 2234 attendere
1030 2169 1233 2233 etiam
1264 2168 1735 2244 obiter'libeat,
1777 2187 1981 2251 quam
2024 2173 2185 2250 apte
2226 2168 2444 2232 verbis
2475 2166 2686 2233 Curtii

495 2272 801 2350 superius
823 2272 1120 2335 recitatis
1145 2270 1304 2353 Traj
1313 2270 1422 2334 ani
1444 2268 1861 2352 respondeat
1887 2269 2260 2351 imperium,
2290 2270 2684 2353 imperiique

490 2366 778 2435 initium.
868 2373 977 2435 De
1006 2392 1140 2454 quo
1174 2371 1399 2435 omnia
1426 2390 1584 2453 quae
1612 2370 1808 2434 velim
1840 2376 1908 2434 et
1934 2369 2082 2433 fuse
2107 2370 2194 2434 ad
2221 2370 2393 2436 hanc
2423 2391 2581 2449 rem,
2612 2374 2682 2437 in

485 2468 725 2537 illustri
754 2472 875 2538 illo
919 2493 1047 2539 suo
1088 2473 1174 2539 ad
1199 2473 1375 2538 hunc
1407 2471 1795 2555 Principem
1846 2472 2264 2557 Panegyrico
2312 2473 2510 2540 refert
2539 2475 2679 2540 Pli-

488 2571 643 2637 nius
670 2573 717 2639 J
718 2577 926 2641 unior.
2327 2607 2332 2610 v

575 2673 938 2760 Imperium
989 2678 1391 2756 Romanum,
1437 2679 1621 2763 quod
1666 2679 1840 2744 vitio
1901 2685 1974 2743 et
2028 2678 2268 2743 inertia
2326 2678 2675 2745 Caesarum

485 2780 683 2859 quasi
714 2788 1155 2847 consenuerat
1184 2787 1387 2865 atque
1417 2781 1798 2858 decoxerat,
1829 2779 2123 2864 Trajano
2174 2781 2492 2865 Principe
2537 2802 2679 2848 rur·

486 2897 606 2943 sus
635 2884 844 2947 movit
869 2885 1184 2960 lacertoS,
1231 2889 1320 2958 et,
1350 2886 1594 2966 praeter
1624 2902 1811 2966 spem
1853 2881 2170 2959 omnium,
2212 2888 2519 2947 senectus
2548 2884 2674 2948 im·-

482 2982 650 3063 perii
691 2985 892 3068 quasi
930 2986 1189 3050 reddita
1223 2984 1566 3069 juventute
1600 2985 1878 3050 reviruit
1918 2983 2241 3068 quidem,¹’
2281 2984 2399 3048 sed
2444 2985 2675 3065 filium,

439 3103 446 3122 ¹
480 3084 592 3147 cui
621 3084 879 3170 imperii
921 3094 1186 3170 sceptra
1225 3086 1571 3151 relicturus
1598 3092 1794 3163 esset,
1820 3105 2037 3170 neque
2075 3085 2430 3150 naturalem
2461 3108 2673 3172 neque

480 3183 876 3270 adoptatum
917 3189 1166 3254 habuit.
1244 3188 1425 3253 'Sunt
1455 3187 1753 3271 quidem,
1800 3187 1914 3271 qui
1959 3193 2212 3271 putent,
2246 3188 2672 3255 Hadrianum

478 3287 861 3373 adoptionis
895 3290 1044 3374 jure
1082 3290 1183 3355 illi
1232 3290 1670 3367 successisse,
1720 3288 1840 3355 sed
1885 3289 2036 3355 solo
2050 3287 2374 3373 Vopisco
2404 3298 2672 3360 auctore

475 3390 578 3454 ita
604 3398 927 3471 statuunt,
958 3394 1075 3476 qui
1119 3394 1190 3457 in
1225 3391 1392 3458 Vita
1437 3391 1782 3457 Aureliani
1825 3411 1978 3474 cap.
2023 3393 2089 3457 4.
2128 3391 2438 3473 scripsit.
2485 3394 2668 3475 quod
2753 3461 2764 3470 ,

478 3489 809 3558 Cocceius
843 3495 1116 3560 Nerva
1095 3514 1163 3558 m
1189 3494 1483 3579 Traiano
1514 3493 1926 3578 adoptando,
1966 3492 2196 3577 ‘quod
2228 3493 2474 3576 Ulpius
2501 3495 2666 3561 Tra-

468 3594 678 3678 janus
708 3596 777 3659 in
805 3596 1198 3676 Hadrianoss
1232 3600 1351 3662 διο.
1439 3595 1756 3662 Attamen
1787 3596 2174 3661 testimonia
2199 3589 2475 3660 aliorum
2505 3595 2666 3662 huic

362 3765 371 3768 γ
472 3696 568 3761 rei
598 3698 1081 3763 contradicunt.
1156 3699 1271 3764 Sic
1301 3699 1583 3790 Eutrop.
1615 3700 1875 3764 v111.3.
1943 3700 1968 3735 ¹
1994 3697 2333 3762 Defuncto
2365 3696 2665 3781 Trajano

475 3797 701 3864 AElius
747 3801 1136 3868 Hadrianus
1179 3808 1467 3868 creatus
1487 3808 1600 3867 est
1626 3804 1960 3885 princeps,
1992 3800 2136 3863 sine
2173 3799 2404 3880 aliqua
2431 3798 2665 3864 volun·

474 3901 641 3965 tate-
670 3902 987 3987 TraJani3
1032 3904 1150 3971 sed
1197 3924 1461 3991 operam
1509 3905 1710 3970 dante
1751 3903 2046 3980 Plotina,
2095 3899 2373 3983 Trajani
2421 3919 2660 3971 uxore.

535 4081 571 4107 ¹¹¹
603 4076 820 4141 Eutrop.
845 4093 970 4130 vm.
992 4083 1043 4130 4.
1577 4074 1804 4127 ,nandes
1843 4073 1911 4135 de
1946 4073 2240 4137 Regnorum
2270 4079 2326 4129 et
2351 4073 2660 4138 Temporum

536 4157 561 4183 ⁸
593 4150 772 4203 Aurei.
796 4155 937 4206 Vict.
959 4155 1103 4219 Epit.
1120 4169 1247 4205 xm.
1270 4159 1320 4205 9.
1608 4152 1851 4203 Ratione.

533 4233 559 4288 ⁹
589 4228 679 4279 Id.
695 4243 799 4282 ιιι.
821 4235 919 4285 16.·
935 4233 1156 4297 Eutrop.
1178 4244 1301 4282 vm.
1326 4234 1375 4282 1.
1407 4230 1527 4283 Jor·
1672 4235 1699 4272 Ρ
1734 4228 1914 4278 Florus
1936 4224 2143 4288 Prolog.
2166 4227 2228 4273 8.-
