2978 4933
479 382 611 448 244
941 392 1010 452 Q.
1058 385 1318 436 oUR'rn
1372 381 1552 432 nort
1608 378 1749 427 mn.
1799 377 1900 424 iv.
1949 373 2112 424 eAP.
2152 355 2220 420 3.

485 533 984 609 inhorrescens¹
1035 544 1217 600 mare
1260 526 1586 614 paulatim
1612 521 1871 599 levari‚¹·
1920 514 2159 583 deinde
2213 508 2452 577 acriori
2481 510 2675 572 vento

489 642 922 717 concitatum,
981 636 1226 701 fluctus
1283 632 1484 705 ciere,
1545 630 1616 691 et
1663 626 1831 689 inter
1889 641 1965 687 se
2023 615 2290 699 navigia
2334 609 2678 678 collidere.

488 732 778 828 Jamque
807 739 1024 807 scindi
1052 740 1399 819 coeperant
1444 729 1733 804 vincula,
1774 724 2021 810 quibus
2053 736 2383 786 connexae
2414 711 2682 797 quadri-

485 866 697 915 remes
726 847 929 921 erant,
959 859 1145 906 ruere
1173 837 1506 912 tabulata,
1535 837 1605 898 et
1646 849 1798 895 cum
1828 825 2079 910 ingenti
2117 823 2377 903 fragore
2414 818 2486 880 in
2528 808 2687 898 p'ro-

489 949 766 1033 fundum
814 963 1044 1010 secum
1088 940 1335 1005 milites
1378 934 1678 1000 trahere:
1739 930 1848 996 18.
1899 944 2111 1011 neque
2161 923 2336 987 enim
2380 924 2689 986 conserta

491 1051 758 1134 navigia
787 1047 929 1112 ulla
954 1064 1083 1128 ope
1130 1044 1197 1107 in
1229 1037 1497 1107 turbido
1525 1036 1661 1119 regi
1690 1035 2041 1118 poterant:
2091 1027 2285 1093 miles
2322 1020 2691 1088 ministeria

494 1161 869 1228 nautarum,
900 1166 1123 1213 remex
1152 1144 1385 1208 militis
1416 1138 1639 1205 officia
1664 1135 2015 1201 turbabat:
2046 1135 2135 1208 et,
2161 1126 2344 1211 quod
2373 1126 2440 1188 in
2462 1122 2692 1206 hujus·

501 1254 688 1321 modi
742 1271 908 1318 casu
958 1248 1232 1323 accidit,
1291 1245 1494 1331 periti
1554 1239 1801 1324 ignaris
1842 1235 2205 1323 parebant:
2269 1229 2531 1313 quippe
2582 1245 2696 1307 gu·

499 1359 953 1431 bernatores,¹¹¹
1006 1350 1177 1415 alias
1224 1349 1553 1432 imperare
1584 1342 1793 1419 soliti,
1824 1346 1961 1405 tum
1989 1343 2170 1402 metu
2221 1333 2455 1398 mortis
2492 1330 2693 1415 jussa

500 1456 1022 1542 exequebantur.
1112 1450 1415 1518 Tandem
1487 1447 1692 1513 remis
1750 1428 2162 1528 pertinacius
2218 1434 2698 1501 everberatum

500 1580 701 1639 mare,
732 1558 938 1624 veluti
968 1555 1410 1640 eripientibus
1452 1550 1725 1631 navigia
1767 1543 2125 1613 classicis¹¹
2155 1538 2403 1605 cessit:
2461 1535 2700 1620 appul-

503 1682 708 1747 saque
768 1664 917 1726 sunt
960 1660 1195 1736 littori,
1245 1658 1541 1722 lacerata
1585 1654 1926 1737 pleraque.
2014 1643 2125 1710 19.
2173 1640 2426 1707 Iisdem
2457 1637 2702 1701 diebus

502 1764 673 1829 forte
705 1761 1323 1844 Carthaginensium
1367 1758 1576 1841 legati
1619 1754 1887 1836 triginta
1939 1743 2443 1831 superveniunt,
2486 1739 2703 1823 majus

508 1864 812 1933 obsessis
862 1864 1199 1939 solatium,
1231 1881 1433 1945 quam
1486 1856 1855 1923 auxilium:
1915 1850 2170 1935 quippe
2222 1851 2241 1880 ‘
2278 1842 2706 1909 domestico⁰

506 1969 689 2036 bello
744 1966 1000 2033 Poenos
1057 1965 1405 2050 impediri3
1463 1981 1591 2026 nec
1649 1958 1735 2024 de
1788 1954 2096 2040 imperi0‚
2147 1949 2265 2016 sed
2316 1967 2440 2032 pro
2489 1944 2707 2009 salute

513 2140 518 2141 ⁷
569 2162 601 2195 Ρ
633 2154 775 2204 Mare
792 2168 895 2204 cum
903 2152 1106 2216 fremitu
1126 2150 1355 2215 paulatim
1374 2150 1700 2207 intumescere,
1718 2145 1801 2206 isc.

1425 2289 1575 2313 ‘0050
1580 2286 1789 2309 “060“

512 2397 767 2465 paullatim
795 2412 944 2449 mare.
979 2399 1116 2447 Mer.
1150 2398 1318 2450 levare.
1353 2394 1540 2445 Multae
1565 2391 1686 2440 edd.
1709 2395 1840 2439 vett.
1863 2387 2032 2436 deinde
2052 2383 2208 2433 aerim
2225 2397 2244 2440 ‚-
2276 2381 2442 2440 Bong.
2481 2377 2713 2426 Floreat.

517 2464 667 2515 Leid.
689 2474 746 2532 et
767 2464 919 2514 Voss.
939 2468 987 2514 1.
1011 2465 1061 2513 d.
1081 2463 1278 2512 acriore.
1312 2461 1452 2511 Pith.
1474 2460 1659 2525 fluctus
1690 2457 1856 2506 eicere.
1891 2451 2007 2501 Pal.
2033 2453 2078 2499 1.
2100 2446 2292 2509 navigio
2311 2443 2554 2494 collidere.
2597 2443 2715 2490 Mox

517 2532 692 2593 Bong.
725 2533 991 2592 coeperum5
1028 2529 1177 2577 Voss.
1214 2531 1261 2576 l.
1298 2540 1491 2590 coepere.
1558 2522 1706 2574 Leid.
1741 2525 1786 2571 1.
1817 2532 1952 2568 ruere
1986 2515 2230 2570 tabulata,·
2263 2512 2375 2560 Col.
2408 2510 2529 2558 Bas.
2565 2507 2717 2556 Frob.

519 2597 661 2645 Mer.
696 2602 751 2645 et
783 2594 907 2644 Ald.
940 2608 1165 2657 ruereque
1197 2593 1559 2642 tabulatae-18
1592 2587 1762 2638 Amst.
1797 2583 2024 2644 conferta.
2089 2577 2186 2628 Ed.
2220 2592 2300 2641 pr.
2322 2576 2536 2623 Venett.
2574 2573 2720 2621 Rom.

519 2660 740 2710 Mediol.
782 2661 905 2710 Vet.
952 2674 1034 2709 an.
1069 2662 1214 2708 14⁷4.
1248 2659 1442 2707 Veron.
1475 2656 1628 2706 Junt.
1661 2653 1783 2701 Bas.
1814 2648 2036 2711 Argent.
2068 2635 2205 2694 Mer.
2239 2641 2350 2691 Col.
2393 2637 2518 2688 And.
2554 2638 2719 2687 Colin.

522 2726 725 2801 Gryph.
750 2725 983 2775 Freinsh.
1006 2725 1196 2774 Cellar.
1228 2723 1413 2773 Pitisc.
1446 2719 1622 2770 Maitt.
1642 2718 1775 2767 Tell.
1797 2714 1956 2765 Snak.
1981 2707 2284 2771 Barb.-Bip.
2309 2706 2468 2756 Cunz.
2488 2711 2546 2752 et
2568 2702 2722 2762 Both,

519 2805 725 2852 remiges
745 2805 809 2841 m.
832 2806 877 2840 o.
899 2789 1165 2839 turbabant.
1228 2792 1244 2817 ⁶
1260 2789 1390 2838 Cum
1415 2786 1640 2850 quinque
1664 2780 1816 2831 codd.
1836 2779 2094 2844 (Florent-
2118 2773 2266 2823 Leid.
2291 2771 2459 2832 Bong.
2491 2776 2544 2816 et
2572 2769 2721 2817 Voss.

527 2860 575 2931 ¹:
598 2856 674 2916 2.)
695 2855 850 2930 malui
884 2868 1049 2904 remea:
1069 2870 1133 2903 m.
1165 2869 1207 2902 o.
1229 2849 1485 2903 turbabat!
1521 2845 1838 2899 Schmieder.
1905 2843 2134 2893 Floreat.
2154 2836 2302 2888 Leid.
2327 2844 2382 2886 et
2405 2836 2561 2884 Voss.
2589 2837 2636 2882 1.
2673 2832 2722 2881 ia

524 2920 913 2994 vmmssfm‘·
979 2919 1093 2968 Pal.
1116 2916 1257 2979 jussu
1285 2914 1676 2979 exsequebantur.
1743 2910 1870 2960 Mox
1906 2906 2092 2957 verba:
2124 2904 2359 2966 pleraque.
2394 2899 2580 2949 Iisdem
2611 2899 2657 2946 d.
2676 2896 2722 2955 s.

517 2983 589 3031 AC.
627 2984 663 3032 l.
699 2989 925 3044 triginta,
946 2982 1135 3031 desunt
1158 2983 1210 3031 in
1234 2982 1353 3030 edd.
1374 2979 1675 3040 Lugd.-l9
1708 2976 1868 3024 Isdem
1888 2972 2023 3033 forte
2055 2969 2215 3019 diebus
2237 2967 2468 3015 Florent.
2496 2963 2648 3012 Leid.
2668 2967 2720 3008 et

525 3047 680 3097 Voss.
727 3050 776 3096 1.
810 3052 859 3096 2.
880 3046 1365 3123 ,Carthaginiensium
1397 3045 1629 3092 Florent.
1659 3038 1809 3089 Leid.
1847 3045 1902 3086 et
1936 3036 2086 3085 Voss.
2123 3038 2169 3081 1.
2202 3030 2436 3081 auxilium
2464 3028 2724 3092 proebeutes

528 3111 680 3160 VosS.
700 3115 750 3161 2.
774 3112 1010 3162 auxilium
1029 3112 1224 3161 allaturi
1249 3110 1369 3160 Ald.
1393 3107 1627 3158 auxilium
1653 3102 1909 3169 praebituri
1932 3099 2078 3151 Leid.
2111 3104 2160 3149 1.
2190 3096 2413 3146 nunciare
2441 3093 2723 3143 dimicabant

1527 3249 1741 3305 No'rAE

593 3351 607 3384 ¹
643 3351 763 3404 Tum
793 3353 1135 3417 inhorrescens]
1169 3355 1386 3418 Elegans
1420 3352 1582 3417 inpri·
1663 3356 1764 3406 est,
1788 3346 1876 3413 qui
1899 3344 2115 3395 navibus
2140 3329 2368 3405 impositi
2398 3338 2464 3387 ad
2500 3349 2722 3402 pugnam

526 3430 625 3480 mis
665 3438 823 3495 atque
863 3432 1110 3495 graphica
1148 3430 1471 3496 tempestatis
1495 3430 1584 3478 de·
1666 3432 1847 3487 erant;
1880 3422 1973 3473 sed
1993 3428 2175 3471 nautas
2190 3419 2329 3483 ipsos
2352 3422 2723 3477 nautarumque
2830 3425 2833 3426 ⁷

528 3507 759 3571 scriptio,
785 3513 985 3557 tantum
1022 3522 1122 3557 non
1157 3507 1375 3572 poeticis
1398 3507 1584 3558 colori:
1667 3503 1929 3568 adjutores
1953 3498 2195 3562 remiges,
2208 3509 2340 3561 quos
2363 3494 2438 3543 illi
2458 3492 2625 3541 socios
2641 3504 2724 3538 vo·

528 3584 623 3634 bus
648 3584 951 3634 illuminata.
1667 3580 1923 3642 citabant,
1944 3580 2010 3628 les
2027 3590 2151 3638 gene
2172 3576 2231 3623 de
2250 3572 2502 3622 chiourme.
2546 3568 2726 3619 Classi-

595 3669 631 3694 ¹¹²
656 3660 1031 3724 Gubematores]
1056 3663 1072 3690 ⁶
1092 3660 1452 3711 Gubernandi’
1476 3675 1586 3710 ver·
1668 3672 1843 3708 corum
1869 3669 2024 3721 porro
2056 3666 2241 3702 nomen
2280 3649 2571 3699 hominibus
2595 3648 2646 3694 in
2672 3658 2724 3693 re

530 3736 653 3824 bum
679 3737 884 3800 proprie
902 3737 967 3786 ad
989 3738 1194 3787 navium
1216 3743 1446 3787 rectores
1470 3751 1589 3801 per·
1668 3734 1838 3792 navali
1876 3731 2054 3781 datum
2088 3742 2190 3779 uon
2223 3728 2377 3782 facile
2417 3724 2538 3775 alibi
2578 3735 2725 3785 repe·

533 3818 686 3872 tinet,
726 3811 923 3862 factum
979 3814 1224 3863 videlicet
1264 3829 1295 3863 a
1331 3812 1589 3877 κυβερνάω,
1669 3811 1790 3862 rias.
2522 3810 2527 3815 '

530 3903 698 3937 navem
728 3902 856 3975 rego.
925 3888 1028 3938 Hic
1050 3904 1175 3939 vero
1200 3889 1615 3953 gubernatores,
1672 3891 1691 3930 ἑ
1735 3893 1760 3919 ⁰
1794 3884 2098 3947 Domestica]
2148 3881 2506 3934 Domesticum
2540 3878 2724 3928 bellum

533 3977 636 4012 non
660 3964 904 4049 ut.‘†¹!³⁸’
942 3965 1265 4028 imperabant
1302 3966 1596 4027 classiariis,
1670 3972 1849 4027 vocat,
1871 3978 1974 4013 non
1999 3962 2136 4028 quod
2161 3962 2294 4011 inter
2310 3961 2470 4023 cives,
2489 3958 2578 4007 sed
2592 3953 2720 4021 quod

538 4038 630 4088 sed
678 4038 924 4130 mnitibus
979 4046 1172 4088 temere
1220 4041 1594 4105 imperantibus
1672 4043 1726 4091 in
1748 4044 1980 4106 ipsorum
2015 4037 2513 4101 Carthaginiensium
2546 4031 2723 4082 finibus

537 4131 741 4182 parere,
762 4125 1015 4166 intentata
1030 4126 1215 4180 morte,
1237 4121 1572 4182 cogebantur.
1672 4125 1964 4183 gereretur.
2029 4116 2224 4179 Poenos]
2259 4112 2724 4178 Carthaginienses:

603 4205 626 4230 ¹¹
665 4196 909 4258 classicis]
941 4197 1159 4260 Proprie
1181 4200 1196 4227 ‘
1214 4199 1475 4248 classicos’
1506 4193 1596 4261 apss
1677 4210 1853 4261 supra,
1875 4210 1991 4260 cap.
2013 4200 2062 4246 2.

542 4273 725 4337 pellat,
769 4287 870 4323 non
914 4273 1100 4324 milites
1144 4274 1454 4338 classiarios,
1499 4276 1594 4325 hoc
1680 4309 1687 4314 -
