2978 4933
523 400 614 470 68
720 393 726 396 ⁴
1327 418 1384 466 J.
1434 417 1758 468 rnssmsn
1775 417 1934 466 amn

521 571 786 646 quantus
813 561 991 622 homo
1019 570 1384 635 nasceretur,
1415 578 1712 622 consensu
1744 560 2016 622 traditur.
2102 559 2494 641 Obsiguatam
2522 562 2713 642 Olym-

524 661 721 742 piadis
739 661 935 721 alvum
963 659 1207 732 annulo,
1230 659 1399 739 cujus
1418 659 1721 740 sculptura
1742 659 1974 719 leonem
1993 660 2319 741 praeferret,
2341 679 2446 741 per
2466 659 2715 739 quietem

526 760 833 840 Philippus
874 758 1069 819 vidit.⁰
1147 759 1249 819 23.
1295 757 1483 838 Cujus
1532 757 1616 819 rei
1660 758 2001 818 memoriam
2053 759 2305 818 servavit
2345 759 2715 831 Alexandria,

482 850 483 853 ¹
523 877 703 937 quam
728 857 788 916 in
819 856 1078 936 AEgypto
1105 853 1433 927 conditam,
1482 855 1845 935 aliquamdiu
1892 856 2300 936 Leontopolim
2330 855 2715 936 appellavere.

524 955 681 1015 Nam
727 955 802 1014 de
850 952 1176 1014 Alexandri
1204 953 1694 1032 magnanimitate
1724 963 1784 1014 et
1814 955 2021 1014 robore
2050 953 2342 1014 somnium
2370 953 2519 1015 illud
2552 953 2719 1014 inter-

522 1062 789 1134 pretatus
820 1061 948 1113 erat
974 1049 1324 1112 Aristander
1351 1050 1740 1130 peritissimus
1769 1054 2006 1138 vatum,¹
2040 1051 2141 1132 qui
2181 1061 2393 1133 postea
2433 1069 2632 1111 comes
2670 1052 2718 1112 ei

521 1149 720 1223 haesit,
770 1151 1071 1229 sacrisque
1120 1148 1248 1228 ejus
1297 1149 1553 1230 praefuit.
1637 1152 1737 1210 24.
1783 1150 1920 1218 Qua
1965 1158 2164 1208 autem
2216 1157 2388 1209 nocte
2419 1148 2716 1230 Olympias

521 1248 771 1329 peperit,
800 1247 1038 1309 maximi
1068 1266 1172 1327 per
1190 1246 1397 1306 Asiam
1425 1245 1681 1307 nominis
1710 1246 1996 1325 templum
2024 1246 2303 1327 Ephesiae
2334 1245 2550 1306 Dianoe
2575 1246 2716 1325 ignis

521 1346 772 1408 hausit.1>
871 1345 1161 1407 Intulerat
1215 1364 1349 1404 eum
1406 1344 1718 1424 cujusdam
1766 1344 2024 1404 hominis
2082 1342 2298 1424 perditi
2353 1343 2563 1412 furor;
2626 1342 2719 1424 qui

522 1444 986 1525 comprehensus
1016 1453 1346 1523 tortusque,
1375 1461 1497 1502 non
1527 1441 1644 1501 alia
1674 1451 1868 1502 mente
1899 1442 1961 1501 id
1990 1440 2357 1502 commisisse
2386 1441 2585 1502 fassus
2614 1451 2717 1513 est,

523 1560 701 1621 quam
726 1551 796 1600 ut
819 1560 1040 1622 magno
1068 1539 1268 1619 aliquo
1298 1539 1561 1599 facinore
1591 1540 1930 1600 memoriam
1956 1541 2048 1599 sui
2077 1539 2418 1601 diuturnam
2446 1540 2719 1600 efficeret.

523 1641 623 1698 25.
668 1638 827 1717 Ergo
850 1647 974 1697 tam
1001 1636 1143 1697 foedi
1170 1636 1423 1715 exempli
1451 1635 1682 1697 cladem
1712 1656 1833 1697 non
1863 1635 2033 1698 istius
2064 1646 2294 1699 tantum
2322 1636 2472 1698 aedis
2508 1637 2720 1697 damno

521 1735 888 1796 aestimavere
920 1734 1106 1815 Magi,
1133 1735 1234 1814 qui
1261 1744 1387 1794 tum
1438 1735 1663 1816 Ephesi
1706 1735 2041 1816 degebant;
2086 1752 2288 1797 verum
2332 1756 2440 1816 pro
2489 1734 2720 1815 majoris

514 1834 707 1894 'ruinae
736 1834 1030 1913 praesagio
1053 1833 1370 1907 habentes,
1397 1842 1582 1895 totam
1612 1835 1817 1895 urbem
1848 1834 2073 1894 moestis
2104 1834 2419 1917 implevere
2459 1831 2720 1894 clamori-

518 1933 671 1993 bus:
717 1938 735 1966 ‘
759 1941 1023 1991 exortam
1056 1930 1286 2009 ,alicubi
1316 1932 1527 2004 facem,
1555 1931 1724 2011 cujus
1752 1930 2050 2006 incendio,
2080 1931 2325 1992 similem
2355 1922 2430 1991 ob
2456 1948 2717 2001 causam,

512 2038 680 2090 totus
727 2028 867 2090 olim
918 2028 1133 2089 Oriens
1181 2029 1655 2106 conflagraturus
1701 2027 1944 2088 esset.’‹1
2025 2029 2126 2087 26.
2186 2028 2362 2088 Forte
2406 2048 2517 2108 per
2568 2026 2719 2087 idem

518 2137 757 2208 tempus
795 2125 1133 2188 Potidaeam
1178 2126 1630 2186 Atheniensium
1678 2125 1974 2185 coloniam
2018 2124 2331 2204 Philippus
2383 2127 2716 2206 subegerat,

520 2245 655 2287 cum
703 2234 764 2287 et
810 2225 1089 2305 Olympia
1134 2221 1436 2303 quadrigis
1469 2242 1534 2283 se
1561 2222 1772 2282 vicisse
1802 2222 2116 2301 cognovit:
2161 2231 2225 2280 et
2251 2240 2286 2281 a
2312 2220 2718 2294 Parmenione,

520 2330 698 2402 quem
726 2323 788 2383 in
821 2322 1089 2401 Illyricos
1115 2321 1376 2393 miserat,
1403 2320 1641 2401 majoris
1686 2321 1969 2380 momenti
2016 2318 2260 2379 nuntius
2306 2320 2488 2392 venit,
2534 2326 2551 2354 ‘
2576 2319 2717 2380 fusis

518 2416 748 2498 ingenti
784 2417 990 2499 praelio
1024 2417 1319 2490 barbaris,
1365 2415 1735 2478 Macedonas
1780 2435 2060 2498 prospere
2101 2415 2541 2497 pugnavisse!r
2613 2404 2716 2476 27.

520 2515 826 2576 Exultanti
848 2526 967 2576 tam
988 2515 1129 2576 laeto
1146 2516 1364 2594 ubique
1386 2501 1658 2577 votorum
1677 2514 1838 2577 exitu
1855 2516 2033 2578 etiam
2055 2514 2130 2576 de
2157 2513 2530 2596 Olympiadis
2551 2523 2722 2594 partu

518 2614 918 2676 renuntiatum
947 2624 1076 2676 est:
1120 2634 1229 2675 nec
1257 2614 1600 2677 dubitavere
1646 2625 1833 2688 vates,
1876 2614 2199 2675 ‘invictum
2240 2615 2383 2687 fore,
2425 2614 2530 2693 qui
2572 2613 2722 2673 inter

512 2721 610 2773 tot
636 2712 1011 2773 victoriarum
1037 2712 1267 2795 palmas
1299 2710 1684 2774 nasceretur!
1749 2715 1853 2773 28.
1897 2713 2121 2773 Ferunt
2149 2721 2238 2772 tot
2266 2710 2441 2772 simul
2474 2732 2720 2792 prospe·

516 2830 714 2871 rarum
753 2831 942 2871 rerum
973 2810 1212 2870 cumulo
1241 2811 1557 2871 attonitum
1588 2828 1807 2890 regem,
1839 2819 1900 2868 et
1925 2807 2427 2869 invidiam‘Deum
2451 2809 2719 2879 veritum,

518 2908 783 2968 oravisse
826 2908 1128 2982 Nemesin,
1171 2913 1188 2941 ‘
1215 2917 1285 2968 ut
1339 2909 1450 2969 hoc
1509 2909 1763 2968 fortunae
1817 2908 2169 2988 obsequium
2224 2906 2461 2967 modica
2523 2907 2719 2987 aliqua

511 3005 856 3068 'calamitate
879 3005 1084 3065 ulcisci
1112 3015 1395 3065 contenta
1422 3005 1614 3066 foret.'
1694 3006 1791 3066 29.
1839 3004 2146 3066 Proditum
2176 3005 2352 3082 etiam
2380 3012 2472 3064 est
2500 3023 2718 3065 memo-

517 3104 640 3176 riae,
687 3111 703 3139 ‘
728 3105 786 3164 in
816 3104 1034 3185 oppido
1061 3103 1272 3176 Pella,⁸
1297 3103 1450 3165 duas
1473 3103 1784 3184 aquilasssin
1802 3104 2055 3165 culmine
2087 3103 2322 3176 domus,
2352 3103 2453 3162 ubi
2470 3121 2717 3184 puerum

518 3202 692 3262 enixa
746 3213 875 3263 erat
926 3203 1152 3282 regina,
1210 3211 1337 3262 tota
1393 3201 1491 3263 die
1545 3203 1882 3282 persedisse
1915 3220 1930 3261 ε
1988 3201 2206 3281 gemini
2258 3220 2363 3279 per
2419 3200 2717 3281 Europam

517 3299 841 3381 Asiamque
887 3300 1115 3381 imperii
1167 3301 1476 3379 augurium
1526 3300 1589 3361 id
1619 3300 1845 3375 fuisse,'
1870 3310 2010 3380 post
2032 3309 2310 3359 eventum
2336 3298 2509 3357 facile
2540 3300 2715 3358 inter-

514 3399 728 3479 pretati
755 3410 916 3461 sunt.
995 3405 1011 3433 ‘
1034 3399 1272 3459 Terram
1294 3419 1531 3480 quoque
1559 3410 1681 3460 tum
1707 3400 1987 3471 movisse,
2015 3415 2410 3477 magnamque
2436 3398 2719 3456 tonitruo·

515 3515 646 3557 rum
675 3497 1100 3578 fulminumque
1128 3497 1245 3557 vim
1274 3499 1540 3577 erupisse
1568 3494 1761 3572 coe10‚’
1800 3507 2072 3557 auctores
2095 3494 2309 3554 habeo.
2395 3496 2491 3576 30.
2525 3495 2715 3553 Natus

516 3603 611 3653 est
653 3607 871 3667 autem,
916 3605 984 3654 ut
1032 3593 1425 3655 accuratiores
1482 3593 1747 3665 tradunt,
1789 3583 2107 3674 incipiente
2152 3591 2509 3671 Olympiade
2553 3601 2717 3651 sexta

517 3709 697 3771 supra
737 3690 1157 3765 centesimam,
1212 3700 1464 3771 praetore
1495 3690 1748 3751 Athenis
1793 3690 2028 3771 Elpiue,
2074 3690 2149 3749 A.
2179 3689 2261 3751 D.
2296 3708 2426 3749 ΧΠ.
2460 3686 2715 3749 Kalend.

519 3787 724 3849 Sextil.
771 3808 945 3867 quem
992 3800 1118 3850 tum
1164 3808 1429 3850 mensem
1479 3788 1847 3850 Macedones
1891 3774 2154 3848 ‘Loum'
2195 3788 2561 3848 vocabantt²
2598 3805 2712 3867 quo

517 3895 780 3965 tempore
808 3904 948 3967 pop.
980 3886 1157 3949 Rom.
1185 3885 1835 3967 quadringentesimum
1864 3887 2234 3957 fercannum
2258 3904 2467 3966 agens,
2493 3886 2712 3944 vicino-

582 4086 605 4110 0
628 4078 768 4127 Plut.
794 4076 945 4127 Alex.
973 4093 1024 4141 ρ.
1047 4082 1162 4127 665.
1425 4089 1429 4096 ·
1719 4085 1739 4112 r
1760 4078 1841 4129 m.
1869 4040 2387 4128 1.1.Justin.xn.16.

583 4160 607 4193 Ρ
631 4154 713 4203 Id.
733 4154 814 4203 l.l.
849 4154 958 4204 Cic.
984 4155 1049 4203 de
1079 4158 1201 4205 Nat·
1222 4156 1382 4206 Deor.
1405 4170 1470 4208 ιι.
1488 4160 1572 4208 26.
1718 4166 1737 4190 ⁸
1759 4158 1946 4219 Pomp.
1966 4154 2112 4203 Mela
2128 4167 2190 4203 11.
2214 4158 2264 4203 3.

514 4232 691 4281 Valer.
716 4232 861 4283 Max.
880 4247 1006 4283 vm.
1025 4238 1104 4283 14.
1565 4257 1572 4262 “
1720 4233 1737 4265 ²
1771 4232 1914 4282 Plut.
1951 4246 2003 4294 p.
2026 4233 2145 4279 665.

582 4317 605 4350 ‘¹
629 4309 736 4360 Cic.
760 4309 827 4359 de
851 4310 1030 4362 Divin.
1046 4325 1083 4361 1.
1101 4314 1182 4360 23.
