2978 4933
749 400 1006 451 suern.
1053 401 1136 451 ιιι
1188 402 1257 463 Q.
1303 365 1653 458 culinum
1710 404 1848 453 mn.
1898 407 1946 455 ι,
2314 392 2443 461 107

250 550 411 612 urbis
461 563 665 609 aurum
711 546 776 607 in
816 548 981 611 sinus
1030 558 1136 610 aut
1184 547 1443 610 amicula
1481 556 1813 642 statuarum
1846 549 2217 622 abdiderint;
2262 553 2441 634 idque

251 646 479 708 salvum
506 644 846 727 repererint,
896 665 1032 707 cum
1079 646 1365 727 vigesimo
1407 657 1548 728 post
1590 654 1751 710 anno
1777 647 2122 710 Cassander
2147 650 2443 732 Antipatri

248 745 397 806 filius
426 743 664 805 Thebas
690 743 1080 807 instauraret-¹
1148 747 1241 806 10.
1271 744 1449 816 Quod
1477 745 1719 827 quidem
1748 766 1871 808 nou
1897 759 2019 808 tam
2045 748 2443 812 misericordia

245 842 306 903 in
347 832 628 924 profugos
672 840 888 902 fecisse.
932 841 1226 911 creditum
1269 861 1453 924 quam
1491 853 1561 905 ut
1598 842 1967 917 Alexandri„
1983 862 2161 925 quem
2212 844 2440 921 oderat,

247 940 490 1021 gloriam
508 940 890 1003 detrectaret.
954 938 1311 1019 Quanquam
1339 948 1535 1002 autem
1560 950 1814 1004 veterem
1835 960 2131 1011 murorum
2157 943 2442 1006 ambitum

244 1038 372 1103 urbi
412 1038 805 1108 restituissetz
847 1056 1042 1119 neque
1081 1057 1277 1100 mores
1317 1038 1616 1120 antiquos,
1654 1058 1849 1121 neque
1875 1040 2171 1102 fortunam
2196 1038 2443 1103 reddere

243 1135 475 1218 potuit:
518 1155 825 1218 nunquam
866 1146 1081 1217 postea
1121 1136 1458 1209 resurrexit,
1486 1146 1556 1199 ut
1580 1136 2058 1201 convalesceretz
2106 1136 2215 1199 sed
2239 1138 2442 1200 multis

245 1234 496 1297 subinde
520 1233 958 1297 calamitatibus
986 1245 1220 1308 vexata,
1247 1235 1346 1296 vix
1372 1234 1569 1296 tenuis
1596 1234 1799 1316 oppidi
1827 1234 2087 1317 speciem
2116 1235 2194 1296 ad
2222 1255 2443 1298 memo·

240 1334 382 1397 riam
409 1343 675 1396 nostram
703 1332 966 1395 retinuit.
1032 1335 1125 1395 ll.
1155 1332 1513 1395 Poenituisse
1537 1342 1750 1413 postea
1775 1333 1974 1395 ferunt
1991 1333 2443 1409 Alexandrum,¹⁵

242 1429 400 1510 qnod
429 1428 648 1491 excisis
676 1429 894 1491 Thebis
918 1429 1082 1492 velut
1108 1428 1360 1491 alterurn
1382 1429 1637 1493 Groeciae
1663 1430 1901 1492 oculum
1927 1431 2207 1494 eruisset:
2238 1432 2441 1512 ntique

239 1538 560 1610 postquam
587 1526 730 1589 Cliti
756 1527 1005 1599 crudem,
1035 1536 1099 1587 et
1124 1525 1527 1589 Macedonum
1568 1528 1892 1608 ignaviam,
1915 1527 2350 1609 expeditionem
2376 1529 2440 1589 in

239 1625 558 1704 penitiores
614 1624 797 1687 Indos
852 1620 1238 1706 pertinaciter
1292 1625 1716 1699 recusantium,
1758 1625 1953 1687 ‘iram
1999 1625 2192 1687 Liberi
2218 1626 2442 1707 patris'-

241 1722 658 1802 interpretatus
684 1734 812 1796 est,
844 1730 862 1757 ⁸
890 1723 968 1783 ob
998 1723 1280 1784 afflictam
1308 1722 1880 1804 patriamejusmodi
1919 1740 2126 1803 poenas
2168 1733 2441 1802 repeten-

170 1856 176 1868 ·
240 1819 313 1879 tis
332 1819 368 1880 ι’
414 1822 515 1881 12.
571 1830 634 1881 et
685 1820 898 1903 reperti
940 1831 1103 1893 sunt,
1145 1821 1249 1902 qni
1287 1821 1487 1901 ipsam
1519 1821 1679 1901 regis
1705 1832 1976 1895 mortem,
2002 1841 2124 1884 non
2153 1821 2282 1883 sine
2307 1822 2439 1882 vin-

240 1915 395 1980 dicta
423 1917 668 1991 Bacchi,
697 1919 774 1978 ab
801 1917 1085 1980 ebrietate
1124 1928 1188 1978 et
1212 1918 1350 1979 vino
1391 1916 1721 1997 profectam
1751 1918 2102 1981 crederent-¹
2150 1904 2168 1921 ’
2185 1920 2280 1980 13.
2325 1919 2438 1978 His

241 2014 322 2076 ita
357 2015 737 2097 perpetratis,
775 2015 1043 2077 Athenas
1081 2016 1263 2090 misit,
1296 2016 1697 2089 nuntiatum?
1742 2023 1763 2051 ‘
1796 2025 1865 2076 ut
1889 2025 2176 2088 oratores,
2203 2015 2302 2095 qui
2332 2035 2439 2095 poa

149 2164 164 2173 ,
239 2113 435 2193 pulum
467 2114 755 2176 adversus
778 2111 1152 2176 Macedonas
1179 2114 1481 2175 concitare
1509 2133 1631 2173 non
1661 2112 2015 2186 desinerent,
2038 2111 2438 2181 traderentur-3

241 2219 338 2269 aut
380 2212 433 2272 si
474 2210 613 2272 illos
657 2212 922 2272 amittere
965 2221 1374 2291 gravarentur,
1412 2211 1620 2272 eadem
1647 2210 2038 2273 contumaciae
2065 2209 2307 2291 proemia
2333 2227 2437 2268 ex-

238 2318 561 2385 pectarent,
587 2303 839 2388 quorum
866 2308 1204 2390 exemplum
1232 2309 1294 2370 in
1322 2309 1741 2372 Thebanorum
1766 2308 2103 2370 calamitate
2128 2305 2454 2386 conspice-,

238 2405 397 2468 rent!
490 2407 583 2469 14.
629 2406 718 2466 Ibi
743 2425 879 2469 cum
913 2406 1202 2484 Phocion,
1234 2407 1405 2490 cujus
1450 2409 1528 2472 ob
1566 2406 1965 2488 iutegritatem
2003 2406 2143 2466 vitse
2181 2404 2437 2465 maxima

236 2501 308 2562 ad
352 2504 643 2585 populum
687 2506 1008 2574 auctoritas
1057 2517 1204 2579 erat,
1247 2512 1265 2542 ‘
1296 2527 1416 2568 non
1463 2505 1813 2568 irritandum
1867 2502 2266 2566 adolescentis
2315 2502 2438 2565 vic-

239 2601 498 2683 torisque
532 2601 821 2664 animum’
863 2602 1109 2677 diceret,
1146 2604 1594 2683 hortareturque
1639 2623 1769 2676 eos,
1809 2601 1887 2662 ad
1926 2620 2077 2681 quos
2110 2599 2436 2682 periculum

223 2699 485 2762 ‘maxime
509 2699 864 2781 pertinebat,
901 2708 922 2736 ‘
944 2712 1013 2763 ut
1038 2700 1145 2762 Lei
1172 2712 1233 2762 et
1251 2699 1579 2762 *Erechthei
1604 2699 1754 2760 filias
1778 2698 2009 2771 imitati,
2030 2696 2301 2778 spiritum
2325 2716 2435 2777 pro

236 2795 436 2872 patriae
484 2796 679 2857 salute
722 2796 1079 2877 profundere
1131 2817 1208 2857 ne
1252 2796 1648 2864 dubitarent&
1692 2797 1789 2857 15.
1833 2793 2292 2868 Demosthenes,
2330 2797 2436 2876 qui
2542 2877 2546 2882 Ι

237 2894 578 2955 nominatim
620 2896 957 2973 petebatur,
1006 2896 1279 2970 surrexit,
1329 2895 1653 2974 docuitque
1695 2901 1712 2929 ‘
1745 2893 1873 2954 calli
1912 2893 2333 2967 Athenienses,
2380 2895 2440 2954 si

237 3007 557 3067 paucorum
606 2992 910 3055 deditione
956 2994 1222 3075 periculo
1269 2993 1519 3074 defungi
1564 3011 1745 3072 posse
1791 2990 2140 3054 crederent:
2180 2990 2438 3053 callidos

236 3085 599 3151 Macedonas
654 3110 760 3152 eos
809 3111 1180 3175 exposcere,
1204 3110 1450 3171 quorum
1484 3083 1875 3171 'vigilantiam
1924 3099 2104 3169 atque
2150 3087 2439 3166 qil-turem
2466 3161 2483 3168 „

238 3186 490 3248 maxime
514 3188 766 3249 invisam
794 3187 1257 3270 suspectamque
1275 3188 1595 3248 haberent:
1624 3187 1837 3249 amotis
1863 3187 2116 3267 publicae
2144 3186 2431 3248 libertatis

235 3284 601 3361 custodibus,
627 3286 692 3347 in
720 3288 923 3347 orbam
952 3285 1439 3364 indefensamque
1480 3285 1802 3358 civitatem,
1846 3294 2130 3364 tanquam
2164 3282 2341 3364 lupos
2367 3284 2429 3343 in

234 3397 368 3443 oves
395 3385 643 3446 canibus
672 3385 1039 3457 destitutas,¹¹
1068 3385 1350 3465 impeturn
1380 3371 1643 3444 facturos
1671 3383 1846 3444 esse!
1921 3382 2016 3442 16.
2045 3382 2242 3441 Multa
2266 3399 2439 3443 com-1

237 3479 481 3542 miserat.
498 3481 558 3541 in
588 3482 954 3543 Macedonas
985 3480 1448 3553 Demosthenes,
1479 3481 1561 3542 ob
1598 3501 1737 3561 quoe
1774 3478 1935 3540 haud
1963 3477 2179 3560 injuria
2200 3479 2437 3540 nullum]

237 3576 390 3656 apud
448 3598 552 3640 eos
597 3580 789 3640 veniae
838 3580 1036 3641 locum
1081 3580 1350 3641 relictum
1403 3578 1818 3641 arbitrabatur.
1905 3576 2181 3658 Philippo
2228 3576 2429 3637 occiso

238 3665 435 3736 auctor
460 3676 756 3751 extiterat,-
773 3687 840 3737 ut
858 3676 1171 3738 Pausaniae
1200 3676 1482 3738 sacellum
1500 3688 1943 3748 exsti-neretum
1968 3674 2129 3755 apud
2156 3673 2427 3753 pulvina-

237 3771 317 3832 ria
336 3772 530 3834 Deum
579 3775 1042 3855 supplicationes
1073 3774 1452 3848 haberentur,
1479 3774 1715 3853 aliaque
1741 3775 1818 3834 ob
1845 3772 2138 3852 insignem
2164 3770 2429 3833 laetitiam

238 3867 465 3931 decerni
494 3872 668 3933 solita
695 3884 1060 3933 curarentur.
1150 3874 1244 3932 17.
1275 3870 1680 3931 Alexandrum
1708 3869 1857 3931 alias
1886 3875 1904 3903 ‘
1926 3867 2250 3951 puerum,'¹’
2279 3868 2426 3930 alias

291 4016 306 4050 ¹
339 4016 491 4068 Diod.
510 4019 546 4070 l.
569 4020 605 4068 1.
1426 4027 1451 4052 ¹¹
1485 4018 1634 4068 Plnt.
1659 4009 1934 4069 Demosth.
1958 4031 2012 4081 p.
2034 4019 2151 4067 866.

295 4092 318 4127 ¹⁵
352 4093 492 4145 Plut.
511 4095 665 4146 Alex.
688 4111 741 4160 p.
758 4101 874 4147 671.
1423 4105 1447 4129 ⁰
1478 4094 1749 4146 AEschines
1771 4105 1943 4147 contr.
1962 4093 2197 4159 Ctesipli.

289 4166 301 4200 ¹
338 4168 613 4222 Athenoens
638 4176 765 4222 x.9.
1425 4180 1453 4215 Ρ
1486 4171 1630 4225 Plnt.
1655 4173 1937 4226 Demosth.
1976 4173 2014 4223 1.
2049 4171 2086 4222 Ι.
2126 4170 2272 4222 said.
2311 4185 2423 4223 voc.

296 4252 331 4278 Ν
361 4247 518 4299 Diod.
543 4262 691 4300 xvu.
709 4253 889 4313 p.569.
916 4249 1123 4303 Anias.
1140 4264 1179 4302 1.
1203 4256 1279 4303 10.
1361 4248 1626 4316 Μαργίτης.

236 4319 376 4373 Plnt.
401 4321 644 4376 Phocion.
666 4340 717 4391 p.
740 4329 857 4377 749.
1229 4362 1234 4374 ,-
