2978 4933
469 412 597 476 198
901 424 968 483 Q.
1012 416 1275 468 cua-ru
1327 414 1510 464 nun
1561 413 1710 460 mn.
1756 409 1869 459 111.
1914 407 2078 458 cae.
2121 388 2227 454 10.

443 574 772 659 ‘ipsorum
829 563 1133 648 subjecta
1151 558 1170 586 '
1227 558 1653 637 memorabat.
1739 555 1807 623 8.
1851 553 2025 620 Cum
2067 549 2321 616 adierat
2357 543 2686 620 Graecos.

474 672 893 745 admonebat,
941 672 962 702 ‘
983 667 1071 731 ab
1116 666 1203 730 iis
1254 662 1557 746 gentibus
1598 660 1785 725 illata
1829 655 2119 723 Graeciae
2172 652 2369 723 bella,
2435 647 2648 713 Darii
2666 642 2686 680 ἱ

472 777 683 861 prius»,
715 771 959 839 deinde
989 762 1289 834 Xerxisj
1320 763 1698 842 insolentia,
1728 779 1972 845 aquam
1999 758 2221 843 ipsam
2236 749 2263 788 k
2292 759 2689 832 terramque

413 866 420 872 ⁸
470 876 993 964 postulantium:
1035 877 1116 935 ut
1144 886 1362 951 neque
1388 866 1676 931 fontium
1692 863 2030 937 haustum,
2047 876 2171 921 nec
2200 853 2452 918 solitos
2480 851 2691 915 cibos

414 1036 421 1044 „
472 955 966 1061 relinquerentf
1042 975 1111 1039 9.
1155 972 1333 1036 Dein
1384 974 1407 1006 ‘
1431 969 1650 1033 Deum
1707 963 1964 1047 templa
2006 959 2219 1024 ruinis
2273 963 2341 1019 et
2396 953 2690 1035 ignibus

474 1099 625 1146 esse
654 1080 917 1144 deleta:
963 1077 1161 1142 urbes
1190 1093 1420 1139 eorum
1466 1073 1925 1154 expugnatas:
1969 1061 2225 1128 soedera
2266 1055 2546 1121 humani
2583 1052 2692 1117 di*

472 1184 746 1268 vinique
765 1183 936 1269 juris
964 1177 1254 1246 violata'
1297 1177 1647 1243 referebat.
1730 1168 2011 1254 Illyrios
2038 1184 2200 1231 vero
2248 1167 2314 1227 et
2339 1161 2689 1233 Thracas,

476 1296 670 1370 rapto
714 1286 938 1351 vivere
989 1288 1327 1358 assuetos,
1382 1280 1639 1344 ‘aciem
1681 1272 1976 1341 hostium
2029 1286 2193 1334 auro
2234 1279 2695 1351 purpuraque

1391 1422 1753 1447 oueemeeee

475 1512 1062 1630 ,πω-8..
1084 1509 1143 1625 2²:
1162 1502 1856 1572 M
1879 1564 2214 1616 Χ...
2245 1492 2385 1609 {⁶⁴22
2554 1490 2701 1603 ἕπε

481 1645 642 1694 lenlioe
681 1645 911 1693 Florent.
940 1642 1085 1691 Leid.
1109 1642 1257 1690 Voss.
1281 1644 1329 1690 1.
1384 1637 1771 1699 sigebergensis
1793 1630 1981 1691 Modii,
2014 1636 2069 1676 et
2106 1626 2228 1675 edd.
2265 1630 2407 1677 vett.
2428 1619 2702 1669 insolentie

479 1711 633 1759 Voss.
672 1714 721 1758 2.
762 1708 1064 1758 insolentium
1097 1707 1311 1755 Veneti.
1344 1705 1540 1753 Veron.
1576 1701 1755 1751 Maitt.
1803 1695 1968 1758 Lngd.
2004 1701 2062 1742 et
2100 1691 2272 1766 Amst.
2311 1687 2446 1764 quod
2491 1684 2701 1748 probat

484 1774 719 1835 Freinsh.
753 1774 922 1823 Bothe
945 1771 1300 1834 interpungit:
1342 1770 1462 1821 Cum
1480 1784 1528 1817 α.
1555 1767 1778 1815 Graecos:
1810 1756 2163 1833 admonebat-nb
2185 1770 2219 1803 ι.
2238 1754 2292 1815 k.
2314 1768 2350 1800 ι.
2376 1753 2441 1838 (J.
2465 1749 2601 1798 bella
2624 1749 2703 1797 D.

477 1838 631 1902 pn'us,
654 1839 823 1888 deinde
843 1836 1046 1893 Xerxis,
1068 1833 1318 1884 insolentia
1338 1847 1525 1896 aquam,
1543 1833 1624 1895 ξε.
1646 1828 1896 1878 insolentia
1926 1837 2022 1887 pro
2051 1822 2068 1849 ‘
2093 1821 2392 1895 insolenter,
2437 1818 2456 1842 ⁴
2479 1828 2589 1877 per
2616 1813 2703 1861 in·

484 1902 794 1953 solentiam.'
861 1903 998 1951 Dan.
1036 1901 1161 1950 Put.
1199 1898 1344 1948 Pith.
1386 1895 1578 1946 Fauch.
1618 1901 1674 1944 et
1703 1894 1874 1953 Bong.
1911 1894 1959 1938 2.
1988 1889 2084 1936 isos
2107 1899 2200 1961 pro
2230 1895 2410 1945 ipsum,-
2445 1879 2703 1928 Florem.

484 1968 603 2025 Pal.
651 1973 696 2018 l.
753 1967 898 2017 Leid.
945 1974 1001 2016 et
1043 1966 1191 2015 Voss.
1238 1969 1283 2012 1.
1320 1968 1369 2012 2.
1399 1962 1543 2025 ipsos.
1609 1959 1778 2020 Bong.
1815 1956 2042 2003 florent.
2082 1949 2232 2026 Lejd·
2262 1954 2318 1995 et
2354 1946 2510 1993 Voss.
2540 1947 2597 1991 1.
2644 1946 2702 1990 2.

484 2038 753 2096 terramque
794 2032 1118 2096 poscentinm3
1169 2029 1287 2078 Pal.
1323 2033 1371 2077 l.
1410 2033 1676 2087 terramque
1713 2024 1953 2085 poscentes
1963 2033 1983 2075 ,-
2035 2017 2267 2078 plurimae
2306 2008 2426 2059 edd.
2682 2031 2702 2044 ο

485 2096 624 2153 timu,
660 2098 797 2163 quod
844 2096 1039 2146 retinet
1084 2092 1381 2152 Acidalius3
1428 2089 1771 2154 postulantium
1815 2083 1982 2134 ceteri
2026 2078 2180 2128 codd.
2225 2072 2510 2150 cum-edd:
2556 2077 2703 2119 vett.

486 2161 744 2211 omnibus.
832 2162 1002 2223 Bong.
1048 2159 1173 2208 Put.
1217 2156 1363 2206 Leid.
1416 2162 1474 2203 et
1521 2155 1674 2203 Voss.
1712 2156 1761 2200 1.
1803 2146 2199 2210 relinqueret—9
2242 2141 2433 2217 pedatu,
2455 2151 2523 2184 ns
2574 2141 2706 2184 teun-

482 2228 565 2288 pla
611 2226 749 2277 Dan.
795 2225 921 2276 Put.
969 2223 1115 2273 Pith.
1170 2221 1359 2271 Fauch.
1407 2220 1573 2280 Bong.
1619 2217 1843 2266 Theocr.
1893 2214 2125 2261 Floreut.
2166 2203 2313 2255 Leni.
2344 2203 2501 2277 Voss.
2539 2204 2598 2249 1.
2647 2203 2703 2275 ‚²⁸

488 2291 704 2340 Venett.
723 2290 917 2338 Veron.
943 2287 1158 2338 Mediol.
1184 2293 1239 2334 et
1263 2286 1403 2334 Mer.
1450 2283 1634 2334 Deditu
1650 2280 1775 2332 Deis
1797 2279 1968 2340 templu
1990 2275 2110 2324 Bas.
2132 2278 2188 2319 et
2198 2269 2319 2319 Col.
2368 2267 2557 2342 Dfdtta
2576 2264 2710 2313 Dm

487 2355 662 2416 templa
700 2354 867 2415 Lugd.
891 2360 947 2401 et
969 2351 1137 2400 Amst.
1207 2350 1337 2398 Dein
1364 2348 1526 2395 Deum
1545 2347 1718 2407 templa
1751 2350 1942 2392 ceteras
1969 2338 2088 2387 edd.
2111 2341 2244 2385 vett.
2308 2332 2548 2382 Dedwuta
2574 2331 2710 2378 Dm

492 2419 664 2481 templa
696 2419 831 2481 conj.
867 2417 1110 2479 Rutgers.
1137 2419 1192 2462 et
1216 2412 1487 2461 Heinsius.
1554 2411 1699 2459 Leid.
1720 2409 1870 2457 Voss.
1896 2409 1940 2454 l.
1962 2409 2012 2453 2.
2067 2400 2236 2451 Amst.
2260 2403 2313 2446 et
2338 2394 2502 2457 Lugd.
2531 2394 2711 2470 fiscus

490 2480 789 2547 humanique.
855 2481 984 2531 Cum
1009 2478 1310 2543 quibusdam
1336 2475 1457 2527 edd.
1503 2475 1692 2540 Illyrios
1716 2471 1923 2534 scripsit
1944 2466 2176 2519 Freinsh.
2202 2477 2354 2529 quem
2378 2464 2546 2509 secuti
2571 2464 2710 2507 sunt

491 2560 667 2596 omues
710 2546 957 2611 deinceps
1002 2544 1264 2605 editores;
1299 2542 1521 2606 Illyricos
1558 2541 1795 2604 plurimae
1834 2535 1955 2586 edd·
1988 2541 2121 2583 vett.
2158 2528 2365 2579 Trochus
2399 2526 2551 2574 Voss.
2573 2528 2708 2573 2.—

456 2808 459 2811 .
495 2803 501 2810 .
551 2755 572 2793 ὅ
601 2757 773 2823 Darii]
806 2759 992 2810 Darius
1032 2756 1310 2823 Hystaspis
1346 2753 1407 2805 F.
1445 2670 1831 2805 tE-OTlszntium
1875 2760 1988 2797 esse
2020 2739 2330 2808 legendum:
2365 2735 2583 2802 qnippe,
2623 2733 2709 2794 in,-

489 2835 599 2883 tius
632 2851 664 2883 a
696 2836 837 2898 Cyro
861 2836 976 2883 Rex
1008 2835 1308 2887 Persarum,
1331 2829 1557 2888 Graecis,
1631 2829 1834 2894 quiunt,
1865 2822 2000 2889 quod
2044 2824 2192 2869 tanta
2224 2813 2481 2864 bominum
2521 2809 2709 2858 multi-

491 2910 812 2974 potissimum
868 2908 1286 2967 Atheniensibus,
1333 2907 1554 2954 infestus
1634 2903 1757 2953 tudo
1792 2912 2042 2950 annonam
2080 2907 2282 2944 omnem
2328 2888 2577 2953 populata
2615 2885 2715 2947 sit,

495 2985 633 3050 quod
651 2985 891 3035 Asiaticis
914 2986 1212 3035 Graecorum
1236 2982 1448 3031 coloniis
1468 2979 1556 3030 ad·

497 3077 677 3111 versus
711 3063 882 3125 ipsum
919 3061 1110 3110 auxilia
1149 3059 1408 3119 tulissent,
1441 3072 1557 3106 sex·

495 3144 765 3187 centorum
785 3136 998 3190 millium
1022 3136 1310 3185 exercitum
1333 3135 1386 3182 in
1405 3134 1557 3203 Grai-

495 3213 627 3263 ciam
665 3213 896 3277 trajecit,
929 3213 1016 3277 qui
1054 3211 1121 3260 ab
1155 3210 1557 3260 Atheniensibus

496 3289 632 3338 duce
668 3289 911 3339 Miltiade
940 3292 991 3338 iu
1020 3288 1350 3339 Marathonio
1373 3302 1557 3350 campo

491 3366 687 3431 ,insigni
722 3366 873 3416 clade
913 3364 1132 3415 affectus
1159 3364 1454 3430 turpissime
1476 3362 1558 3413 fu·

501 3442 616 3506 git-

559 3515 579 3561 ³
614 3518 822 3581 Xerxis]
854 3517 1063 3567 Xerxes
1087 3515 1233 3579 hujus
1255 3515 1400 3564 Darii
1422 3513 1558 3564 filius

499 3601 626 3643 natu
666 3593 852 3653 minor,
895 3592 1137 3656 idemque
1183 3592 1333 3653 regni
1373 3591 1561 3651 haeres,

499 3677 776 3734 paternum
799 3668 1031 3718 dedecus
1054 3668 1279 3728 ulturus,
1298 3666 1475 3716 decies
1500 3681 1562 3717 ac

503 3747 700 3808 septies
741 3745 976 3794 centenis
1033 3743 1290 3793 hominum
1334 3743 1562 3793 millibus

505 3820 763 3870 Graeciam
802 3820 1011 3882 invasit,
1040 3820 1279 3869 Athenas
1310 3819 1562 3881 incendit,

502 3899 601 3946 ὅτε.
645 3896 738 3944 ΒΘ
758 3909 860 3960 qna
878 3895 989 3958 ejus
1014 3896 1306 3945 incursione
1324 3895 1360 3947 J
1364 3897 1562 3945 ustinus

508 3978 565 4021 et
582 3971 690 4019 alii.
726 4009 735 4017 .

568 4045 593 4079 Β
612 4046 801 4109 Aquam
813 4047 986 4110 ipsum]
1007 4047 1163 4099 Quod
1187 4054 1202 4077 ‘
1218 4046 1566 4098 insolentiam'

509 4122 657 4172 Darii
680 4121 881 4185 pariter
896 4129 951 4170 et
968 4123 1159 4171 Xerxis
1181 4130 1567 4181 commemorat,

507 4198 629 4246 inde
653 4198 750 4246 viri
770 4195 914 4246 docti
936 4199 1180 4263 suspicati
1205 4205 1327 4248 sunt
1349 4213 1451 4247 nou
1483 4214 1569 4262 po-

506 4273 793 4338 pulantium,
806 4278 866 4323 nt
880 4274 1057 4323 multis
1077 4274 1291 4338 placuit,
1304 4275 1394 4325 sed
1414 4279 1571 4339 postu-

1637 2980 1879 3043 ipsosque
1901 2973 2075 3023 fontes
2110 2985 2172 3019 ac
2193 2966 2377 3017 fluvios
2399 2964 2712 3013 exsiccave-

1639 3047 1729 3114 rit,
1751 3055 1803 3102 id
1843 3065 1945 3101 non
1980 3057 2086 3099 tam
2121 3043 2392 3095 insolentia
2420 3054 2573 3106 quam
2608 3053 2712 3088 ue·

1639 3130 1886 3180 cessitate
1928 3127 2124 3176 fectum
2168 3127 2268 3170 est.
2336 3118 2397 3167 Iu
2433 3131 2498 3167 eo
2539 3115 2713 3179 igitur

1639 3207 1738 3258 fnit
1773 3203 2052 3256 communis
2074 3201 2161 3250 illa
2183 3199 2450 3261 utriusque
2476 3191 2718 3243 insolen-'

1640 3285 1732 3346 tia,
1770 3282 1908 3347 quod
1952 3277 2171 3329 Persico
2215 3288 2359 3323 more
2403 3274 2606 3334 legatos
2650 3269 2709 3338 in

1639 3359 1900 3410 Graeciam
1949 3356 2044 3405 sub
2091 3352 2240 3401 initia
2280 3349 2402 3408 belli
2430 3344 2712 3408 miserint,

1640 3453 1824 3503 aquam
1845 3443 2140 3496 terramque
2159 3427 2540 3491 postulaturos3
2574 3435 2707 3490 quas

1642 3515 1729 3581 qui
1759 3514 1962 3572 darent,
1998 3508 2121 3573 qnia
2162 3505 2272 3554 sine
2307 3501 2405 3550 illis
2440 3498 2706 3548 henninum

1643 3592 1752 3640 vita
1773 3588 1914 3638 nulla
1935 3591 2036 3644 est,
2055 3582 2093 3631 ii
2126 3580 2285 3629 vitam
2318 3578 2483 3642 ipsam
2504 3580 2708 3622 cetera-

1643 3682 1744 3733 que
1782 3663 1955 3714 omnia
1984 3657 2195 3709 victoris
2233 3653 2449 3704 arbitrio
2495 3647 2710 3712 permit-

1644 3752 1758 3794 tere
1779 3756 1836 3791 se
1859 3735 2254 3803 profitebantur.
2316 3730 2494 3777 Docte
2517 3724 2568 3773 id
2594 3722 2706 3788 qui·

1644 3819 1761 3868 dem
1799 3824 1855 3866 et
1898 3810 2195 3877 ingeniose;
2245 3804 2347 3853 uisi
2390 3804 2706 3866 repugnaret

1644 3894 1781 3959 quod
1838 3891 2100 3955 sequiturz
2177 3885 2193 3913 ‘
2215 3890 2275 3931 ut
2329 3894 2425 3929 uec
2479 3877 2704 3936 fontium

1643 3973 1903 4028 haustum,
1925 3962 2057 4020 nec}
2081 3964 2183 4010 διο.
2214 3972 2316 4023 quo
2355 3952 2579 4003 fontium
2610 3964 2702 4002 ,ex-

1646 4045 1982 4097 siccationem
2007 4035 2503 4101 populationemque
2528 4036 2702 4086 terrae,

1647 4136 1751 4173 non
1796 4114 2196 4184 postulationem
2242 4105 2523 4171 significari
2568 4102 2701 4153 arbi-

1648 4204 1776 4250 tror.
