2978 4933
770 386 1028 436 surm..
1079 384 1158 435 ιΝ
1207 386 1278 465 o.
1327 383 1680 437 cun-rimu
1731 385 1879 433 mn.
1927 385 1976 432 1.
2387 369 2477 433 69

265 552 395 592 rum
425 530 598 592 bellis
627 534 1034 602 exercebatur,
1062 542 1123 593 et
1173 530 1551 612 subjugando
1600 542 1886 591 terrarum
1933 528 2058 589 orbi
2108 526 2471 607 quotidianis

267 628 649 691 incrementis
683 629 1079 709 praeludebat.

351 726 432 787 II.
497 730 556 786 1.
590 727 672 786 At
689 726 1002 809 Philippus
1031 737 1244 789 auctus
1281 727 1424 803 filio,
1454 728 1534 791 de
1557 747 1678 809 quo
1706 735 1945 807 propter
1979 724 2180 785 oblata
2211 733 2301 785 tot
2329 724 2476 784 omi-

234 813 349 885 ‘na
376 845 544 904 spem
575 825 996 905 amplissimam
1027 836 1403 906 conceperat,
1449 826 1510 884 in
1554 824 1965 885 educationem
1996 841 2317 901 curamque
2347 821 2475 901 ejus

269 941 474 983 omnes
525 924 919 1002 cogitationes
962 924 1271 986 convertit.
1357 926 1416 982 2.
1468 923 1703 1003 Quippe
1749 922 1834 982 vir
1875 920 2136 1001 prudens
2179 932 2239 979 et
2266 939 2476 980 amans

266 1020 496 1100 patriae,
525 1021 672 1080 nihil
702 1021 1106 1083 molitionibus
1136 1022 1260 1082 suis
1302 1022 1631 1102 profectum
1654 1019 1829 1081 facile
1861 1019 2175 1088 sentiebat,
2220 1016 2268 1076 si
2300 1019 2475 1077 rebus

269 1116 534 1198 undique
561 1119 759 1191 motiS,
788 1119 1086 1195 hominem
1115 1121 1449 1200 imperitum
1479 1130 1584 1180 aut
1632 1138 1875 1199 segnem
1921 1115 2296 1177 Macedoniae
2340 1124 2480 1195 post

271 1233 335 1276 se
378 1216 777 1296 relinqueret:
823 1239 991 1279 suam
1021 1237 1263 1299 quoque
1295 1217 1544 1298 gloriam
1572 1215 1734 1277 haud
1764 1213 2091 1276 durabilem
2117 1213 2396 1283 futuram,
2427 1211 2476 1270 si

268 1313 657 1379 maximarum
706 1334 901 1379 rerum
957 1316 1370 1389 instrumenta,
1427 1335 1563 1393 quae
1618 1322 1789 1373 tanta
1842 1310 2137 1370 industria
2208 1309 2477 1388 parabat,

270 1412 636 1472 successoris
663 1412 877 1473 inertia
904 1413 1287 1492 corrupisset.
1375 1416 1432 1472 3.
1480 1411 1783 1490 Leguntur
1810 1409 1965 1469 iuter
1994 1406 2279 1488 epistolas
2326 1406 2478 1486 ejuS,

269 1510 599 1570 venustatis
625 1522 688 1571 et
713 1510 1043 1591 prudentiae
1073 1512 1301 1590 plenaS,
1330 1510 1565 1583 literae?
1604 1528 1754 1590 quas
1784 1520 1909 1568 tum
1957 1505 2034 1567 ad
2079 1504 2480 1577 Aristotelem,

273 1607 372 1688 qui
401 1626 540 1668 cum
565 1608 818 1671 Platone
846 1613 1259 1681 exercebatur,
1283 1609 1552 1671 Athenas
1581 1608 1763 1680 misit,
1789 1607 1848 1666 in
1899 1605 2058 1665 hunc
2088 1604 2208 1664 fere
2231 1602 2479 1662 modum

274 1704 533 1784 scriptae.
617 1709 677 1767 4.
719 1715 736 1742 ‘
766 1707 1081 1788 Philippus
1137 1706 1440 1767 Aristoteli
1501 1706 1753 1766 salutem
1794 1704 1959 1765 dicit.
2044 1701 2368 1762 Certiorem
2421 1708 2480 1761 te

272 1799 448 1874 facio,
491 1802 674 1873 filium
704 1805 845 1865 mihi
875 1805 1138 1885 genitum
1167 1824 1323 1866 esse.
1395 1805 1524 1863 Nec
1554 1800 1800 1883 perinde
1824 1801 1955 1861 Diis
1986 1799 2235 1879 gratiam
2264 1798 2480 1871 habe0‚

274 1896 436 1976 quod
466 1901 707 1961 omnino
737 1912 916 1962 natus
946 1912 1058 1976 est,
1087 1921 1266 1981 quam
1298 1900 1458 1980 quod
1481 1912 1537 1961 te
1552 1901 1798 1961 florente
1821 1897 2171 1965 nasciillum
2191 1895 2478 1974 contigit:

275 2013 310 2059 a
330 2014 452 2074 quo
471 1995 790 2059 educatum
819 1997 1272 2077 institutumque
1301 1983 1494 2077 neque
1524 1998 1695 2056 nobis
1726 1995 2037 2074 indignum
2067 1990 2239 2073 spero
2268 2012 2481 2052 evasu-

274 2111 422 2166 rum,
464 2114 660 2175 nequa
702 2096 1066 2156 successioni
1111 2106 1408 2155 tantarum
1452 2113 1649 2154 rerum
1694 2094 1995 2172 imparem.
2080 2088 2279 2149 Satius
2323 2088 2480 2151 enim

276 2190 548 2255 existimo
575 2213 774 2253 carere
802 2192 1024 2268 liberis,
1048 2211 1229 2274 quam
1250 2191 1564 2271 opprobria
1586 2182 1871 2270 majorum
1894 2206 2134 2248 suorum
2151 2185 2479 2256 tollentem,

275 2286 334 2347 in
360 2309 600 2368 poenam
622 2288 944 2370 genuisse.’
1030 2289 1244 2371 Neque
1271 2288 1483 2349 fefellit
1510 2307 1645 2349 eum
1674 2285 1895 2366 opini0.
1982 2287 2041 2345 5.
2071 2282 2305 2363 Quippe
2332 2300 2482 2362 puer

275 2386 594 2447 Aristotele
624 2387 868 2448 doctore
898 2386 1000 2449 diu
1029 2408 1201 2460 usuS,
1227 2387 1306 2448 ad
1335 2406 1428 2447 res
1471 2386 1532 2447 in
1579 2405 1649 2446 ea
1689 2395 1866 2446 aetate
1910 2382 2204 2463 gerendas
2245 2380 2483 2459 insigne

274 2484 616 2564 praesidium
646 2487 758 2550 sibi
787 2487 1172 2567 comparavit.
1259 2487 1379 2547 Sed
1407 2486 1542 2547 haec
1577 2496 1789 2567 postea
1809 2483 2172 2545 acciderunt.
2237 2479 2478 2540 Interim

162 2665 171 2674 Ι
277 2583 583 2646 constituti
612 2594 753 2645 sunt
780 2584 989 2644 infanti
1020 2584 1339 2645 nutritores
1370 2594 1549 2662 atque
1580 2582 1919 2663 paedagogi,
1951 2578 2244 2651 Leonidas
2273 2577 2480 2658 Olym-

275 2680 466 2760 piadis
488 2682 877 2761 propinquus,
899 2693 959 2742 et
976 2681 1362 2763 Lysimachus
1382 2681 1709 2741 Acarnana»
1763 2681 1823 2740 6.
1847 2677 2159 2758 Philippus
2180 2698 2203 2725 c
2221 2672 2478 2734 nationis

174 2809 177 2812 ·
275 2778 540 2857 ejusdem
598 2778 889 2859 adjectus,
945 2781 1047 2860 qui
1102 2778 1501 2839 valetudinem
1554 2777 1720 2857 pueri
1777 2786 2044 2856 regeret:
2109 2768 2481 2833 Hellanicaed

275 2876 584 2957 (Dropidis
611 2887 738 2936 erat
764 2877 906 2950 filia,
936 2898 1008 2939 ex
1037 2877 1453 2944 illustrioribus
1484 2875 1885 2935 Macedonum
1912 2871 2191 2947 foeminis)
2216 2867 2481 2948 corporis

276 2982 335 3032 et
352 2994 581 3042 morum
609 2986 770 3035 recta
798 2976 1074 3055 temperie
1094 2977 1362 3057 probatae
1394 2974 1640 3034 nutricis
1670 2992 1885 3032 munus
1918 2968 2345 3032 demandatum
2365 2976 2478 3025 est.

279 3072 337 3130 7.
381 3070 514 3132 Hac
537 3091 681 3133 cura
706 3092 932 3154 paucos
960 3073 1115 3133 intra
1143 3093 1336 3133 annos
1365 3072 1640 3133 effectum
1669 3083 1780 3142 est,
1812 3080 1880 3131 ut
1906 3069 2032 3149 jam
2063 3078 2188 3127 tum
2216 3062 2482 3147 polliceri

278 3167 572 3230 videretur
619 3190 755 3231 eum
806 3190 1028 3249 regem,
1086 3190 1259 3249 quem
1313 3169 1695 3250 postmodum
1752 3167 2019 3229 exhibuit
2047 3185 2062 3225 ε
2108 3184 2245 3223 nam
2302 3171 2365 3221 et
2418 3160 2481 3218 in

276 3267 598 3345 puerilibus
627 3269 906 3329 membris
936 3267 1261 3328 indomitus
1299 3269 1595 3327 eminebat
1641 3267 1844 3345 vigorz
1888 3274 1950 3325 et
1992 3261 2220 3324 eximiae
2260 3257 2480 3319 indolis

279 3365 627 3443 argumenta
679 3376 917 3427 aetatem
962 3365 1142 3446 louge
1190 3376 1619 3446 praevenerant.
1705 3368 1763 3425 8.
1817 3362 2133 3423 Excellens
2178 3358 2380 3417 nativa
2421 3364 2486 3415 et

281 3463 538 3540 genuina
590 3474 903 3524 venustate
961 3466 1273 3547 corporis?
1341 3465 1568 3525 cultum
1624 3463 2049 3543 aspernabatur
2078 3453 2136 3518 :f
2196 3463 2213 3491 ‘
2244 3453 2482 3515 anxiam

280 3559 479 3621 formae
508 3580 713 3621 curam
741 3560 995 3622 soeminis
1023 3563 1337 3623 convenire
1357 3562 1373 3587 '
1402 3562 1701 3633 dictitans,
1746 3567 1762 3595 ‘
1785 3580 1920 3640 quae
1952 3555 2117 3618 nulla
2144 3553 2259 3613 alia
2304 3551 2443 3610 dote
2467 3549 2483 3573 '

282 3677 446 3737 aeque
502 3659 1094 3722 commendarentur:
1139 3668 1155 3695 ‘
1181 3662 1235 3720 si
1282 3660 1513 3720 virtutis
1563 3659 1741 3740 potiri
1796 3655 2168 3734 contigisset,
2220 3649 2365 3709 satis
2415 3665 2484 3705 se

282 3754 611 3834 speciosum
656 3756 826 3817 fore.'
907 3759 966 3818 9.
1011 3757 1149 3817 Fuit
1177 3766 1397 3829 autem,
1429 3777 1565 3818 cum
1596 3755 1975 3825 adolevisset,
1995 3751 2164 3831 justa
2189 3745 2483 3807 membro-

282 3872 404 3912 rum
422 3853 800 3934 proportione
818 3855 1200 3935 conspicuus,
1229 3856 1474 3915 artubus
1498 3853 1780 3924 robustiS,
1800 3851 2098 3933 probeque
2119 3842 2444 3923 compactis
2466 3863 2481 3901 2

345 4069 369 4095 ²
399 4060 507 4111 Dio
531 4062 684 4115 Orat.
701 4077 763 4115 ιι.
801 4062 1040 4129 Agellius
1059 4079 1139 4116 lx.
1159 4069 1207 4116 3.
1420 4064 1607 4115 AElian.
1632 4077 1737 4113 xn.
1756 4067 1838 4112 26.
1876 4060 2068 4112 Athen.
2088 4073 2166 4109 lv.
2188 4059 2237 4118 1.

342 4136 366 4171 b
389 4138 532 4191 Plut.
556 4140 710 4190 Alex.
733 4157 784 4206 p.
805 4146 920 4193 667.
1486 4149 1510 4174 ²
1533 4140 1720 4189 AEliau.
1751 4153 1857 4188 xu.
1884 4142 1965 4188 14.
2021 4136 2230 4187 Arrian.
2260 4145 2365 4181 vn.
2400 4133 2484 4179 28.

349 4221 368 4246 ⁶
387 4216 532 4267 Curt.
553 4231 640 4266 111.
663 4221 713 4267 6.
738 4222 788 4267 1.
1421 4219 1568 4269 Plut.
1591 4218 1743 4268 Alex.
1767 4220 1882 4266 666.

349 4290 373 4324 ‘¹
392 4293 537 4345 Idem
577 4308 701 4346 vm.
738 4298 784 4343 1.
805 4299 888 4347 21.
943 4295 1151 4347 Ari-ian.
1180 4310 1256 4348 ιν.
1293 4301 1340 4347 1.
1488 4293 1507 4327 ¹
1536 4294 1683 4344 Cnrt.
1703 4307 1789 4344 ιιι.
1814 4297 1861 4341 5.
1880 4295 1940 4348 2.,
