2978 4933
472 360 605 428 382
947 376 1012 436 Q·
1057 369 1320 422 cum-11
1371 367 1553 417 num
1605 364 1745 413 cm.
1796 364 1864 410 v.
1915 360 2078 410 cAP.
2118 345 2181 408 5.

474 524 688 591 multo
716 539 985 586 suorum
1010 526 1209 602 atque
1248 514 1546 580 hostium
1588 508 1903 593 sanguine
1947 505 2208 588 erupit3
2253 498 2672 584 Persepolim

472 628 703 693 urbem
732 629 939 709 caput
964 621 1254 704 regionis
1284 635 1621 700 occupare
1652 613 2019 679 festinans.>
2080 609 2189 673 34.
2219 603 2359 671 Sed
2383 623 2428 668 a
2450 608 2675 668 custo-

477 731 675 797 dibus
719 728 905 792 urbis
962 723 1314 798 exclusuS,
1375 716 1758 785 consecutis
1811 720 2075 779 strenue
2126 708 2459 784 hostibuS,
2518 723 2674 768 cum

480 834 789 901 omnibus
832 831 1015 914 sugae
1062 827 1423 895 comitibus
1465 825 1786 889 renovato
1814 817 2053 903 praelio
2098 813 2362 880 cecidit.
2450 807 2678 874 Crate-

477 958 594 1004 rus
622 955 889 1022 quoque
915 933 1163 1018 raptim
1195 929 1460 1014 agmine
1491 934 1647 992 acto
1676 920 2073 1007 supervenit.
2430 968 2437 969 ff

459 1096 464 1097 ff
567 1059 641 1107 v.
663 1043 723 1106 1.
770 1038 928 1103 Rex
947 1036 1185 1103 eodem
1208 1034 1390 1111 loco,
1415 1048 1554 1115 quo
1574 1028 1867 1093 hostium
1889 1023 2128 1111 copias
2144 1019 2431 1096 fuderat,
2453 1024 2676 1082 castra

481 1143 945 1213 communivit.
1005 1139 1409 1222 Quanquam
1442 1133 1622 1197 enim
1646 1130 1943 1214 undique
1967 1125 2179 1210 fugati
2205 1124 2433 1188 hostes
2464 1122 2678 1184 victo-

481 1251 649 1317 riam
676 1248 1177 1323 concesserant3
1197 1247 1415 1306 tamen
1438 1235 1740 1322 praealtae
1758 1231 2275 1318 praecipitesque
2296 1225 2522 1299 fossae,
2533 1223 2680 1309 plu-

482 1354 670 1417 ribus
719 1349 895 1413 locis
941 1345 1254 1430 objectae,
1286 1343 1693 1424 abruperant
1733 1338 1895 1417 iter3
1940 1332 2320 1414 sensimque
2369 1335 2443 1392 et
2483 1335 2683 1395 cante

484 1446 1040 1540 progrediendum
1074 1452 1243 1524 erat,
1257 1447 1400 1533 jam
1422 1462 1559 1509 non
1587 1440 1909 1516 hostium,
1941 1435 2063 1501 sed
2104 1435 2408 1499 locorum
2448 1429 2685 1496 fraude

488 1562 862 1640 suspecta.·
946 1552 1011 1617 2.
1057 1549 1472 1615 Procedenti
1519 1546 1588 1612 ei
1629 1544 1847 1613 literae
1876 1540 2238 1607 redduntur
2267 1556 2310 1602 a
2335 1533 2684 1618 Tyridaoe,

486 1658 774 1726 custode
828 1656 1027 1738 regiae
1076 1653 1410 1737 pecuniae,
1442 1648 1835 1725 indicantes,
1884 1647 2072 1720 ‘eoS‚
2102 1640 2322 1727 quiin
2365 1638 2538 1702 urbe
2580 1655 2687 1700 es-

483 1770 657 1842 sent,
682 1761 914 1826 audito
946 1760 1099 1844 ejus
1132 1757 1449 1834 adventu,
1483 1753 1774 1838 diripere
1802 1748 1974 1816 velle
1996 1747 2353 1811 thesauros
2379 1763 2399 1824 3
2443 1759 2685 1825 prope-

487 1873 661 1932 raret
690 1883 1065 1948 occupare:
1126 1858 1514 1944 expeditum
1544 1857 1668 1920 iter
1716 1872 1893 1930 esse,
1933 1867 2319 1934 quanquam
2343 1853 2371 1879 ⁸
2413 1842 2685 1908 Araxes

489 1987 724 2034 amnes
752 1964 1123 2032 interfluat?
1207 1964 1273 2029 3.
1322 1960 1604 2026 Nullam
1634 1957 1949 2022 virtutem
1993 1952 2173 2035 regis
2219 1949 2423 2015 istius
2449 1947 2686 2030 magis,

490 2091 694 2156 quam
755 2070 1168 2134 celeritatem
1217 2062 1679 2130 laudaverim:
1725 2058 1977 2123 relictis
2029 2057 2204 2121 enim
2265 2051 2687 2138 pedestribus

490 2174 733 2259 copiis,
764 2177 907 2236 tota
935 2174 1124 2235 nocte
1171 2188 1325 2234 cum
1379 2164 1749 2250 equitibus,
1778 2161 2036 2227 itineris
2065 2163 2253 2224 tanto
2284 2155 2510 2241 spatio
2540 2152 2689 2218 fati-

556 2376 583 2401 ⁰
619 2369 735 2418 Cum
745 2368 854 2430 jam
874 2383 967 2418 non
989 2367 1190 2418 hostium
1210 2366 1422 2430 insidioe,
1441 2366 1525 2415 sed
1545 2365 1755 2413 locorum
1772 2362 2030 2428 difficultas
2049 2357 2313 2411 tbneretur.

1414 2510 1782 2534 mm

561 2605 587 2650 l
633 2599 743 2649 Rex
765 2602 925 2649 eodem
946 2600 1000 2649 in
1021 2600 1121 2649 loeo
1144 2598 1268 2649 edd.
1289 2605 1418 2648 vett.
1442 2607 1562 2649 ante
1586 2595 1822 2648 Freinsh.
1845 2598 2004 2643 castra
2023 2589 2276 2641 communit
2297 2589 2537 2638 Flore-nt.
2557 2585 2697 2636 Leid.

495 2667 646 2743 Voss.
670 2670 717 2714 l.
741 2670 791 2715 2.
817 2665 937 2717 Ald.
961 2667 1129 2715 Colin.
1152 2665 1354 2728 Grypb.
1379 2666 1501 2715 Bas.
1524 2662 1691 2713 Amst.
1714 2669 1769 2711 et
1793 2660 1960 2723 Lugd.
1982 2674 2027 2708 c.
2048 2654 2323 2707 communiit
2355 2655 2494 2704 Mer.
2515 2669 2557 2702 c.
2577 2667 2695 2701 com·

492 2735 637 2780 mou
661 2731 776 2781 Col.
802 2732 1083 2795 Quanquam
1103 2746 1207 2780 eum
1227 2730 1429 2793 undique
1449 2731 1602 2779 Voss.
1619 2732 1667 2777 2.
1686 2725 2092 2791 progrediundum
2110 2727 2212 2772 erat
2235 2721 2384 2769 Voss.
2408 2725 2458 2769 1.
2476 2724 2526 2769 2.
2552 2716 2693 2768 Leid.

496 2797 728 2872 Florem.
752 2805 807 2845 et
831 2797 994 2859 Bong.
1020 2800 1169 2846 2.-2
1203 2797 1352 2844 Voss.
1376 2799 1425 2846 2.
1449 2795 1496 2844 ei
1517 2797 1553 2845 t.
1575 2795 1848 2843 traduntur.
1885 2792 2052 2853 Bong.
2076 2788 2227 2836 Voss.
2249 2790 2294 2833 1.
2312 2790 2362 2835 2.
2389 2785 2622 2834 Florent.
2643 2790 2695 2833 et

492 2860 643 2937 Lerd.
668 2862 900 2925 Tyr-wate
914 2878 932 2920 ,·
965 2860 1088 2911 Ald.
1114 2860 1387 2911 Theridute.
1418 2861 1650 2909 Florem.
1684 2857 1830 2907 Leid.
1853 2856 2002 2904 Voss.
2038 2858 2085 2904 1.
2111 2859 2167 2901 et
2192 2852 2361 2914 Bong.
2394 2850 2605 2913 pecunia
2624 2862 2695 2897 re·

492 2940 606 3001 3¹52.
638 2926 757 2976 Pal.
797 2930 842 2975 l.
864 2937 917 2974 et
939 2927 1093 2976 Voss.
1129 2931 1178 2976 2.
1203 2926 1451 2975 omittunt
1467 2927 1744 2989 properaret
1766 2934 2008 2985 occupare,
2029 2927 2084 2968 et
2106 2920 2287 2982 legunt
2306 2932 2321 2965 z
2358 2915 2607 2965 thesauros
2626 2914 2697 2962 di-

495 3004 661 3039 nnssos
678 3007 699 3049 ,·
731 2991 871 3039 Dan.
891 2997 1165 3054 properaret
1188 3005 1411 3055 occupare
1432 2992 1677 3040 thesauros
1703 2987 1918 3036 dimissos
1931 3001 1953 3045 ,·
2001 2986 2234 3034 Floreat.
2273 2981 2421 3031 Leid.
2462 2981 2619 3030 Voss.
2656 2983 2698 3029 1.

495 3054 620 3131 Atd.
655 3057 779 3104 Bas.
816 3056 932 3105 Col.
967 3057 1105 3105 Mer.
1152 3057 1310 3105 Frob.
1334 3058 1582 3105 thesauros
1608 3057 1886 3119 properaret
1923 3064 2148 3112 occupare
2181 3047 2425 3098 thesauros
2457 3045 2698 3094 dimissos.-

496 3120 637 3169 Pnh.
663 3121 905 3169 thesauros
922 3126 1197 3185 properaret
1218 3136 1443 3185 occupare
1475 3120 1696 3171 dimissos
1731 3118 1990 3168 thesauros.
2037 3120 2053 3143 ⁶
2073 3114 2189 3163 Hoc
2212 3114 2427 3162 dimissos
2450 3112 2703 3175 interpre-

497 3190 639 3263 tatur
661 3186 838 3261 cunze
863 3201 958 3250 per
990 3187 1006 3213 ‘
1029 3186 1276 3249 amissos‚'
1300 3188 1380 3234 vel
1405 3190 1419 3214 ‘
1438 3183 1689 3235 relictos?
1739 3184 1826 3232 Sic
1849 3184 2049 3245 Caesar,
2072 3180 2137 3228 Β.
2158 3179 2226 3228 G.
2249 3191 2379 3227 vm.
2398 3184 2448 3226 5.
2482 3180 2498 3205 ⁴
2524 3177 2702 3240 Nuper

497 3265 632 3300 emm
658 3251 871 3329 'devicti
907 3254 1176 3316 complura
1204 3252 1403 3315 oppida
1425 3246 1765 3299 dimiserant!
1834 3246 2019 3296 Eidem
2050 3245 2172 3308 jure
2192 3244 2380 3308 jejuna
2419 3242 2549 3297 haec,
2575 3242 2706 3304 peri·

497 3316 701 3380 phrasis
720 3334 733 3363 ι
768 3332 824 3378 ιι,
863 3318 946 3380 qui
967 3317 1018 3366 in
1039 3317 1153 3367 urbe
1174 3323 1347 3379 essent,
1367 3323 1617 3380 suspecta
1637 3322 1738 3376 est,
1759 3325 1972 3376 eamque
2003 3310 2159 3359 tollit.
2225 3308 2358 3357 Mihi
2381 3315 2437 3356 et
2462 3322 2564 3357 vox
2586 3306 2705 3356 indi·

496 3388 657 3457 cantes
679 3396 743 3430 ex
770 3381 941 3445 glossa
976 3397 1089 3432 esse
1124 3382 1351 3445 videtur,
1372 3390 1427 3430 et
1463 3388 1629 3431 totum
1654 3379 1822 3429 locum
1848 3378 1924 3427 sic
1947 3379 2123 3438 legere
2146 3374 2351 3422 manem
2373 3390 2386 3423 :
2425 3372 2709 3422 Procedenti

497 3449 653 3496 lzteroe
669 3450 940 3508 redduntur,
954 3463 985 3496 a
1011 3448 1259 3513 Tyr-idon,
1280 3449 1492 3495 custodes
1510 3446 1661 3507 regioe
1686 3443 1914 3509 pecuniae,
1947 3441 2114 3493 audito
2134 3438 2237 3500 azius
2256 3441 2423 3488 advent
2430 3454 2482 3499 u,
2503 3440 2706 3503 diripere

497 3513 616 3561 velle
640 3513 883 3562 thesauros
897 3528 919 3571 ;
946 3519 1219 3577 properaret
1236 3527 1459 3575 occupare
1481 3512 1719 3560 dimissos.
1775 3510 1825 3557 Si
1850 3508 1901 3558 in
1927 3509 2139 3570 vulgata
2162 3505 2472 3569 acquiescis,
2491 3518 2710 3569 occupoee

459 3605 466 3609 -
498 3581 910 3663 estpraevenire,
933 3586 986 3627 et
1004 3583 1277 3643 properaret
1308 3591 1535 3639 occupare
1557 3591 1669 3639 pro,
1689 3574 1934 3637 opinione
1970 3572 2192 3621 celerius
2226 3570 2510 3633 obreperet
2537 3570 2707 3633 direp-

503 3649 647 3719 turis.
701 3642 1097 3693 Schmteder.—-3
1132 3644 1279 3693 Leid.
1307 3643 1383 3691 bis
1410 3643 1606 3705 repetit
1626 3641 1787 3689 istius.
1849 3640 2019 3701 Bong.
2043 3638 2276 3688 Florem.
2310 3642 2365 3684 et
2385 3636 2542 3685 Voss.
2578 3641 2624 3685 1.
2646 3639 2703 3685 2.

502 3715 750 3758 omittunt
779 3709 956 3771 magis.
1022 3709 1254 3759 Florent-
1294 3708 1440 3759 Leid.
1474 3708 1625 3757 Voss.
1659 3712 1706 3757 1.
1729 3709 1778 3756 2.
1801 3710 1856 3754 et
1876 3704 2049 3768 Bong.
2083 3703 2334 3752 omittunt
2358 3701 2506 3751 enim.
2573 3700 2702 3751 Edd.

1496 3803 1710 3855 NOTAE

560 3907 594 3988 ,Β
627 3900 935 3966 Quanquam]
990 3903 1249 3953 Emendat
1289 3902 1566 3953 Freinshe-
1637 3900 1737 3966 jici
1761 3914 1860 3949 non
1883 3898 2086 3964 possit?
2148 3893 2368 3959 Araxes]
2400 3896 2574 3959 Supra
2593 3910 2701 3959 cap.

503 3991 636 4025 mnus
656 3994 671 4025 ι
718 3993 858 4039 quam
893 3995 1019 4043 qua;
1072 3980 1123 4029 id
1159 3988 1258 4042 est,
1307 3983 1322 4010 ‘
1343 3989 1568 4045 praeter-
1645 3981 1696 4026 4.
1763 3975 1864 4025 Sed
1889 3990 1955 4025 ne
1980 3982 2134 4039 putes
2164 3973 2297 4024 hand
2325 3974 2510 4036 procul
2538 3972 2701 4023 Persi·

506 4067 658 4118 quam
702 4069 804 4117 qua
829 4054 1031 4105 Araxes
1071 4054 1359 4107 interfluit.'
1425 4059 1567 4107 Quo·
1647 4053 1720 4103 cis
1754 4052 2122 4120 Pylis-agenti
2157 4052 2270 4101 haec
2306 4049 2544 4100 nuntiata
2582 4063 2704 4110 esse,

505 4128 658 4217 modo
691 4129 828 4216 enim
863 4133 1165 4195 expeditum
1201 4135 1303 4183 iter
1335 4140 1568 4195 vocetur,
1647 4130 1767 4179 vide
1791 4145 1908 4194 quae
1946 4129 2095 4180 dicta
2129 4138 2248 4178 sunt
2280 4128 2474 4178 ibidem
2498 4128 2565 4178 de
2587 4127 2704 4177 Per-

506 4221 551 4256 ει
573 4219 732 4256 amnis
753 4205 1004 4259 interfluit
1026 4210 1114 4275 qui
1136 4210 1245 4261 sine
1268 4217 1425 4276 ponte
1460 4217 1568 4260 tra·
1650 4208 1819 4275 sepoli
1842 4215 1898 4259 ct
1922 4208 2161 4273 Rhogoni
2183 4205 2360 4257 fluvio.
