2978 4933
789 388 1049 437 surm„
1093 388 1174 437 IN
1224 391 1294 450 Q.
1341 387 1687 438 cunnum
1741 391 1878 438 mu.
1929 393 2009 440 ιι.
2357 382 2484 446 133

291 545 566 612 saporem
586 532 785 604 habet,
806 532 1011 594 eadem
1030 534 1394 610 dulcissima,
1418 554 1553 596 cum
1574 536 1848 615 profluxit
1866 537 1924 596 in
1947 538 2220 599 rivulos.v
2250 545 2269 574 ‘
2281 539 2486 601 Achil-

290 632 451 691 leum
472 631 487 655 '
528 630 745 692 Milesii
775 632 1096 706 nominant,
1124 633 1402 712 inqueeo
1426 634 1739 694 lustratum
1771 633 2009 695 heroiim
2037 656 2234 698 rumor
2274 639 2482 711 tenuit,

281 749 426 788 cum
459 729 849 789 Strambelum
878 729 1212 805 Telamonis
1240 732 1418 791 filium
1451 731 1676 791 Lesbiis
1721 732 2002 792 auxilium
2047 735 2329 794 ferentem
2374 755 2482 815 op-

280 828 625 907 pressisset.
707 830 806 887 25.
851 827 1030 906 Apud
1059 828 1325 889 Milesios
1357 829 1633 909 Didymei
1660 829 1950 909 Apollinis
1979 831 2279 890 oraculum
2307 840 2483 904 erat,²‘

285 923 509 984 divitiis
537 925 811 1004 famaque
854 923 1103 984 celebre.
1187 925 1255 985 Id
1302 936 1423 985 tum
1464 926 1772 1000 Seleucus,
1816 928 1984 1008 cujus
2034 929 2301 987 maximae
2344 938 2481 1008 post

284 1021 688 1081 Alexandrum
725 1041 867 1101 opes
909 1022 1093 1094 fuere,
1126 1022 1202 1081 de
1231 1020 1423 1082 reditu
1450 1023 1513 1081 in
1543 1022 1959 1083 Macedoniam
1986 1023 2360 1085 consuluisse
2391 1025 2482 1085 di-

283 1119 489 1189 citui-,r
520 1130 579 1180 et
619 1138 968 1197 responsum
1011 1120 1332 1199 accepisse,
1375 1126 1499 1194 ‘ut,
1546 1121 1784 1200 Europa
1825 1121 2018 1181 valere
2052 1120 2242 1200 jussa,
2278 1123 2484 1182 Asiam

282 1215 812 1295 complecteretur!
894 1218 993 1277 26.
1039 1216 1236 1276 Aliud·
1259 1216 1510 1278 subinde
1549 1218 1896 1278 miraculum
1931 1227 2224 1278 attentum
2273 1219 2480 1280 habuit

279 1297 509 1392 regem,
535 1314 703 1393 cujus
737 1313 1032 1374 curiosum
1062 1314 1386 1394 ingenium,
1416 1326 1476 1376 et
1504 1316 1908 1396 cognoscendi
1937 1315 2195 1390 avidum,
2220 1317 2480 1377 novitate

277 1430 473 1471 rerum
519 1413 659 1470 mire
688 1412 1068 1472 afficiebatur.
1114 1420 1130 1447 ‘
1154 1414 1430 1474 Amatum
1458 1434 1494 1474 a
1521 1414 1801 1493 delphine
1844 1412 2089 1493 puerum
2117 1403 2433 1487 ex‘lassoss
2451 1423 2473 1447 ²

279 1508 444 1586 quod
494 1507 655 1569 haud
699 1510 903 1589 procul
946 1510 1155 1570 Mileto
1184 1511 1243 1570 in
1273 1511 1469 1572 insula
1497 1512 1671 1572 situm
1699 1511 1978 1592 oppidum
2007 1523 2118 1584 est,
2148 1526 2476 1593 acceperat,

276 1606 563 1687 ‘ejusque
593 1626 796 1666 vocem
826 1609 1142 1687 agnovisse
1169 1610 1411 1689 piscem,
1453 1620 1515 1670 et
1543 1611 1775 1689 quoties
1803 1612 2166 1685 ev'ocaretur,
2197 1613 2328 1673 vehi
2371 1633 2476 1673 cu-

277 1703 541 1782 pientem
588 1704 888 1783 excepisse
920 1704 1137 1765 dorso.’
1222 1707 1410 1785 Igitur
1455 1717 1688 1786 gratum
1738 1719 2161 1788 acceptumque
2191 1710 2472 1790 Neptuno

278 1800 579 1869 hominem
607 1801 1026 1881 interpretatus
1056 1823 1180 1873 rex,
1212 1801 1545 1863 sacerdotio
1572 1803 1699 1882 ejus
1730 1804 1844 1864 Dei
1870 1805 2035 1864 illum
2064 1806 2351 1884 praefecit.

359 1898 532 1960 VIII.
609 1902 659 1958 l.
715 1900 1027 1980 Occupata
1068 1901 1227 1960 hunc
1256 1900 1315 1959 in
1345 1900 1583 1960 modum
1607 1901 1841 1973 Mileto,
1870 1921 2005 1962 cum
2034 1892 2231 1963 adhuc
2259 1905 2470 1962 barba·

275 2013 473 2054 rorum
514 2014 825 2056 numerosa
849 1996 1060 2057 classis
1106 1997 1164 2056 in
1208 1999 1352 2058 mari
1381 2008 1715 2077 vagaretur,
1744 2009 1805 2059 et
1828 1999 2050 2059 fiducia
2078 2000 2469 2059 multitudinis

275 2108 422 2164 suae,
454 2093 732 2174 quodque
761 2095 969 2174 peritia
1011 2095 1092 2153 rei
1122 2095 1376 2154 nauticae
1408 2094 1775 2155 Macedonas
1809 2096 2078 2179 anteiret,
2121 2095 2354 2155 hostem
2396 2096 2475 2156 ad

274 2189 486 2249 navale
514 2191 779 2268 praelium
804 2202 1168 2272 provocaret,
1210 2194 1403 2271 obque
1444 2194 1640 2272 ipsum
1683 2194 1841 2253 urbis
1890 2203 2148 2273 portum,
2192 2192 2252 2250 in
2294 2211 2470 2271 quem

273 2304 458 2346 naves
489 2308 630 2347 suas
656 2289 984 2351 abduxerat
1010 2309 1132 2361 rent,
1175 2291 1512 2370 frequenter
1541 2292 1982 2359 obversareturg
2035 2293 2094 2348 2.
2134 2278 2474 2349 Alexander

271 2384 574 2445 Philotam
601 2406 735 2446 cum
765 2388 1028 2468 equitatu
1059 2399 1118 2447 et
1147 2388 1334 2448 tribus
1377 2389 1645 2469 peditum
1686 2389 2026 2449 cohortibus
2069 2385 2147 2446 ad
2194 2376 2471 2466 Mycalen

270 2492 535 2543 montem
580 2485 778 2557 mittit,
818 2485 917 2545 ubi
964 2486 1331 2547 Persicarum
1366 2488 1604 2547 navium
1633 2487 1811 2547 statio
1839 2497 1986 2557 erat,
2017 2495 2083 2545 ut
2112 2484 2469 2545 exscendere

271 2580 539 2640 volentes
566 2592 975 2662 summoveret,
1005 2601 1196 2667 neque
1226 2585 1429 2663 aquari
1453 2584 1756 2662 lignarive‚
1782 2593 1888 2644 aut
1911 2592 2108 2642 cetera
2136 2582 2471 2640 necessaria

270 2697 303 2735 e
331 2688 491 2737 terra
505 2688 724 2757 petere,
750 2677 1129 2757 permitteret.
1175 2682 1230 2738 3.
1257 2680 1344 2738 Ea
1361 2698 1454 2738 res
1475 2679 1756 2739 barbaros
1780 2678 1840 2737 in
1861 2680 2146 2738 maximas
2166 2678 2470 2756 angustias

267 2771 525 2854 conjecit
549 2795 565 2834 ε
609 2775 866 2835 obsessis
919 2775 1138 2835 similes
1191 2774 1496 2835 haerebant
1541 2774 1600 2833 in
1647 2786 1844 2855 portu,
1888 2795 2078 2855 neque
2128 2785 2342 2834 terram
2371 2773 2468 2835 ubi

267 2871 549 2932 volebant
570 2892 802 2952 capere,
830 2883 934 2932 aut
962 2872 1311 2932 necessariis
1340 2872 1515 2931 rebus
1539 2872 1716 2944 refici,
1746 2883 2055 2952 poterant:
2099 2871 2299 2950 itaque
2327 2891 2469 2931 con-

268 2968 401 3027 silio
428 2969 654 3041 habito,
686 2971 928 3029 Samum
961 2979 1299 3029 averterunt
1328 2973 1611 3039 cursum,a
1650 2970 1952 3049 petitoque
1989 2969 2126 3028 inde
2173 2988 2467 3029 commea-

265 3080 353 3138 tu,
385 3066 659 3126 Miletum
681 3067 910 3127 'revecti
939 3077 1075 3127 ante
1106 3067 1324 3129 ostium
1344 3079 1548 3147 portus
1578 3066 1868 3126 instructa
1897 3066 2019 3126 acie
2047 3066 2460 3127 constiterunt.
2487 3105 2492 3114 ·

269 3169 325 3223 4.
373 3165 535 3224 Inter
560 3164 713 3237 haec,
751 3163 1344 3243 quinquePersarum
1381 3183 1565 3225 naves
1591 3164 1649 3223 in
1672 3172 1843 3243 portu
1873 3163 2150 3244 quodam,
2180 3165 2280 3242 qui
2310 3164 2464 3223 inter

267 3281 510 3341 parvam
538 3261 698 3321 illam
726 3262 1003 3333 insulam,
1026 3260 1101 3321 de
1124 3281 1243 3341 qua
1264 3280 1442 3340 supra
1464 3260 1688 3320 dictum
1715 3269 1829 3332 est,
1851 3270 1912 3320 et
1928 3259 2240 3320 stationem
2261 3261 2468 3320 Mace-

267 3358 497 3418 donicae
519 3358 727 3417 classis
737 3356 975 3417 medius
994 3368 1140 3431 erat,
1162 3358 1351 3418 multa
1368 3357 1630 3418 hostium
1650 3357 1884 3437 navigia
1899 3356 2248 3437 conspicati,
2272 3356 2463 3437 plenis

270 3455 413 3514 velis
445 3475 518 3515 eo
545 3457 912 3515 ferebantur:
956 3475 1093 3514 nam
1122 3456 1438 3515 maximam
1481 3456 1772 3515 sociorum
1812 3455 2107 3515 navalium
2134 3464 2357 3535 partem
2388 3456 2464 3514 ob

271 3553 462 3612 varios
490 3572 636 3613 usus
679 3553 889 3612 abesse
924 3550 1333 3631 conjecerant;
1377 3571 1815 3632 vacuarumque
1858 3554 2095 3613 navium
2121 3551 2280 3611 haud
2312 3550 2466 3609 diffi-

267 3651 437 3709 cilem
462 3649 907 3727 occupationem
938 3650 1061 3708 fore
1093 3649 1544 3711 arbitrabantur.
1629 3653 1689 3709 5.
1734 3650 1813 3709 At
1834 3670 1958 3720 rex,
1987 3651 2057 3707 iis
2085 3648 2183 3725 qui
2212 3647 2460 3706 aderant

274 3747 533 3807 celeriter
560 3747 617 3806 in
661 3746 864 3807 decem
895 3731 1488 3828 triremes'impositiffi
1518 3755 1532 3782 ‘
1562 3746 1795 3806 obviam
1822 3745 1903 3803 ire
1931 3744 2199 3803 hostibus
2218 3742 2233 3767 '
2251 3743 2463 3824 jubet:

277 3843 356 3902 illi
385 3857 509 3904 tum
538 3863 781 3904 numero
825 3843 1083 3915 navium,
1111 3854 1237 3904 tum
1284 3829 1590 3925 inopinata
1617 3861 1678 3903 re
1706 3840 2012 3921 perterriti,
2039 3861 2173 3901 cum
2214 3842 2367 3902 ultro
2397 3863 2463 3902 se

276 3941 390 4020 peti
418 3942 828 4021 conspicerent
855 3942 929 4001 ab
958 3942 1029 4001 iis
1058 3962 1207 4022 quos
1252 3943 1572 4022 imparatos
1603 3939 1940 4020 oppressuri
1967 3952 2268 4016 venerant,
2296 3949 2464 4023 terga

337 4129 357 4152 V
388 4120 670 4172 Athenaeus
716 4135 778 4172 ιι.
815 4126 865 4173 6.
920 4122 1232 4173 Parthenius
1272 4122 1324 4172 in
1468 4130 1492 4164 Υ
1526 4119 1975 4185 Appiamsyriac.
1998 4119 2085 4170 fin.

279 4192 507 4249 Eroticis.
1470 4205 1491 4229 ²
1518 4196 1656 4246 Plin.
1684 4198 1720 4246 1.
1744 4197 1778 4264 l.
1801 4210 1882 4247 lx.
1904 4201 1951 4246 8'.
1976 4201 2053 4247 10.

336 4278 361 4304 ⁸
389 4273 559 4326 Strab.
581 4286 700 4324 xxv.
726 4288 776 4338 p.
800 4277 914 4323 634.
1467 4281 1493 4307 ³
1526 4274 1726 4325 Arriam.
1756 4288 1795 4325 1.
1820 4278 1902 4326 20.
