<?xml version="1.0" encoding="UTF-8"?>
<!DOCTYPE html PUBLIC "-//W3C//DTD XHTML 1.0 Transitional//EN"
    "http://www.w3.org/TR/xhtml1/DTD/xhtml1-transitional.dtd">
<html xmlns="http://www.w3.org/1999/xhtml" xml:lang="en" lang="en">
 <head>
  <title>
</title>
<meta http-equiv="Content-Type" content="text/html;charset=utf-8" />
  <meta name='ocr-system' content='tesseract 3.04.00' />
  <meta name='ocr-capabilities' content='ocr_page ocr_carea ocr_par ocr_line ocrx_word'/>
</head>
<body>
  <div class='ocr_page' id='page_1' title='image "./quinticurtiiruf03rufugoog_0280.png"; bbox 0 0 2978 4933; ppageno 0'>
   <div class='ocr_carea' id='block_1_1' title="bbox 501 386 2247 505">
    <p class='ocr_par' dir='ltr' id='par_1_1' title="bbox 501 386 2247 505">
     <span class='ocr_line' id='line_1_1' title="bbox 501 386 2247 505; baseline 0 -49"><span class='ocrx_word' id='word_1_1' title='bbox 501 386 633 456; x_wconf 75' lang='lat'><strong>240</strong></span> <span class='ocrx_word' id='word_1_2' title='bbox 782 482 800 505; x_wconf 27' lang='grc' dir='ltr'><strong><em>κ</em></strong></span> <span class='ocrx_word' id='word_1_3' title='bbox 963 405 1030 468; x_wconf 75' lang='lat' dir='ltr'><strong>o.</strong></span> <span class='ocrx_word' id='word_1_4' title='bbox 1076 396 1337 455; x_wconf 73' lang='lat' dir='ltr'><strong>cvm-11</strong></span> <span class='ocrx_word' id='word_1_5' title='bbox 1388 402 1571 454; x_wconf 73' lang='lat' dir='ltr'><strong>Ruri</strong></span> <span class='ocrx_word' id='word_1_6' title='bbox 1622 403 1774 456; x_wconf 78' lang='lat' dir='ltr'><strong>mu.</strong></span> <span class='ocrx_word' id='word_1_7' title='bbox 1824 402 2138 458; x_wconf 70' lang='lat' dir='ltr'><strong>1v.·cA1².</strong></span> <span class='ocrx_word' id='word_1_8' title='bbox 2180 387 2247 456; x_wconf 87' lang='lat'><strong>3.</strong></span> 
     </span>
    </p>
   </div>
   <div class='ocr_carea' id='block_1_2' title="bbox 497 546 2782 2494">
    <p class='ocr_par' dir='ltr' id='par_1_2' title="bbox 497 546 2782 2494">
     <span class='ocr_line' id='line_1_2' title="bbox 501 546 2694 636; baseline -0.001 -18"><span class='ocrx_word' id='word_1_9' title='bbox 501 554 781 619; x_wconf 82' lang='lat' dir='ltr'><strong>bantur:</strong></span> <span class='ocrx_word' id='word_1_10' title='bbox 825 553 1020 616; x_wconf 88' lang='lat' dir='ltr'><strong>navis</strong></span> <span class='ocrx_word' id='word_1_11' title='bbox 1050 558 1276 617; x_wconf 88' lang='lat' dir='ltr'><strong>autem</strong></span> <span class='ocrx_word' id='word_1_12' title='bbox 1324 553 1476 634; x_wconf 86' lang='lat' dir='ltr'><strong>igne</strong></span> <span class='ocrx_word' id='word_1_13' title='bbox 1524 561 1856 636; x_wconf 85' lang='lat' dir='ltr'><strong>concepto</strong></span> <span class='ocrx_word' id='word_1_14' title='bbox 1906 555 2109 619; x_wconf 81' lang='lat' dir='ltr'><strong>latius</strong></span> <span class='ocrx_word' id='word_1_15' title='bbox 2143 546 2432 618; x_wconf 75' lang='lat' dir='ltr'><strong>‘fundere</strong></span> <span class='ocrx_word' id='word_1_16' title='bbox 2476 553 2694 618; x_wconf 87' lang='lat' dir='ltr'><strong>incen-</strong></span> 
     </span>
     <span class='ocr_line' id='line_1_3' title="bbox 505 654 2695 739; baseline 0 -20"><span class='ocrx_word' id='word_1_17' title='bbox 505 655 688 720; x_wconf 83' lang='lat' dir='ltr'><strong>dium</strong></span> <span class='ocrx_word' id='word_1_18' title='bbox 717 656 967 738; x_wconf 86' lang='lat' dir='ltr'><strong>coepit:</strong></span> <span class='ocrx_word' id='word_1_19' title='bbox 1012 654 1198 738; x_wconf 90' lang='lat' dir='ltr'><strong>quod</strong></span> <span class='ocrx_word' id='word_1_20' title='bbox 1248 655 1641 737; x_wconf 78' lang='lat' dir='ltr'><strong>priusquam</strong></span> <span class='ocrx_word' id='word_1_21' title='bbox 1675 662 1914 739; x_wconf 87' lang='lat' dir='ltr'><strong>posset</strong></span> <span class='ocrx_word' id='word_1_22' title='bbox 1944 659 2223 734; x_wconf 86' lang='lat' dir='ltr'><strong>occurri,</strong></span> <span class='ocrx_word' id='word_1_23' title='bbox 2253 662 2462 720; x_wconf 85' lang='lat' dir='ltr'><strong>turres</strong></span> <span class='ocrx_word' id='word_1_24' title='bbox 2491 664 2561 719; x_wconf 91' lang='lat' dir='ltr'><strong>et</strong></span> <span class='ocrx_word' id='word_1_25' title='bbox 2591 676 2695 720; x_wconf 90' lang='lat' dir='ltr'><strong>ce-</strong></span> 
     </span>
     <span class='ocr_line' id='line_1_4' title="bbox 504 757 2697 844; baseline -0 -20"><span class='ocrx_word' id='word_1_26' title='bbox 504 765 653 824; x_wconf 80' lang='lat' dir='ltr'><strong>tera</strong></span> <span class='ocrx_word' id='word_1_27' title='bbox 699 778 906 842; x_wconf 86' lang='lat' dir='ltr'><strong>opera</strong></span> <span class='ocrx_word' id='word_1_28' title='bbox 942 760 1012 822; x_wconf 92' lang='lat' dir='ltr'><strong>in</strong></span> <span class='ocrx_word' id='word_1_29' title='bbox 1053 760 1281 842; x_wconf 85' lang='lat' dir='ltr'><strong>capite</strong></span> <span class='ocrx_word' id='word_1_30' title='bbox 1331 760 1532 822; x_wconf 92' lang='lat' dir='ltr'><strong>molis</strong></span> <span class='ocrx_word' id='word_1_31' title='bbox 1581 759 1811 843; x_wconf 90' lang='lat' dir='ltr'><strong>posita</strong></span> <span class='ocrx_word' id='word_1_32' title='bbox 1861 759 2388 844; x_wconf 82' lang='lat' dir='ltr'><strong>comprehendit.</strong></span> <span class='ocrx_word' id='word_1_33' title='bbox 2474 759 2540 822; x_wconf 89' lang='grc'><strong>4.</strong></span> <span class='ocrx_word' id='word_1_34' title='bbox 2585 757 2697 835; x_wconf 88' lang='lat' dir='ltr'><strong>At,</strong></span> 
     </span>
     <span class='ocr_line' id='line_1_5' title="bbox 503 860 2698 948; baseline 0 -23"><span class='ocrx_word' id='word_1_35' title='bbox 503 861 623 948; x_wconf 91' lang='lat' dir='ltr'><strong>qui</strong></span> <span class='ocrx_word' id='word_1_36' title='bbox 653 862 1035 926; x_wconf 86' lang='lat' dir='ltr'><strong>desilierant</strong></span> <span class='ocrx_word' id='word_1_37' title='bbox 1075 863 1142 927; x_wconf 93' lang='lat' dir='ltr'><strong>in</strong></span> <span class='ocrx_word' id='word_1_38' title='bbox 1185 881 1397 947; x_wconf 87' lang='lat' dir='ltr'><strong>parva</strong></span> <span class='ocrx_word' id='word_1_39' title='bbox 1439 863 1734 946; x_wconf 85' lang='lat' dir='ltr'><strong>navigia,</strong></span> <span class='ocrx_word' id='word_1_40' title='bbox 1763 864 1950 929; x_wconf 86' lang='lat' dir='ltr'><strong>faces</strong></span> <span class='ocrx_word' id='word_1_41' title='bbox 1996 871 2066 927; x_wconf 88' lang='lat' dir='ltr'><strong>et</strong></span> <span class='ocrx_word' id='word_1_42' title='bbox 2111 861 2436 945; x_wconf 86' lang='lat' dir='ltr'><strong>quicquid</strong></span> <span class='ocrx_word' id='word_1_43' title='bbox 2469 860 2698 925; x_wconf 83' lang='lat' dir='ltr'><strong>alendo</strong></span> 
     </span>
     <span class='ocr_line' id='line_1_6' title="bbox 501 964 2702 1049; baseline -0.001 -19"><span class='ocrx_word' id='word_1_44' title='bbox 501 965 640 1047; x_wconf 86' lang='lat' dir='ltr'>igni</span> <span class='ocrx_word' id='word_1_45' title='bbox 669 969 899 1048; x_wconf 87' lang='lat' dir='ltr'><strong>aptum</strong></span> <span class='ocrx_word' id='word_1_46' title='bbox 926 971 1074 1029; x_wconf 89' lang='lat' dir='ltr'><strong>erat</strong></span> <span class='ocrx_word' id='word_1_47' title='bbox 1097 964 1167 1029; x_wconf 89' lang='lat' dir='ltr'><strong>in</strong></span> <span class='ocrx_word' id='word_1_48' title='bbox 1195 964 1428 1031; x_wconf 87' lang='lat' dir='ltr'><strong>eadem</strong></span> <span class='ocrx_word' id='word_1_49' title='bbox 1459 984 1667 1049; x_wconf 88' lang='lat' dir='ltr'><strong>opera</strong></span> <span class='ocrx_word' id='word_1_50' title='bbox 1692 966 2005 1049; x_wconf 86' lang='lat' dir='ltr'><strong>ingerunt.</strong></span> <span class='ocrx_word' id='word_1_51' title='bbox 2092 965 2386 1049; x_wconf 83' lang='lat' dir='ltr'>Jamque</span> <span class='ocrx_word' id='word_1_52' title='bbox 2412 984 2544 1029; x_wconf 90' lang='lat' dir='ltr'><strong>non</strong></span> <span class='ocrx_word' id='word_1_53' title='bbox 2564 983 2702 1028; x_wconf 93' lang='lat' dir='ltr'><strong>mo-</strong></span> 
     </span>
     <span class='ocr_line' id='line_1_7' title="bbox 502 1054 2705 1150; baseline -0.002 -18"><span class='ocrx_word' id='word_1_54' title='bbox 502 1067 593 1133; x_wconf 90' lang='lat' dir='ltr'><strong>do</strong></span> <span class='ocrx_word' id='word_1_55' title='bbox 626 1054 1078 1133; x_wconf 71' lang='lat' dir='ltr'><strong>Macedonum</strong></span> <span class='ocrx_word' id='word_1_56' title='bbox 1100 1073 1341 1147; x_wconf 80' lang='lat' dir='ltr'><strong>turres„</strong></span> <span class='ocrx_word' id='word_1_57' title='bbox 1374 1069 1497 1134; x_wconf 91' lang='lat' dir='ltr'><strong>sed</strong></span> <span class='ocrx_word' id='word_1_58' title='bbox 1529 1071 1732 1134; x_wconf 87' lang='lat' dir='ltr'><strong>etiam</strong></span> <span class='ocrx_word' id='word_1_59' title='bbox 1767 1090 2030 1134; x_wconf 89' lang='lat' dir='ltr'><strong>summa</strong></span> <span class='ocrx_word' id='word_1_60' title='bbox 2058 1068 2361 1135; x_wconf 88' lang='lat' dir='ltr'><strong>tabulata</strong></span> <span class='ocrx_word' id='word_1_61' title='bbox 2390 1087 2705 1150; x_wconf 82' lang='lat' dir='ltr'><strong>concepe-</strong></span> 
     </span>
     <span class='ocr_line' id='line_1_8' title="bbox 499 1170 2703 1256; baseline -0.002 -20"><span class='ocrx_word' id='word_1_62' title='bbox 499 1177 653 1236; x_wconf 85' lang='lat' dir='ltr'><strong>rant</strong></span> <span class='ocrx_word' id='word_1_63' title='bbox 692 1171 957 1255; x_wconf 80' lang='lat' dir='ltr'><strong>ignem3</strong></span> <span class='ocrx_word' id='word_1_64' title='bbox 1001 1191 1154 1235; x_wconf 90' lang='lat' dir='ltr'><strong>cum</strong></span> <span class='ocrx_word' id='word_1_65' title='bbox 1184 1172 1258 1249; x_wconf 89' lang='lat' dir='ltr'><strong>ii,</strong></span> <span class='ocrx_word' id='word_1_66' title='bbox 1288 1173 1407 1256; x_wconf 89' lang='lat' dir='ltr'><strong>qui</strong></span> <span class='ocrx_word' id='word_1_67' title='bbox 1436 1173 1509 1235; x_wconf 90' lang='lat' dir='ltr'><strong>in</strong></span> <span class='ocrx_word' id='word_1_68' title='bbox 1539 1172 1829 1237; x_wconf 87' lang='lat' dir='ltr'><strong>turribus</strong></span> <span class='ocrx_word' id='word_1_69' title='bbox 1861 1176 2075 1250; x_wconf 88' lang='lat' dir='ltr'><strong>erant,</strong></span> <span class='ocrx_word' id='word_1_70' title='bbox 2104 1173 2349 1256; x_wconf 88' lang='lat' dir='ltr'><strong>partim</strong></span> <span class='ocrx_word' id='word_1_71' title='bbox 2375 1170 2703 1234; x_wconf 84' lang='lat' dir='ltr'><strong>hauriren-</strong></span> 
     </span>
     <span class='ocr_line' id='line_1_9' title="bbox 500 1274 2703 1360; baseline -0.001 -20"><span class='ocrx_word' id='word_1_72' title='bbox 500 1280 652 1340; x_wconf 74' lang='lat' dir='ltr'><strong>tur⁶</strong></span> <span class='ocrx_word' id='word_1_73' title='bbox 693 1274 1027 1353; x_wconf 86' lang='lat' dir='ltr'><strong>incendio,</strong></span> <span class='ocrx_word' id='word_1_74' title='bbox 1073 1275 1312 1360; x_wconf 85' lang='lat' dir='ltr'><strong>partim</strong></span> <span class='ocrx_word' id='word_1_75' title='bbox 1362 1276 1564 1340; x_wconf 87' lang='lat' dir='ltr'><strong>armis</strong></span> <span class='ocrx_word' id='word_1_76' title='bbox 1611 1275 1902 1354; x_wconf 88' lang='lat' dir='ltr'><strong>omissis,</strong></span> <span class='ocrx_word' id='word_1_77' title='bbox 1959 1275 2032 1339; x_wconf 89' lang='lat' dir='ltr'><strong>in</strong></span> <span class='ocrx_word' id='word_1_78' title='bbox 2076 1292 2258 1342; x_wconf 89' lang='lat' dir='ltr'><strong>mare</strong></span> <span class='ocrx_word' id='word_1_79' title='bbox 2304 1282 2526 1339; x_wconf 90' lang='lat' dir='ltr'><strong>semet</strong></span> <span class='ocrx_word' id='word_1_80' title='bbox 2569 1275 2703 1357; x_wconf 90' lang='lat' dir='ltr'><strong>ipsi</strong></span> 
     </span>
     <span class='ocr_line' id='line_1_10' title="bbox 501 1376 2705 1463; baseline -0.001 -20"><span class='ocrx_word' id='word_1_81' title='bbox 501 1378 953 1443; x_wconf 80' lang='lat' dir='ltr'><strong>immitterent.</strong></span> <span class='ocrx_word' id='word_1_82' title='bbox 1038 1381 1103 1443; x_wconf 87' lang='lat'><strong>5.</strong></span> <span class='ocrx_word' id='word_1_83' title='bbox 1146 1377 1245 1442; x_wconf 88' lang='lat' dir='ltr'><strong>At</strong></span> <span class='ocrx_word' id='word_1_84' title='bbox 1295 1376 1515 1461; x_wconf 85' lang='lat' dir='ltr'><strong>Tyrii,</strong></span> <span class='ocrx_word' id='word_1_85' title='bbox 1564 1379 1683 1463; x_wconf 87' lang='lat' dir='ltr'><strong>qui</strong></span> <span class='ocrx_word' id='word_1_86' title='bbox 1730 1397 1969 1463; x_wconf 82' lang='lat' dir='ltr'>capere</span> <span class='ocrx_word' id='word_1_87' title='bbox 2016 1398 2158 1456; x_wconf 77' lang='lat' dir='ltr'><strong>eOS,</strong></span> <span class='ocrx_word' id='word_1_88' title='bbox 2214 1397 2413 1461; x_wconf 84' lang='lat' dir='ltr'><strong>quam</strong></span> <span class='ocrx_word' id='word_1_89' title='bbox 2462 1377 2705 1441; x_wconf 88' lang='lat' dir='ltr'><strong>interfi-</strong></span> 
     </span>
     <span class='ocr_line' id='line_1_11' title="bbox 502 1478 2705 1566; baseline -0 -20"><span class='ocrx_word' id='word_1_90' title='bbox 502 1499 652 1546; x_wconf 82' lang='lat' dir='ltr'>cere</span> <span class='ocrx_word' id='word_1_91' title='bbox 681 1481 974 1560; x_wconf 85' lang='lat' dir='ltr'><strong>mallent,</strong></span> <span class='ocrx_word' id='word_1_92' title='bbox 1001 1481 1371 1547; x_wconf 81' lang='lat' dir='ltr'><strong>natantium</strong></span> <span class='ocrx_word' id='word_1_93' title='bbox 1405 1502 1649 1547; x_wconf 90' lang='lat' dir='ltr'><strong>manus</strong></span> <span class='ocrx_word' id='word_1_94' title='bbox 1694 1484 2044 1566; x_wconf 87' lang='lat' dir='ltr'><strong>stipitibus</strong></span> <span class='ocrx_word' id='word_1_95' title='bbox 2074 1483 2400 1564; x_wconf 80' lang='lat' dir='ltr'><strong>saxisque</strong></span> <span class='ocrx_word' id='word_1_96' title='bbox 2449 1478 2705 1545; x_wconf 87' lang='lat' dir='ltr'><strong>lacera-</strong></span> 
     </span>
     <span class='ocr_line' id='line_1_12' title="bbox 501 1582 2705 1669; baseline -0 -21"><span class='ocrx_word' id='word_1_97' title='bbox 501 1584 687 1663; x_wconf 84' lang='lat' dir='ltr'><strong>bant,</strong></span> <span class='ocrx_word' id='word_1_98' title='bbox 726 1582 935 1650; x_wconf 83' lang='lat' dir='ltr'><strong>donec</strong></span> <span class='ocrx_word' id='word_1_99' title='bbox 987 1584 1317 1650; x_wconf 81' lang='lat' dir='ltr'><strong>debilitati</strong></span> <span class='ocrx_word' id='word_1_100' title='bbox 1345 1584 1618 1669; x_wconf 89' lang='lat' dir='ltr'><strong>impune</strong></span> <span class='ocrx_word' id='word_1_101' title='bbox 1640 1585 1931 1667; x_wconf 82' lang='lat' dir='ltr'><strong>navigiis</strong></span> <span class='ocrx_word' id='word_1_102' title='bbox 1983 1585 2218 1668; x_wconf 86' lang='lat' dir='ltr'><strong>excipi</strong></span> <span class='ocrx_word' id='word_1_103' title='bbox 2249 1592 2559 1666; x_wconf 87' lang='lat' dir='ltr'><strong>possent.</strong></span> <span class='ocrx_word' id='word_1_104' title='bbox 2643 1583 2705 1647; x_wconf 88' lang='lat'><strong>6.</strong></span> 
     </span>
     <span class='ocr_line' id='line_1_13' title="bbox 503 1682 2782 1771; baseline -0.001 -19"><span class='ocrx_word' id='word_1_105' title='bbox 503 1685 578 1752; x_wconf 93' lang='lat' dir='ltr'>N</span> <span class='ocrx_word' id='word_1_106' title='bbox 581 1706 660 1751; x_wconf 90' lang='lat' dir='ltr'><strong>ec</strong></span> <span class='ocrx_word' id='word_1_107' title='bbox 694 1687 1001 1752; x_wconf 82' lang='lat' dir='ltr'><strong>incendio</strong></span> <span class='ocrx_word' id='word_1_108' title='bbox 1032 1688 1249 1752; x_wconf 89' lang='lat' dir='ltr'><strong>solum</strong></span> <span class='ocrx_word' id='word_1_109' title='bbox 1280 1706 1487 1771; x_wconf 90' lang='lat' dir='ltr'><strong>opera</strong></span> <span class='ocrx_word' id='word_1_110' title='bbox 1516 1692 1905 1768; x_wconf 82' lang='lat' dir='ltr'><strong>consumta3</strong></span> <span class='ocrx_word' id='word_1_111' title='bbox 1952 1686 2077 1751; x_wconf 88' lang='lat' dir='ltr'><strong>sed</strong></span> <span class='ocrx_word' id='word_1_112' title='bbox 2120 1686 2293 1751; x_wconf 87' lang='lat' dir='ltr'><strong>forte</strong></span> <span class='ocrx_word' id='word_1_113' title='bbox 2323 1684 2567 1749; x_wconf 89' lang='lat' dir='ltr'><strong>eodem</strong></span> <span class='ocrx_word' id='word_1_114' title='bbox 2597 1685 2703 1750; x_wconf 79' lang='lat' dir='ltr'><strong>(lie</strong></span> <span class='ocrx_word' id='word_1_115' title='bbox 2776 1682 2782 1689; x_wconf 70' lang='grc'><strong>“</strong></span> 
     </span>
     <span class='ocr_line' id='line_1_14' title="bbox 501 1788 2708 1875; baseline -0.001 -18"><span class='ocrx_word' id='word_1_116' title='bbox 501 1789 958 1857; x_wconf 85' lang='lat' dir='ltr'><strong>vehementior</strong></span> <span class='ocrx_word' id='word_1_117' title='bbox 985 1797 1226 1857; x_wconf 86' lang='lat' dir='ltr'><strong>ventus</strong></span> <span class='ocrx_word' id='word_1_118' title='bbox 1268 1799 1529 1856; x_wconf 89' lang='lat' dir='ltr'><strong>motum</strong></span> <span class='ocrx_word' id='word_1_119' title='bbox 1559 1811 1651 1858; x_wconf 82' lang='lat' dir='ltr'><strong>ex</strong></span> <span class='ocrx_word' id='word_1_120' title='bbox 1674 1790 2013 1875; x_wconf 87' lang='lat' dir='ltr'><strong>profundo</strong></span> <span class='ocrx_word' id='word_1_121' title='bbox 2042 1809 2226 1854; x_wconf 90' lang='lat' dir='ltr'><strong>mare</strong></span> <span class='ocrx_word' id='word_1_122' title='bbox 2256 1788 2448 1853; x_wconf 88' lang='lat' dir='ltr'><strong>illisit</strong></span> <span class='ocrx_word' id='word_1_123' title='bbox 2472 1788 2544 1852; x_wconf 90' lang='lat' dir='ltr'><strong>in</strong></span> <span class='ocrx_word' id='word_1_124' title='bbox 2571 1808 2708 1854; x_wconf 90' lang='lat' dir='ltr'><strong>mo-</strong></span> 
     </span>
     <span class='ocr_line' id='line_1_15' title="bbox 499 1891 2706 1978; baseline -0 -21"><span class='ocrx_word' id='word_1_125' title='bbox 499 1891 689 1972; x_wconf 70' lang='lat' dir='ltr'><strong>lem,⁴‘</strong></span> <span class='ocrx_word' id='word_1_126' title='bbox 730 1891 1118 1977; x_wconf 83' lang='lat' dir='ltr'><strong>crebrisque</strong></span> <span class='ocrx_word' id='word_1_127' title='bbox 1167 1892 1489 1958; x_wconf 86' lang='lat' dir='ltr'><strong>fluctibus</strong></span> <span class='ocrx_word' id='word_1_128' title='bbox 1538 1908 1905 1978; x_wconf 83' lang='lat' dir='ltr'><strong>compages</strong></span> <span class='ocrx_word' id='word_1_129' title='bbox 1957 1892 2183 1976; x_wconf 87' lang='lat' dir='ltr'><strong>operis</strong></span> <span class='ocrx_word' id='word_1_130' title='bbox 2233 1891 2605 1957; x_wconf 71' lang='lat' dir='ltr'><strong>verberatae</strong></span> <span class='ocrx_word' id='word_1_131' title='bbox 2636 1908 2706 1956; x_wconf 88' lang='lat' dir='ltr'><strong>se</strong></span> 
     </span>
     <span class='ocr_line' id='line_1_16' title="bbox 499 1993 2710 2080; baseline -0.001 -20"><span class='ocrx_word' id='word_1_132' title='bbox 499 1995 868 2074; x_wconf 55' lang='lat' dir='ltr'><strong>laxavere?</strong></span> <span class='ocrx_word' id='word_1_133' title='bbox 925 2016 1231 2080; x_wconf 84' lang='lat' dir='ltr'><strong>saxaque</strong></span> <span class='ocrx_word' id='word_1_134' title='bbox 1279 1994 1649 2073; x_wconf 88' lang='lat' dir='ltr'><strong>interluens</strong></span> <span class='ocrx_word' id='word_1_135' title='bbox 1695 1996 1881 2061; x_wconf 88' lang='lat' dir='ltr'><strong>unda</strong></span> <span class='ocrx_word' id='word_1_136' title='bbox 1936 1993 2229 2063; x_wconf 83' lang='lat' dir='ltr'><strong>medium</strong></span> <span class='ocrx_word' id='word_1_137' title='bbox 2285 2013 2462 2078; x_wconf 89' lang='lat' dir='ltr'><strong>opus</strong></span> <span class='ocrx_word' id='word_1_138' title='bbox 2510 1997 2710 2078; x_wconf 88' lang='lat' dir='ltr'><strong>rupit.</strong></span> 
     </span>
     <span class='ocr_line' id='line_1_17' title="bbox 502 2097 2711 2184; baseline -0.003 -19"><span class='ocrx_word' id='word_1_139' title='bbox 502 2101 570 2165; x_wconf 88' lang='grc'><strong>7.</strong></span> <span class='ocrx_word' id='word_1_140' title='bbox 616 2099 924 2164; x_wconf 85' lang='lat' dir='ltr'><strong>Prorutis</strong></span> <span class='ocrx_word' id='word_1_141' title='bbox 971 2099 1169 2183; x_wconf 86' lang='lat' dir='ltr'><strong>igitur</strong></span> <span class='ocrx_word' id='word_1_142' title='bbox 1212 2099 1525 2183; x_wconf 89' lang='lat' dir='ltr'><strong>lapidum</strong></span> <span class='ocrx_word' id='word_1_143' title='bbox 1573 2101 1884 2178; x_wconf 75' lang='lat' dir='ltr'><strong>cumuli3‚</strong></span> <span class='ocrx_word' id='word_1_144' title='bbox 1939 2099 2188 2184; x_wconf 88' lang='lat' dir='ltr'><strong>quibus</strong></span> <span class='ocrx_word' id='word_1_145' title='bbox 2235 2097 2489 2182; x_wconf 85' lang='lat' dir='ltr'><strong>injecta</strong></span> <span class='ocrx_word' id='word_1_146' title='bbox 2536 2103 2711 2175; x_wconf 84' lang='lat' dir='ltr'><strong>terra</strong></span> 
     </span>
     <span class='ocr_line' id='line_1_18' title="bbox 500 2199 2712 2287; baseline -0.003 -18"><span class='ocrx_word' id='word_1_147' title='bbox 500 2201 978 2280; x_wconf 88' lang='lat' dir='ltr'><strong>sustinebatur,</strong></span> <span class='ocrx_word' id='word_1_148' title='bbox 1023 2221 1333 2286; x_wconf 85' lang='lat' dir='ltr'><strong>praeeeps</strong></span> <span class='ocrx_word' id='word_1_149' title='bbox 1387 2202 1457 2265; x_wconf 90' lang='lat' dir='ltr'><strong>in</strong></span> <span class='ocrx_word' id='word_1_150' title='bbox 1493 2201 1898 2287; x_wconf 86' lang='lat' dir='ltr'><strong>profundum</strong></span> <span class='ocrx_word' id='word_1_151' title='bbox 1927 2200 2098 2267; x_wconf 88' lang='lat' dir='ltr'><strong>ruit:</strong></span> <span class='ocrx_word' id='word_1_152' title='bbox 2144 2205 2483 2284; x_wconf 77' lang='lat' dir='ltr'><strong>tantaeque</strong></span> <span class='ocrx_word' id='word_1_153' title='bbox 2511 2199 2712 2265; x_wconf 90' lang='lat' dir='ltr'><strong>molis</strong></span> 
     </span>
     <span class='ocr_line' id='line_1_19' title="bbox 497 2302 2708 2388; baseline -0.001 -18"><span class='ocrx_word' id='word_1_154' title='bbox 497 2306 623 2370; x_wconf 81' lang='lat' dir='ltr'><strong>vix</strong></span> <span class='ocrx_word' id='word_1_155' title='bbox 652 2304 794 2371; x_wconf 88' lang='lat' dir='ltr'><strong>ulla</strong></span> <span class='ocrx_word' id='word_1_156' title='bbox 820 2306 1108 2388; x_wconf 85' lang='lat' dir='ltr'><strong>vestigia</strong></span> <span class='ocrx_word' id='word_1_157' title='bbox 1137 2306 1400 2371; x_wconf 70' lang='lat' dir='ltr'><strong>⁴invenit</strong></span> <span class='ocrx_word' id='word_1_158' title='bbox 1443 2304 1701 2371; x_wconf 85' lang='lat' dir='ltr'><strong>Arabia</strong></span> <span class='ocrx_word' id='word_1_159' title='bbox 1745 2305 2008 2370; x_wconf 90' lang='lat' dir='ltr'><strong>rediens</strong></span> <span class='ocrx_word' id='word_1_160' title='bbox 2037 2302 2452 2370; x_wconf 85' lang='lat' dir='ltr'><strong>Alexander.</strong></span> <span class='ocrx_word' id='word_1_161' title='bbox 2550 2303 2708 2380; x_wconf 85' lang='lat' dir='ltr'><strong>Hic,</strong></span> 
     </span>
     <span class='ocr_line' id='line_1_20' title="bbox 501 2406 2711 2494; baseline -0.001 -21"><span class='ocrx_word' id='word_1_162' title='bbox 501 2406 689 2494; x_wconf 89' lang='lat' dir='ltr'><strong>quod</strong></span> <span class='ocrx_word' id='word_1_163' title='bbox 735 2408 806 2474; x_wconf 90' lang='lat' dir='ltr'><strong>in</strong></span> <span class='ocrx_word' id='word_1_164' title='bbox 849 2408 1155 2474; x_wconf 87' lang='lat' dir='ltr'><strong>adversis</strong></span> <span class='ocrx_word' id='word_1_165' title='bbox 1207 2410 1409 2476; x_wconf 91' lang='lat' dir='ltr'><strong>rebus</strong></span> <span class='ocrx_word' id='word_1_166' title='bbox 1457 2411 1631 2476; x_wconf 86' lang='lat' dir='ltr'><strong>solet</strong></span> <span class='ocrx_word' id='word_1_167' title='bbox 1669 2408 1833 2488; x_wconf 87' lang='lat' dir='ltr'><strong>fieri,</strong></span> <span class='ocrx_word' id='word_1_168' title='bbox 1864 2410 2034 2475; x_wconf 90' lang='lat' dir='ltr'><strong>alius</strong></span> <span class='ocrx_word' id='word_1_169' title='bbox 2081 2409 2153 2474; x_wconf 90' lang='lat' dir='ltr'><strong>in</strong></span> <span class='ocrx_word' id='word_1_170' title='bbox 2195 2407 2406 2474; x_wconf 88' lang='lat' dir='ltr'><strong>alium</strong></span> <span class='ocrx_word' id='word_1_171' title='bbox 2441 2407 2711 2493; x_wconf 84' lang='lat' dir='ltr'><strong>culpam</strong></span> 
     </span>
    </p>
   </div>
   <div class='ocr_carea' id='block_1_3' title="bbox 563 2602 1966 2739">
    <p class='ocr_par' dir='ltr' id='par_1_3' title="bbox 563 2602 1966 2739">
     <span class='ocr_line' id='line_1_21' title="bbox 565 2602 1244 2659; baseline 0.01 -8"><span class='ocrx_word' id='word_1_172' title='bbox 565 2604 587 2633; x_wconf 64' lang='grc' dir='ltr'><strong><em>θ</em></strong></span> <span class='ocrx_word' id='word_1_173' title='bbox 619 2602 853 2657; x_wconf 72' lang='lat' dir='ltr'><strong>Flammis</strong></span> <span class='ocrx_word' id='word_1_174' title='bbox 871 2605 1244 2659; x_wconf 71' lang='lat' dir='ltr'><strong>absorberentur.</strong></span> 
     </span>
     <span class='ocr_line' id='line_1_22' title="bbox 563 2664 1966 2739; baseline 0.001 -20"><span class='ocrx_word' id='word_1_175' title='bbox 563 2664 592 2699; x_wconf 77' lang='lat'><strong>‘²</strong></span> <span class='ocrx_word' id='word_1_176' title='bbox 621 2668 766 2721; x_wconf 83' lang='lat' dir='ltr'><strong>Mare</strong></span> <span class='ocrx_word' id='word_1_177' title='bbox 787 2673 977 2734; x_wconf 67' lang='lat' dir='ltr'><strong>infundo</strong></span> <span class='ocrx_word' id='word_1_178' title='bbox 997 2688 1141 2739; x_wconf 70' lang='lat' dir='ltr'><strong>usque</strong></span> <span class='ocrx_word' id='word_1_179' title='bbox 1156 2679 1434 2725; x_wconf 73' lang='lat' dir='ltr'><strong>commotum</strong></span> <span class='ocrx_word' id='word_1_180' title='bbox 1449 2673 1639 2738; x_wconf 77' lang='lat' dir='ltr'><strong>impulit</strong></span> <span class='ocrx_word' id='word_1_181' title='bbox 1660 2673 1712 2722; x_wconf 79' lang='lat' dir='ltr'><strong>in</strong></span> <span class='ocrx_word' id='word_1_182' title='bbox 1729 2686 1966 2737; x_wconf 56' lang='lat' dir='ltr'><strong>agger-ema</strong></span> 
     </span>
    </p>
   </div>
   <div class='ocr_carea' id='block_1_4' title="bbox 1428 2816 1792 2838">
    <p class='ocr_par' dir='ltr' id='par_1_4' title="bbox 1428 2816 1792 2838">
     <span class='ocr_line' id='line_1_23' title="bbox 1428 2816 1792 2838; baseline -0.003 0"><span class='ocrx_word' id='word_1_183' title='bbox 1428 2816 1792 2838; x_wconf 59' lang='grc' dir='ltr'><strong>ΟΟΟΟΟΟΟΟΟΟ</strong></span> 
     </span>
    </p>
   </div>
   <div class='ocr_carea' id='block_1_5' title="bbox 493 2905 2716 3892">
    <p class='ocr_par' dir='ltr' id='par_1_5' title="bbox 493 2905 2716 3892">
     <span class='ocr_line' id='line_1_24' title="bbox 500 2905 2712 2980; baseline -0.001 -18"><span class='ocrx_word' id='word_1_184' title='bbox 500 2916 554 2963; x_wconf 76' lang='lat' dir='ltr'><strong>ta</strong></span> <span class='ocrx_word' id='word_1_185' title='bbox 568 2917 972 2978; x_wconf 60' lang='lat' dir='ltr'><strong>compendia-4</strong></span> <span class='ocrx_word' id='word_1_186' title='bbox 1005 2915 1074 2965; x_wconf 76' lang='lat' dir='ltr'><strong>At</strong></span> <span class='ocrx_word' id='word_1_187' title='bbox 1096 2917 1148 2965; x_wconf 80' lang='grc' dir='ltr'><strong>1ιί</strong></span> <span class='ocrx_word' id='word_1_188' title='bbox 1171 2917 1253 2980; x_wconf 81' lang='lat' dir='ltr'><strong>qui</strong></span> <span class='ocrx_word' id='word_1_189' title='bbox 1287 2917 1454 2980; x_wconf 81' lang='lat' dir='ltr'><strong>Boug.</strong></span> <span class='ocrx_word' id='word_1_190' title='bbox 1486 2916 1568 2966; x_wconf 79' lang='lat' dir='ltr'><strong>Ad</strong></span> <span class='ocrx_word' id='word_1_191' title='bbox 1590 2917 1670 2980; x_wconf 81' lang='lat' dir='ltr'><strong>qui</strong></span> <span class='ocrx_word' id='word_1_192' title='bbox 1699 2917 1850 2968; x_wconf 69' lang='lat' dir='ltr'><strong>Voss.</strong></span> <span class='ocrx_word' id='word_1_193' title='bbox 1890 2920 1938 2968; x_wconf 90' lang='lat'><strong>1.</strong></span> <span class='ocrx_word' id='word_1_194' title='bbox 1970 2916 2259 2966; x_wconf 71' lang='lat' dir='ltr'><strong>desiluerant</strong></span> <span class='ocrx_word' id='word_1_195' title='bbox 2292 2910 2524 2963; x_wconf 75' lang='lat' dir='ltr'><strong>Floreat.</strong></span> <span class='ocrx_word' id='word_1_196' title='bbox 2568 2905 2712 2962; x_wconf 75' lang='lat' dir='ltr'><strong>Leid-</strong></span> 
     </span>
     <span class='ocr_line' id='line_1_25' title="bbox 500 2978 2712 3044; baseline -0.001 -16"><span class='ocrx_word' id='word_1_197' title='bbox 500 2981 654 3029; x_wconf 82' lang='lat' dir='ltr'><strong>Voss.</strong></span> <span class='ocrx_word' id='word_1_198' title='bbox 677 2983 725 3028; x_wconf 91' lang='lat'><strong>1.</strong></span> <span class='ocrx_word' id='word_1_199' title='bbox 750 2986 801 3031; x_wconf 82' lang='lat'><strong>2.</strong></span> <span class='ocrx_word' id='word_1_200' title='bbox 825 2982 967 3031; x_wconf 79' lang='lat' dir='ltr'><strong>Pith.</strong></span> <span class='ocrx_word' id='word_1_201' title='bbox 1006 2981 1198 3031; x_wconf 85' lang='lat' dir='ltr'><strong>Faueh.</strong></span> <span class='ocrx_word' id='word_1_202' title='bbox 1232 2983 1400 3044; x_wconf 84' lang='lat' dir='ltr'><strong>Bong.</strong></span> <span class='ocrx_word' id='word_1_203' title='bbox 1435 2985 1484 3030; x_wconf 85' lang='lat'><strong>2.</strong></span> <span class='ocrx_word' id='word_1_204' title='bbox 1529 2982 1749 3031; x_wconf 85' lang='lat' dir='ltr'><strong>Theocr.</strong></span> <span class='ocrx_word' id='word_1_205' title='bbox 1775 2982 1941 3044; x_wconf 79' lang='lat' dir='ltr'><strong>Lugd.</strong></span> <span class='ocrx_word' id='word_1_206' title='bbox 1964 2989 2018 3031; x_wconf 90' lang='lat' dir='ltr'><strong>et</strong></span> <span class='ocrx_word' id='word_1_207' title='bbox 2042 2980 2212 3031; x_wconf 73' lang='lat' dir='ltr'><strong>Amat.</strong></span> <span class='ocrx_word' id='word_1_208' title='bbox 2277 2980 2412 3029; x_wconf 87' lang='lat' dir='ltr'><strong>Vide</strong></span> <span class='ocrx_word' id='word_1_209' title='bbox 2437 2978 2627 3028; x_wconf 80' lang='lat' dir='ltr'><strong>Heius.</strong></span> <span class='ocrx_word' id='word_1_210' title='bbox 2650 2978 2712 3026; x_wconf 85' lang='lat' dir='ltr'><strong>ad</strong></span> 
     </span>
     <span class='ocr_line' id='line_1_26' title="bbox 502 3041 2716 3110; baseline -0.001 -17"><span class='ocrx_word' id='word_1_211' title='bbox 502 3041 662 3093; x_wconf 82' lang='lat' dir='ltr'><strong>ovid.</strong></span> <span class='ocrx_word' id='word_1_212' title='bbox 688 3047 831 3095; x_wconf 87' lang='lat' dir='ltr'><strong>Fast.</strong></span> <span class='ocrx_word' id='word_1_213' title='bbox 866 3059 946 3095; x_wconf 80' lang='grc' dir='ltr'><strong>ιν.</strong></span> <span class='ocrx_word' id='word_1_214' title='bbox 986 3050 1100 3096; x_wconf 84' lang='grc'><strong>805.</strong></span> <span class='ocrx_word' id='word_1_215' title='bbox 1130 3051 1296 3109; x_wconf 78' lang='lat' dir='ltr'><strong>aptum</strong></span> <span class='ocrx_word' id='word_1_216' title='bbox 1332 3047 1477 3110; x_wconf 84' lang='lat' dir='ltr'><strong>quasi</strong></span> <span class='ocrx_word' id='word_1_217' title='bbox 1513 3046 1743 3109; x_wconf 81' lang='lat' dir='ltr'><strong>ineptum</strong></span> <span class='ocrx_word' id='word_1_218' title='bbox 1783 3046 2039 3109; x_wconf 74' lang='lat' dir='ltr'><strong>expungit</strong></span> <span class='ocrx_word' id='word_1_219' title='bbox 2075 3047 2301 3096; x_wconf 81' lang='lat' dir='ltr'><strong>Medius.</strong></span> <span class='ocrx_word' id='word_1_220' title='bbox 2370 3044 2481 3092; x_wconf 86' lang='lat' dir='ltr'><strong>Pro</strong></span> <span class='ocrx_word' id='word_1_221' title='bbox 2518 3057 2627 3092; x_wconf 79' lang='lat' dir='ltr'><strong>cum</strong></span> <span class='ocrx_word' id='word_1_222' title='bbox 2662 3042 2716 3101; x_wconf 72' lang='lat' dir='ltr'><strong>ii,</strong></span> 
     </span>
     <span class='ocr_line' id='line_1_27' title="bbox 500 3109 2715 3173; baseline -0 -16"><span class='ocrx_word' id='word_1_223' title='bbox 500 3109 657 3159; x_wconf 78' lang='lat' dir='ltr'><strong>Voss.</strong></span> <span class='ocrx_word' id='word_1_224' title='bbox 680 3114 727 3161; x_wconf 90' lang='lat'><strong>1.</strong></span> <span class='ocrx_word' id='word_1_225' title='bbox 749 3114 800 3160; x_wconf 83' lang='lat'><strong>2.</strong></span> <span class='ocrx_word' id='word_1_226' title='bbox 823 3117 880 3159; x_wconf 89' lang='lat' dir='ltr'><strong>et</strong></span> <span class='ocrx_word' id='word_1_227' title='bbox 894 3111 1127 3159; x_wconf 82' lang='lat' dir='ltr'><strong>Florent.</strong></span> <span class='ocrx_word' id='word_1_228' title='bbox 1150 3112 1223 3160; x_wconf 68' lang='lat' dir='ltr'><strong>hii</strong></span> <span class='ocrx_word' id='word_1_229' title='bbox 1238 3128 1259 3168; x_wconf 83' lang='grc'><strong>,-</strong></span> <span class='ocrx_word' id='word_1_230' title='bbox 1293 3111 1429 3160; x_wconf 89' lang='lat' dir='ltr'><strong>Mer.</strong></span> <span class='ocrx_word' id='word_1_231' title='bbox 1450 3110 1517 3158; x_wconf 76' lang='lat' dir='ltr'><strong>hi.</strong></span> <span class='ocrx_word' id='word_1_232' title='bbox 1584 3112 1699 3160; x_wconf 86' lang='lat' dir='ltr'><strong>Pal.</strong></span> <span class='ocrx_word' id='word_1_233' title='bbox 1727 3117 1773 3161; x_wconf 87' lang='lat' dir='ltr'><strong>l.</strong></span> <span class='ocrx_word' id='word_1_234' title='bbox 1795 3116 1938 3160; x_wconf 76' lang='lat' dir='ltr'><strong>semet</strong></span> <span class='ocrx_word' id='word_1_235' title='bbox 1960 3112 2198 3173; x_wconf 59' lang='lat' dir='ltr'><strong>ipsam—5</strong></span> <span class='ocrx_word' id='word_1_236' title='bbox 2235 3112 2474 3160; x_wconf 89' lang='lat' dir='ltr'><strong>Florent.</strong></span> <span class='ocrx_word' id='word_1_237' title='bbox 2497 3114 2554 3157; x_wconf 88' lang='lat' dir='ltr'><strong>et</strong></span> <span class='ocrx_word' id='word_1_238' title='bbox 2583 3109 2715 3157; x_wconf 88' lang='lat' dir='ltr'><strong>Dan.</strong></span> 
     </span>
     <span class='ocr_line' id='line_1_28' title="bbox 498 3173 2712 3239; baseline -0.001 -16"><span class='ocrx_word' id='word_1_239' title='bbox 498 3173 754 3225; x_wconf 88' lang='lat' dir='ltr'><strong>omittunt</strong></span> <span class='ocrx_word' id='word_1_240' title='bbox 786 3176 997 3237; x_wconf 79' lang='lat' dir='ltr'><strong>mallent,</strong></span> <span class='ocrx_word' id='word_1_241' title='bbox 1020 3175 1156 3239; x_wconf 89' lang='lat' dir='ltr'><strong>quod</strong></span> <span class='ocrx_word' id='word_1_242' title='bbox 1180 3177 1322 3224; x_wconf 88' lang='lat' dir='ltr'><strong>Dan.</strong></span> <span class='ocrx_word' id='word_1_243' title='bbox 1346 3184 1521 3225; x_wconf 83' lang='lat' dir='ltr'><strong>tamen</strong></span> <span class='ocrx_word' id='word_1_244' title='bbox 1561 3176 1724 3225; x_wconf 83' lang='lat' dir='ltr'><strong>habet</strong></span> <span class='ocrx_word' id='word_1_245' title='bbox 1762 3177 1813 3224; x_wconf 88' lang='lat' dir='ltr'><strong>in</strong></span> <span class='ocrx_word' id='word_1_246' title='bbox 1850 3189 2012 3237; x_wconf 75' lang='lat' dir='ltr'><strong>marg.</strong></span> <span class='ocrx_word' id='word_1_247' title='bbox 2081 3176 2231 3226; x_wconf 83' lang='lat' dir='ltr'><strong>Leid.</strong></span> <span class='ocrx_word' id='word_1_248' title='bbox 2261 3179 2307 3224; x_wconf 91' lang='lat' dir='ltr'><strong>l.</strong></span> <span class='ocrx_word' id='word_1_249' title='bbox 2330 3173 2598 3236; x_wconf 76' lang='lat' dir='ltr'><strong>malebant,</strong></span> <span class='ocrx_word' id='word_1_250' title='bbox 2623 3184 2712 3236; x_wconf 87' lang='lat' dir='ltr'><strong>pro</strong></span> 
     </span>
     <span class='ocr_line' id='line_1_29' title="bbox 499 3240 2712 3304; baseline -0.001 -16"><span class='ocrx_word' id='word_1_251' title='bbox 499 3253 605 3302; x_wconf 85' lang='lat' dir='ltr'><strong>quo</strong></span> <span class='ocrx_word' id='word_1_252' title='bbox 630 3240 742 3290; x_wconf 82' lang='lat' dir='ltr'><strong>Col.</strong></span> <span class='ocrx_word' id='word_1_253' title='bbox 763 3255 914 3304; x_wconf 87' lang='lat' dir='ltr'><strong>quam</strong></span> <span class='ocrx_word' id='word_1_254' title='bbox 933 3241 1215 3304; x_wconf 82' lang='lat' dir='ltr'><strong>Schragius</strong></span> <span class='ocrx_word' id='word_1_255' title='bbox 1238 3240 1389 3299; x_wconf 75' lang='lat' dir='ltr'><strong>vidit,</strong></span> <span class='ocrx_word' id='word_1_256' title='bbox 1409 3240 1623 3291; x_wconf 88' lang='lat' dir='ltr'><strong>exhibet</strong></span> <span class='ocrx_word' id='word_1_257' title='bbox 1644 3243 1906 3291; x_wconf 67' lang='lat' dir='ltr'><strong>voluerunt.</strong></span> <span class='ocrx_word' id='word_1_258' title='bbox 1973 3240 2087 3290; x_wconf 83' lang='lat' dir='ltr'><strong>Pal.</strong></span> <span class='ocrx_word' id='word_1_259' title='bbox 2113 3244 2161 3289; x_wconf 92' lang='lat'><strong>1.</strong></span> <span class='ocrx_word' id='word_1_260' title='bbox 2179 3242 2324 3288; x_wconf 80' lang='lat' dir='ltr'><strong>donec</strong></span> <span class='ocrx_word' id='word_1_261' title='bbox 2336 3240 2712 3288; x_wconf 52' lang='lat' dir='ltr'><strong>indebilitat—</strong></span> 
     </span>
     <span class='ocr_line' id='line_1_30' title="bbox 499 3304 2711 3370; baseline -0.002 -17"><span class='ocrx_word' id='word_1_262' title='bbox 499 3308 533 3353; x_wconf 88' lang='grc'>6</span> <span class='ocrx_word' id='word_1_263' title='bbox 567 3305 798 3355; x_wconf 87' lang='lat' dir='ltr'><strong>Florent.</strong></span> <span class='ocrx_word' id='word_1_264' title='bbox 825 3305 975 3356; x_wconf 85' lang='lat' dir='ltr'><strong>Leid.</strong></span> <span class='ocrx_word' id='word_1_265' title='bbox 999 3306 1152 3357; x_wconf 82' lang='lat' dir='ltr'><strong>Voss.</strong></span> <span class='ocrx_word' id='word_1_266' title='bbox 1176 3309 1223 3355; x_wconf 91' lang='lat'><strong>1.</strong></span> <span class='ocrx_word' id='word_1_267' title='bbox 1259 3310 1308 3354; x_wconf 85' lang='lat'><strong>2.</strong></span> <span class='ocrx_word' id='word_1_268' title='bbox 1345 3305 1445 3356; x_wconf 86' lang='lat' dir='ltr'><strong>Ed.</strong></span> <span class='ocrx_word' id='word_1_269' title='bbox 1487 3321 1569 3370; x_wconf 85' lang='lat' dir='ltr'><strong>pr.</strong></span> <span class='ocrx_word' id='word_1_270' title='bbox 1591 3308 1807 3356; x_wconf 82' lang='lat' dir='ltr'><strong>Venett.</strong></span> <span class='ocrx_word' id='word_1_271' title='bbox 1830 3305 2044 3355; x_wconf 86' lang='lat' dir='ltr'><strong>Mediol.</strong></span> <span class='ocrx_word' id='word_1_272' title='bbox 2068 3305 2261 3354; x_wconf 85' lang='lat' dir='ltr'><strong>Veron.</strong></span> <span class='ocrx_word' id='word_1_273' title='bbox 2283 3305 2420 3355; x_wconf 89' lang='lat' dir='ltr'><strong>Mer.</strong></span> <span class='ocrx_word' id='word_1_274' title='bbox 2452 3304 2566 3354; x_wconf 83' lang='lat' dir='ltr'><strong>Col.</strong></span> <span class='ocrx_word' id='word_1_275' title='bbox 2590 3304 2711 3351; x_wconf 82' lang='lat' dir='ltr'><strong>Bas.</strong></span> 
     </span>
     <span class='ocr_line' id='line_1_31' title="bbox 500 3367 2712 3435; baseline -0.001 -18"><span class='ocrx_word' id='word_1_276' title='bbox 500 3375 557 3418; x_wconf 88' lang='lat' dir='ltr'><strong>et</strong></span> <span class='ocrx_word' id='word_1_277' title='bbox 600 3370 759 3421; x_wconf 87' lang='lat' dir='ltr'><strong>Frob.</strong></span> <span class='ocrx_word' id='word_1_278' title='bbox 795 3375 944 3421; x_wconf 80' lang='lat' dir='ltr'><strong>tolum</strong></span> <span class='ocrx_word' id='word_1_279' title='bbox 986 3385 1084 3435; x_wconf 88' lang='lat' dir='ltr'><strong>pro</strong></span> <span class='ocrx_word' id='word_1_280' title='bbox 1117 3376 1313 3420; x_wconf 74' lang='lat' dir='ltr'><strong>motum.</strong></span> <span class='ocrx_word' id='word_1_281' title='bbox 1380 3370 1534 3421; x_wconf 78' lang='lat' dir='ltr'><strong>Voss.</strong></span> <span class='ocrx_word' id='word_1_282' title='bbox 1575 3376 1624 3422; x_wconf 91' lang='grc'><strong>2.</strong></span> <span class='ocrx_word' id='word_1_283' title='bbox 1660 3385 1722 3421; x_wconf 79' lang='lat' dir='ltr'><strong>ex</strong></span> <span class='ocrx_word' id='word_1_284' title='bbox 1745 3373 1904 3433; x_wconf 78' lang='lat' dir='ltr'><strong>fundo</strong></span> <span class='ocrx_word' id='word_1_285' title='bbox 1923 3388 1944 3429; x_wconf 91' lang='lat'><strong>‚·</strong></span> <span class='ocrx_word' id='word_1_286' title='bbox 1990 3371 2093 3423; x_wconf 87' lang='lat' dir='ltr'><strong>Ed.</strong></span> <span class='ocrx_word' id='word_1_287' title='bbox 2130 3385 2210 3434; x_wconf 86' lang='lat' dir='ltr'><strong>pr.</strong></span> <span class='ocrx_word' id='word_1_288' title='bbox 2241 3371 2456 3419; x_wconf 87' lang='lat' dir='ltr'><strong>Venett.</strong></span> <span class='ocrx_word' id='word_1_289' title='bbox 2491 3367 2712 3417; x_wconf 87' lang='lat' dir='ltr'><strong>Mediol.</strong></span> 
     </span>
     <span class='ocr_line' id='line_1_32' title="bbox 498 3432 2713 3500; baseline -0.002 -16"><span class='ocrx_word' id='word_1_290' title='bbox 498 3434 652 3486; x_wconf 80' lang='lat' dir='ltr'><strong>Rom.</strong></span> <span class='ocrx_word' id='word_1_291' title='bbox 676 3436 871 3485; x_wconf 83' lang='lat' dir='ltr'><strong>Veron.</strong></span> <span class='ocrx_word' id='word_1_292' title='bbox 893 3436 1031 3487; x_wconf 88' lang='lat' dir='ltr'><strong>Mer.</strong></span> <span class='ocrx_word' id='word_1_293' title='bbox 1052 3443 1108 3485; x_wconf 89' lang='lat' dir='ltr'><strong>et</strong></span> <span class='ocrx_word' id='word_1_294' title='bbox 1133 3436 1246 3486; x_wconf 85' lang='lat' dir='ltr'><strong>Col.</strong></span> <span class='ocrx_word' id='word_1_295' title='bbox 1269 3451 1332 3485; x_wconf 79' lang='lat' dir='ltr'><strong>ex</strong></span> <span class='ocrx_word' id='word_1_296' title='bbox 1348 3436 1586 3500; x_wconf 77' lang='lat' dir='ltr'><strong>profundo</strong></span> <span class='ocrx_word' id='word_1_297' title='bbox 1623 3438 1788 3487; x_wconf 75' lang='lat' dir='ltr'><strong>maris.</strong></span> <span class='ocrx_word' id='word_1_298' title='bbox 1856 3436 1974 3485; x_wconf 81' lang='lat' dir='ltr'><strong>Pal.</strong></span> <span class='ocrx_word' id='word_1_299' title='bbox 2015 3441 2063 3485; x_wconf 87' lang='lat'><strong>1.</strong></span> <span class='ocrx_word' id='word_1_300' title='bbox 2097 3436 2253 3499; x_wconf 74' lang='lat' dir='ltr'><strong>operis</strong></span> <span class='ocrx_word' id='word_1_301' title='bbox 2288 3435 2503 3484; x_wconf 76' lang='lat' dir='ltr'><strong>ubertate</strong></span> <span class='ocrx_word' id='word_1_302' title='bbox 2517 3449 2538 3491; x_wconf 92' lang='lat'><strong>,·</strong></span> <span class='ocrx_word' id='word_1_303' title='bbox 2590 3432 2713 3481; x_wconf 82' lang='lat' dir='ltr'><strong>Bas.</strong></span> 
     </span>
     <span class='ocr_line' id='line_1_33' title="bbox 493 3497 2713 3563; baseline -0.001 -14"><span class='ocrx_word' id='word_1_304' title='bbox 493 3499 652 3563; x_wconf 70' lang='lat' dir='ltr'><strong>operis</strong></span> <span class='ocrx_word' id='word_1_305' title='bbox 671 3501 951 3558; x_wconf 62' lang='lat' dir='ltr'><strong>verberarm</strong></span> <span class='ocrx_word' id='word_1_306' title='bbox 984 3502 1215 3551; x_wconf 86' lang='lat' dir='ltr'><strong>Florent.</strong></span> <span class='ocrx_word' id='word_1_307' title='bbox 1252 3501 1400 3553; x_wconf 86' lang='lat' dir='ltr'><strong>Leid.</strong></span> <span class='ocrx_word' id='word_1_308' title='bbox 1433 3510 1489 3552; x_wconf 91' lang='lat' dir='ltr'><strong>et</strong></span> <span class='ocrx_word' id='word_1_309' title='bbox 1513 3503 1666 3553; x_wconf 84' lang='lat' dir='ltr'><strong>Voss.</strong></span> <span class='ocrx_word' id='word_1_310' title='bbox 1693 3506 1741 3551; x_wconf 93' lang='lat'><strong>1.</strong></span> <span class='ocrx_word' id='word_1_311' title='bbox 1772 3518 1817 3550; x_wconf 92' lang='grc' dir='ltr'><strong>ο.</strong></span> <span class='ocrx_word' id='word_1_312' title='bbox 1843 3501 2103 3551; x_wconf 65' lang='lat' dir='ltr'><strong>verberata»</strong></span> <span class='ocrx_word' id='word_1_313' title='bbox 2137 3503 2380 3560; x_wconf 80' lang='lat' dir='ltr'><strong>laxavere,</strong></span> <span class='ocrx_word' id='word_1_314' title='bbox 2403 3497 2593 3548; x_wconf 84' lang='lat' dir='ltr'><strong>omisso</strong></span> <span class='ocrx_word' id='word_1_315' title='bbox 2629 3513 2677 3546; x_wconf 83' lang='lat' dir='ltr'><strong>se</strong></span> <span class='ocrx_word' id='word_1_316' title='bbox 2694 3513 2713 3555; x_wconf 76' lang='lat'><strong>,-</strong></span> 
     </span>
     <span class='ocr_line' id='line_1_34' title="bbox 498 3561 2709 3631; baseline -0.002 -18"><span class='ocrx_word' id='word_1_317' title='bbox 498 3571 558 3613; x_wconf 88' lang='lat' dir='ltr'><strong>et</strong></span> <span class='ocrx_word' id='word_1_318' title='bbox 579 3566 652 3615; x_wconf 80' lang='lat' dir='ltr'><strong>sic</strong></span> <span class='ocrx_word' id='word_1_319' title='bbox 675 3566 841 3630; x_wconf 86' lang='lat' dir='ltr'><strong>Bong.</strong></span> <span class='ocrx_word' id='word_1_320' title='bbox 877 3567 1017 3616; x_wconf 82' lang='lat' dir='ltr'><strong>Mer.</strong></span> <span class='ocrx_word' id='word_1_321' title='bbox 1056 3567 1167 3617; x_wconf 87' lang='lat' dir='ltr'><strong>Col.</strong></span> <span class='ocrx_word' id='word_1_322' title='bbox 1209 3566 1378 3630; x_wconf 84' lang='lat' dir='ltr'><strong>Lugd.</strong></span> <span class='ocrx_word' id='word_1_323' title='bbox 1418 3575 1474 3617; x_wconf 91' lang='lat' dir='ltr'><strong>et</strong></span> <span class='ocrx_word' id='word_1_324' title='bbox 1504 3565 1671 3616; x_wconf 73' lang='lat' dir='ltr'><strong>Amat.</strong></span> <span class='ocrx_word' id='word_1_325' title='bbox 1710 3567 1990 3631; x_wconf 76' lang='lat' dir='ltr'><strong>interfluens</strong></span> <span class='ocrx_word' id='word_1_326' title='bbox 2027 3568 2246 3617; x_wconf 82' lang='lat' dir='ltr'><strong>Theoer.</strong></span> <span class='ocrx_word' id='word_1_327' title='bbox 2294 3566 2520 3613; x_wconf 80' lang='lat' dir='ltr'><strong>Floreat.</strong></span> <span class='ocrx_word' id='word_1_328' title='bbox 2565 3561 2709 3613; x_wconf 87' lang='lat' dir='ltr'><strong>Leid.</strong></span> 
     </span>
     <span class='ocr_line' id='line_1_35' title="bbox 497 3629 2711 3692; baseline -0.002 -13"><span class='ocrx_word' id='word_1_329' title='bbox 497 3630 650 3680; x_wconf 85' lang='lat' dir='ltr'><strong>Voss.</strong></span> <span class='ocrx_word' id='word_1_330' title='bbox 681 3634 728 3680; x_wconf 93' lang='lat'><strong>1.</strong></span> <span class='ocrx_word' id='word_1_331' title='bbox 763 3636 816 3680; x_wconf 87' lang='grc'><strong>2.</strong></span> <span class='ocrx_word' id='word_1_332' title='bbox 857 3631 971 3681; x_wconf 80' lang='lat' dir='ltr'><strong>Pal.</strong></span> <span class='ocrx_word' id='word_1_333' title='bbox 1010 3635 1055 3680; x_wconf 84' lang='grc'><strong>1.</strong></span> <span class='ocrx_word' id='word_1_334' title='bbox 1098 3632 1232 3680; x_wconf 86' lang='lat' dir='ltr'><strong>Dan.</strong></span> <span class='ocrx_word' id='word_1_335' title='bbox 1254 3632 1469 3682; x_wconf 84' lang='lat' dir='ltr'><strong>Venett.</strong></span> <span class='ocrx_word' id='word_1_336' title='bbox 1494 3633 1688 3681; x_wconf 86' lang='lat' dir='ltr'><strong>Veron.</strong></span> <span class='ocrx_word' id='word_1_337' title='bbox 1725 3630 1843 3680; x_wconf 87' lang='lat' dir='ltr'><strong>Ald.</strong></span> <span class='ocrx_word' id='word_1_338' title='bbox 1876 3640 1932 3681; x_wconf 86' lang='lat' dir='ltr'><strong>et</strong></span> <span class='ocrx_word' id='word_1_339' title='bbox 1957 3633 2238 3681; x_wconf 52' lang='lat' dir='ltr'><strong>Maia—7</strong></span> <span class='ocrx_word' id='word_1_340' title='bbox 2274 3629 2536 3692; x_wconf 65' lang='lat' dir='ltr'><strong>Prorumis</strong></span> <span class='ocrx_word' id='word_1_341' title='bbox 2557 3629 2711 3691; x_wconf 73' lang='lat' dir='ltr'><strong>igitur</strong></span> 
     </span>
     <span class='ocr_line' id='line_1_36' title="bbox 497 3692 2708 3759; baseline -0.001 -16"><span class='ocrx_word' id='word_1_342' title='bbox 497 3695 651 3746; x_wconf 74' lang='lat' dir='ltr'><strong>Voss-</strong></span> <span class='ocrx_word' id='word_1_343' title='bbox 677 3701 723 3746; x_wconf 90' lang='lat' dir='ltr'><strong>l.</strong></span> <span class='ocrx_word' id='word_1_344' title='bbox 745 3702 795 3746; x_wconf 88' lang='grc'><strong>2.</strong></span> <span class='ocrx_word' id='word_1_345' title='bbox 818 3697 1039 3752; x_wconf 81' lang='lat' dir='ltr'><strong>Theocr.</strong></span> <span class='ocrx_word' id='word_1_346' title='bbox 1070 3696 1187 3747; x_wconf 84' lang='lat' dir='ltr'><strong>Pal.</strong></span> <span class='ocrx_word' id='word_1_347' title='bbox 1225 3700 1274 3746; x_wconf 91' lang='grc'><strong>1.</strong></span> <span class='ocrx_word' id='word_1_348' title='bbox 1308 3702 1364 3746; x_wconf 92' lang='lat' dir='ltr'><strong>et</strong></span> <span class='ocrx_word' id='word_1_349' title='bbox 1400 3695 1522 3746; x_wconf 83' lang='lat' dir='ltr'><strong>Ald.</strong></span> <span class='ocrx_word' id='word_1_350' title='bbox 1557 3696 1755 3746; x_wconf 78' lang='lat' dir='ltr'><strong>cumulis</strong></span> <span class='ocrx_word' id='word_1_351' title='bbox 1776 3697 1987 3759; x_wconf 78' lang='lat' dir='ltr'><strong>lapidum</strong></span> <span class='ocrx_word' id='word_1_352' title='bbox 2010 3697 2164 3746; x_wconf 78' lang='lat' dir='ltr'><strong>Voss·</strong></span> <span class='ocrx_word' id='word_1_353' title='bbox 2185 3701 2234 3746; x_wconf 90' lang='grc'><strong>2.</strong></span> <span class='ocrx_word' id='word_1_354' title='bbox 2258 3710 2466 3759; x_wconf 67' lang='lat' dir='ltr'><strong>praeceps</strong></span> <span class='ocrx_word' id='word_1_355' title='bbox 2488 3695 2638 3743; x_wconf 85' lang='lat' dir='ltr'><strong>deest</strong></span> <span class='ocrx_word' id='word_1_356' title='bbox 2657 3692 2708 3740; x_wconf 86' lang='lat' dir='ltr'><strong>in</strong></span> 
     </span>
     <span class='ocr_line' id='line_1_37' title="bbox 495 3758 2709 3825; baseline -0.001 -18"><span class='ocrx_word' id='word_1_357' title='bbox 495 3758 643 3810; x_wconf 83' lang='lat' dir='ltr'><strong>Pith.</strong></span> <span class='ocrx_word' id='word_1_358' title='bbox 709 3761 773 3811; x_wconf 90' lang='lat' dir='ltr'><strong>In</strong></span> <span class='ocrx_word' id='word_1_359' title='bbox 808 3761 990 3810; x_wconf 84' lang='lat' dir='ltr'><strong>eodem</strong></span> <span class='ocrx_word' id='word_1_360' title='bbox 1026 3761 1251 3810; x_wconf 59' lang='lat' dir='ltr'><strong>desunt}</strong></span> <span class='ocrx_word' id='word_1_361' title='bbox 1287 3765 1615 3825; x_wconf 64' lang='lat' dir='ltr'><strong>tantaequeyn.</strong></span> <span class='ocrx_word' id='word_1_362' title='bbox 1637 3777 1686 3811; x_wconf 86' lang='lat' dir='ltr'><strong>v.</strong></span> <span class='ocrx_word' id='word_1_363' title='bbox 1709 3777 1760 3810; x_wconf 82' lang='lat' dir='ltr'><strong>u.</strong></span> <span class='ocrx_word' id='word_1_364' title='bbox 1785 3778 1831 3810; x_wconf 90' lang='lat' dir='ltr'><strong>v.</strong></span> <span class='ocrx_word' id='word_1_365' title='bbox 1852 3762 1888 3811; x_wconf 80' lang='lat' dir='ltr'><strong>i.</strong></span> <span class='ocrx_word' id='word_1_366' title='bbox 1911 3764 1976 3811; x_wconf 76' lang='lat' dir='ltr'><strong>A.</strong></span> <span class='ocrx_word' id='word_1_367' title='bbox 2000 3776 2045 3812; x_wconf 84' lang='lat' dir='ltr'><strong>r.</strong></span> <span class='ocrx_word' id='word_1_368' title='bbox 2068 3761 2138 3812; x_wconf 79' lang='lat' dir='ltr'><strong>A.</strong></span> <span class='ocrx_word' id='word_1_369' title='bbox 2204 3762 2390 3811; x_wconf 80' lang='lat' dir='ltr'><strong>Multae</strong></span> <span class='ocrx_word' id='word_1_370' title='bbox 2426 3759 2543 3810; x_wconf 86' lang='lat' dir='ltr'><strong>edd.</strong></span> <span class='ocrx_word' id='word_1_371' title='bbox 2581 3766 2709 3806; x_wconf 85' lang='lat' dir='ltr'><strong>vett.</strong></span> 
     </span>
     <span class='ocr_line' id='line_1_38' title="bbox 496 3823 2706 3892; baseline -0.001 -19"><span class='ocrx_word' id='word_1_372' title='bbox 496 3824 556 3873; x_wconf 76' lang='lat' dir='ltr'><strong>ub</strong></span> <span class='ocrx_word' id='word_1_373' title='bbox 581 3824 801 3886; x_wconf 55' lang='lat' dir='ltr'><strong>Arabim·</strong></span> <span class='ocrx_word' id='word_1_374' title='bbox 836 3826 1032 3876; x_wconf 70' lang='lat' dir='ltr'><strong>Fau&#39;ch.</strong></span> <span class='ocrx_word' id='word_1_375' title='bbox 1070 3833 1125 3876; x_wconf 88' lang='lat' dir='ltr'><strong>et</strong></span> <span class='ocrx_word' id='word_1_376' title='bbox 1148 3825 1271 3877; x_wconf 75' lang='grc' dir='ltr'><strong>ΑΜ.</strong></span> <span class='ocrx_word' id='word_1_377' title='bbox 1294 3826 1482 3876; x_wconf 79' lang='lat' dir='ltr'><strong>rediens</strong></span> <span class='ocrx_word' id='word_1_378' title='bbox 1504 3823 1706 3878; x_wconf 77' lang='lat' dir='ltr'><strong>Arabia.</strong></span> <span class='ocrx_word' id='word_1_379' title='bbox 1772 3828 1907 3877; x_wconf 87' lang='lat' dir='ltr'><strong>Mer.</strong></span> <span class='ocrx_word' id='word_1_380' title='bbox 1949 3828 2076 3891; x_wconf 81' lang='lat' dir='ltr'><strong>Hoc,</strong></span> <span class='ocrx_word' id='word_1_381' title='bbox 2116 3829 2256 3892; x_wconf 79' lang='lat' dir='ltr'><strong>quod,</strong></span> <span class='ocrx_word' id='word_1_382' title='bbox 2289 3829 2371 3891; x_wconf 57' lang='lat'><strong>&amp;⁴⁶-</strong></span> <span class='ocrx_word' id='word_1_383' title='bbox 2406 3825 2521 3876; x_wconf 84' lang='lat' dir='ltr'><strong>Col.</strong></span> <span class='ocrx_word' id='word_1_384' title='bbox 2558 3839 2706 3890; x_wconf 89' lang='lat' dir='ltr'><strong>quam</strong></span> 
     </span>
    </p>
   </div>
   <div class='ocr_carea' id='block_1_6' title="bbox 1491 3969 1710 4024">
    <p class='ocr_par' dir='ltr' id='par_1_6' title="bbox 1491 3969 1710 4024">
     <span class='ocr_line' id='line_1_39' title="bbox 1491 3969 1710 4024; baseline -0.005 -1"><span class='ocrx_word' id='word_1_385' title='bbox 1491 3969 1710 4024; x_wconf 81' lang='lat' dir='ltr'>NOTAE</span> 
     </span>
    </p>
   </div>
   <div class='ocr_carea' id='block_1_7' title="bbox 495 4069 2707 4375">
    <p class='ocr_par' dir='ltr' id='par_1_7' title="bbox 497 4069 2707 4220">
     <span class='ocr_line' id='line_1_40' title="bbox 497 4069 2707 4144; baseline -0.002 -18"><span class='ocrx_word' id='word_1_386' title='bbox 497 4074 673 4134; x_wconf 80' lang='lat' dir='ltr'><strong>Plinio</strong></span> <span class='ocrx_word' id='word_1_387' title='bbox 694 4076 928 4140; x_wconf 78' lang='lat' dir='ltr'><strong>hippagus</strong></span> <span class='ocrx_word' id='word_1_388' title='bbox 950 4069 1260 4142; x_wconf 78' lang='lat' dir='ltr'><strong>appellatur.</strong></span> <span class='ocrx_word' id='word_1_389' title='bbox 1444 4112 1447 4116; x_wconf 80' lang='lat'><strong>.</strong></span> <span class='ocrx_word' id='word_1_390' title='bbox 1644 4094 1765 4130; x_wconf 82' lang='lat' dir='ltr'><strong>usus</strong></span> <span class='ocrx_word' id='word_1_391' title='bbox 1790 4081 2029 4144; x_wconf 83' lang='lat' dir='ltr'><strong>exempla</strong></span> <span class='ocrx_word' id='word_1_392' title='bbox 2052 4094 2154 4130; x_wconf 88' lang='lat' dir='ltr'><strong>non</strong></span> <span class='ocrx_word' id='word_1_393' title='bbox 2178 4078 2385 4132; x_wconf 82' lang='lat' dir='ltr'><strong>desunt,</strong></span> <span class='ocrx_word' id='word_1_394' title='bbox 2421 4074 2497 4127; x_wconf 76' lang='lat' dir='ltr'><strong>ita</strong></span> <span class='ocrx_word' id='word_1_395' title='bbox 2528 4071 2707 4139; x_wconf 80' lang='lat' dir='ltr'><strong>prioris</strong></span> 
     </span>
     <span class='ocr_line' id='line_1_41' title="bbox 561 4148 2706 4220; baseline -0 -18"><span class='ocrx_word' id='word_1_396' title='bbox 561 4160 584 4186; x_wconf 60' lang='grc' dir='ltr'><strong>θ</strong></span> <span class='ocrx_word' id='word_1_397' title='bbox 619 4153 686 4202; x_wconf 66' lang='grc' dir='ltr'><strong>δέ</strong></span> <span class='ocrx_word' id='word_1_398' title='bbox 706 4155 947 4219; x_wconf 77' lang='lat' dir='ltr'><strong>laxavere]</strong></span> <span class='ocrx_word' id='word_1_399' title='bbox 989 4156 1204 4206; x_wconf 77' lang='lat' dir='ltr'><strong>Frustra</strong></span> <span class='ocrx_word' id='word_1_400' title='bbox 1228 4163 1310 4207; x_wconf 82' lang='lat' dir='ltr'><strong>est</strong></span> <span class='ocrx_word' id='word_1_401' title='bbox 1333 4158 1562 4220; x_wconf 80' lang='lat' dir='ltr'><strong>Medius,</strong></span> <span class='ocrx_word' id='word_1_402' title='bbox 1645 4155 1998 4220; x_wconf 83' lang='lat' dir='ltr'><strong>frequentiora</strong></span> <span class='ocrx_word' id='word_1_403' title='bbox 2015 4164 2152 4214; x_wconf 83' lang='lat' dir='ltr'><strong>sunt,</strong></span> <span class='ocrx_word' id='word_1_404' title='bbox 2166 4163 2274 4207; x_wconf 90' lang='lat' dir='ltr'><strong>tum</strong></span> <span class='ocrx_word' id='word_1_405' title='bbox 2287 4153 2431 4218; x_wconf 78' lang='lat' dir='ltr'><strong>alibi,</strong></span> <span class='ocrx_word' id='word_1_406' title='bbox 2444 4161 2554 4208; x_wconf 87' lang='lat' dir='ltr'><strong>tum</strong></span> <span class='ocrx_word' id='word_1_407' title='bbox 2569 4148 2706 4217; x_wconf 75' lang='lat' dir='ltr'><strong>apud</strong></span> 
     </span>
    </p>

    <p class='ocr_par' dir='ltr' id='par_1_8' title="bbox 497 4230 1903 4297">
     <span class='ocr_line' id='line_1_42' title="bbox 497 4230 1903 4297; baseline 0.003 -19"><span class='ocrx_word' id='word_1_408' title='bbox 497 4231 606 4295; x_wconf 83' lang='lat' dir='ltr'><strong>qui,</strong></span> <span class='ocrx_word' id='word_1_409' title='bbox 629 4230 830 4279; x_wconf 77' lang='lat' dir='ltr'><strong>sublato</strong></span> <span class='ocrx_word' id='word_1_410' title='bbox 851 4247 920 4289; x_wconf 76' lang='lat' dir='ltr'><strong>se,</strong></span> <span class='ocrx_word' id='word_1_411' title='bbox 944 4232 1106 4282; x_wconf 86' lang='lat' dir='ltr'><strong>voluit</strong></span> <span class='ocrx_word' id='word_1_412' title='bbox 1126 4233 1360 4283; x_wconf 83' lang='lat' dir='ltr'><strong>absolute</strong></span> <span class='ocrx_word' id='word_1_413' title='bbox 1384 4234 1562 4297; x_wconf 82' lang='lat' dir='ltr'><strong>legen·</strong></span> <span class='ocrx_word' id='word_1_414' title='bbox 1650 4233 1903 4284; x_wconf 85' lang='lat' dir='ltr'><strong>Curtium.</strong></span> 
     </span>
    </p>

    <p class='ocr_par' dir='ltr' id='par_1_9' title="bbox 495 4304 1562 4375">
     <span class='ocr_line' id='line_1_43' title="bbox 495 4304 1562 4375; baseline 0.005 -21"><span class='ocrx_word' id='word_1_415' title='bbox 495 4304 621 4356; x_wconf 78' lang='lat' dir='ltr'><strong>dum</strong></span> <span class='ocrx_word' id='word_1_416' title='bbox 656 4308 895 4359; x_wconf 78' lang='lat' dir='ltr'><strong>laxavere.</strong></span> <span class='ocrx_word' id='word_1_417' title='bbox 961 4309 1037 4359; x_wconf 90' lang='lat' dir='ltr'><strong>Ut</strong></span> <span class='ocrx_word' id='word_1_418' title='bbox 1076 4309 1209 4361; x_wconf 85' lang='lat' dir='ltr'><strong>euim</strong></span> <span class='ocrx_word' id='word_1_419' title='bbox 1250 4310 1562 4375; x_wconf 74' lang='lat' dir='ltr'><strong>posterioris</strong></span> 
     </span>
    </p>
   </div>
   <div class='ocr_carea' id='block_1_8' title="bbox 1872 4413 1881 4443">
    <p class='ocr_par' dir='ltr' id='par_1_10' title="bbox 1872 4413 1881 4443">
     <span class='ocr_line' id='line_1_44' title="bbox 1872 4413 1881 4443; baseline 0 0"><span class='ocrx_word' id='word_1_420' title='bbox 1872 4413 1881 4443; x_wconf 84' lang='grc'><strong>1</strong></span> 
     </span>
    </p>
   </div>
  </div>
 </body>
</html>
