2978 4933
503 378 633 445 134
707 388 710 391 “
1293 389 1352 438 J.
1400 386 1905 439 snmusflsml

503 546 739 598 vertunt
765 552 792 597 ε·
824 553 945 596 una
984 542 1177 594 tamen
1221 531 1412 604 navis,
1439 551 1573 611 quae
1621 531 1842 591 Iassios
1869 530 2145 602 vehebat,
2171 529 2543 610 deprehensa
2565 541 2678 598 esu

503 647 717 696 ceterae
759 631 1077 692 velociores
1122 630 1200 689 ad
1241 647 1407 688 suam
1448 627 1704 688 classem
1751 625 2126 706 effugerunt:
2168 627 2253 686 ita
2292 625 2454 686 nullo
2495 645 2685 687 eorum

505 752 641 810 quaa
693 729 1068 790 intenderant
1121 725 1355 799 effecte,
1400 725 1611 785 Mileto
1664 724 1993 785 discessum
2045 732 2159 783 est.
2239 723 2301 785 6.
2341 722 2688 796 Alexander,

505 835 638 888 c'utn
669 846 837 888 suam
878 826 1132 887 classem
1160 843 1352 903 neque
1378 821 1582 882 hostili
1631 842 1852 904 parem,
1878 832 1936 883 et
1964 821 2042 882 ad
2069 820 2216 881 alios
2242 839 2390 880 usus
2419 839 2691 901 superva-

504 944 676 985 cuam
705 925 814 984 sibi
842 935 1130 994 cerneret,
1155 920 1443 999 multique
1471 930 1533 979 et
1559 939 1767 998 graves
1806 917 1885 978 ad
1912 937 2041 978 eam
2071 928 2298 977 sumtus
2337 917 2694 996 requireren-

504 1033 619 1092 tur,
669 1020 965 1081 dimittere
1011 1037 1143 1078 eam
1197 1016 1438 1083 statuit;
1461 1025 1486 1059 b
1526 1015 1729 1096 paucis
1778 1015 2014 1074 navium
2062 1013 2328 1086 retentis,
2372 1013 2588 1092 quibus
2625 1014 2696 1074 ad

502 1117 843 1179 obsidiones
898 1116 1154 1176 urbium·
1184 1113 1474 1175 machinae
1532 1123 1940 1192 tormentaque
1986 1121 2378 1191 portarentur.
2462 1114 2521 1171 7.
2567 1110 2699 1170 Dis-

506 1222 775 1276 suaserat
797 1212 945 1272 illud
975 1210 1308 1282 Parmeni0,
1337 1221 1762 1288 monueratque
1806 1219 1872 1268 ut
1913 1208 2109 1268 navali
2149 1208 2353 1287 praelio
2380 1203 2699 1270 contende-

504 1322 710 1372 retur.⁶
790 1318 808 1348 ‘
840 1309 1275 1371 Macedonibus
1303 1308 1458 1368 enim
1488 1307 1806 1368 victoribus
1837 1325 2117 1385 magnum
2149 1305 2225 1364 ad
2256 1316 2454 1367 cetera
2480 1304 2703 1365 emolu-

505 1419 769 1468 mentum
817 1427 1191 1468 accessurum
1234 1425 1402 1468 esse:
1446 1416 1512 1464 at
1553 1406 1742 1465 victos
1793 1403 1935 1463 nihil
1980 1422 2124 1462 sane
2151 1402 2520 1470 ‘amissurosz
2567 1423 2699 1462 nam

505 1505 812 1583 imperium
841 1505 1017 1563 maris
1037 1501 1163 1583 jam
1191 1513 1316 1563 tum
1354 1521 1487 1561 esse
1515 1521 1699 1581 penes
1729 1501 1945 1560 Persas
1971 1520 1986 1567 ς
2031 1510 2092 1558 et
2117 1499 2316 1559 littora
2341 1498 2517 1560 facile
2547 1510 2702 1559 tuta-

506 1612 693 1673 turos,
720 1602 823 1681 qui
850 1601 1221 1682 pedestribus
1249 1600 1434 1679 copiis
1462 1599 1596 1678 plus
1639 1608 1886 1680 possent
1908 1597 1947 1665 ς’
1991 1600 2050 1658 8.
2094 1615 2331 1676 quoque
2368 1595 2703 1675 expeditius

509 1696 671 1776 quod
717 1697 1028 1757 videbatur
1069 1696 1382 1768 obtineret,
1426 1695 1583 1755 idem
1630 1696 1729 1774 qui
1771 1692 2083 1755 consilium
2131 1692 2396 1765 dederat,
2447 1700 2463 1727 ‘
2494 1696 2704 1772 exequi

506 1791 654 1851 illud
688 1806 956 1873 paratum
975 1794 993 1817 '
1019 1793 1396 1865 ostendebat,
1425 1799 1443 1827 ‘
1462 1791 1925 1871 conscensisque
1956 1788 2204 1849 navibus
2247 1808 2426 1869 quam
2453 1808 2556 1849 rex
2578 1788 2703 1868 jus-

507 1888 690 1950 sisset
743 1890 1094 1952 discriminis
1143 1900 1370 1972 partem
1418 1889 1773 1970 capessere!
1853 1887 2329 1947 Confirmabatur
2373 1886 2552 1946 etiam
2601 1906 2704 1946 au-

508 1987 698 2066 guri0,
728 1987 887 2066 quod
933 1988 1326 2069 superioribus
1374 1986 1585 2048 diebus
1627 2006 1662 2046 a
1696 1996 1866 2064 tergo
1912 1983 2091 2062 regiae
2137 1982 2346 2043 classis
2399 1983 2598 2063 aquila
2645 1985 2703 2042 in

507 2084 702 2145 littore
733 2085 1063 2145 consistens
1090 2086 1475 2165 apparuisset.
1558 2087 1618 2144 9.
1658 2083 1881 2142 Contra
1900 2079 2243 2140 Alexander
2273 2086 2289 2114 ‘
2310 2079 2437 2139 falli
2467 2079 2703 2141 Parme-

507 2182 779 2244 nionem'
803 2180 1224 2255 asseverabat,‘¹
1251 2190 1267 2217 ‘
1291 2182 1391 2262 qui
1433 2200 1658 2263 paucas
1706 2199 1944 2264 suorum
1991 2198 2174 2238 naves
2218 2186 2402 2238 tantus
2448 2176 2707 2238 hostium

509 2277 892 2350 multitudini,
920 2279 1335 2358 imperitosque
1364 2280 1616 2357 remiges
1642 2286 1703 2337 et
1729 2276 1907 2338 rudes
1947 2275 2307 2346 classiarios,
2345 2276 2706 2335 exercitatis-

511 2373 675 2432 simis
703 2373 1060 2444 hominibus,
1088 2373 1290 2451 reique
1318 2373 1574 2433 nauticae
1615 2372 2005 2453 peritissimis,
2032 2371 2397 2452 objiciendos
2427 2370 2709 2433 duceret:

495 2473 626 2531 10.
657 2489 721 2530 se
766 2469 1004 2550 quidem
1032 2469 1231 2530 virtuti
1275 2488 1514 2530 suorum
1557 2489 1676 2530 non
1720 2469 2006 2543 diffidere,
2055 2470 2505 2530 ceterum-scire
2546 2471 2708 2530 illam

506 2567 569 2625 in
597 2567 907 2628 navalibus
945 2567 1159 2647 pugnis
1189 2566 1491 2627 minimum
1532 2567 1796 2628 conferre
1836 2566 1913 2627 ad
1942 2566 2286 2628 victoriam:
2327 2568 2515 2627 multo
2552 2568 2711 2629 enim

506 2664 681 2744 plura
707 2678 1011 2726 ventorum
1037 2665 1440 2746 fluctuumque
1469 2665 1737 2726 ludibriis
1777 2665 2054 2745 permitti,
2082 2685 2218 2744 quae
2246 2666 2709 2744 gubernatorum

511 2772 690 2841 atque
719 2763 1000 2841 remigum
1033 2764 1242 2841 peritia
1269 2763 1500 2834 vitaret,
1527 2772 1630 2822 aut
1673 2763 1796 2824 suis
1823 2761 2087 2843 partibus
2118 2772 2449 2843 opportuna
2475 2761 2713 2842 redige-

511 2868 633 2917 ret:
677 2877 788 2918 nec
817 2858 877 2917 in
906 2859 1166 2938 ipsarum
1195 2860 1427 2919 navium
1474 2857 1915 2920 constructione
1945 2857 2085 2918 nibil
2128 2870 2231 2919 aut
2258 2878 2461 2939 parum
2489 2858 2668 2919 situm
2695 2879 2710 2918 ε

519 2954 615 3012 11.
655 2952 739 3013 ita
782 2953 1182 3015 Macedonum
1222 2965 1472 3014 conatus
1503 2974 1689 3016 vanos
1727 2955 1873 3030 fore,
1902 2976 2035 3016 cum
2062 2974 2167 3015 eos
2215 2956 2444 3015 barbari
2471 2956 2711 3037 impune

513 3059 619 3109 aut
673 3048 932 3122 eludere,
1002 3062 1105 3111 aut
1163 3054 1360 3124 etiam,
1420 3054 1468 3111 si
1517 3072 1691 3113 casus
1747 3052 2007 3125 daretur,
2063 3053 2386 3133 opprimere
2440 3065 2712 3133 possent.

519 3149 614 3207 12.
660 3147 867 3227 Neque
899 3168 1037 3208 vero
1079 3149 1354 3229 exiguum
1383 3149 1449 3208 id
1492 3149 1906 3211 detrimentum
1951 3150 2248 3210 futurum:
2288 3161 2471 3210 totam
2501 3151 2712 3212 Asiam

513 3255 865 3304 arrecturam
894 3244 1147 3319 animos,
1177 3246 1226 3306 si
1254 3247 1405 3307 inter
1431 3245 1599 3306 initia
1624 3247 1761 3308 belli
1811 3247 2013 3308 clades
2044 3258 2292 3327 accepta
2317 3246 2488 3308 foret.
2572 3248 2714 3310 Ple-

511 3361 726 3421 rosque
770 3343 1105 3403 mortalium
1152 3344 1238 3404 ita
1285 3356 1656 3424 comparatos
1704 3364 1859 3419 esse,
1903 3355 1969 3404 ut
2012 3365 2145 3405 eum
2195 3364 2386 3405 rerum
2429 3358 2713 3406 eventum

511 3438 943 3518 expectandum
983 3451 1213 3521 putent,
1242 3463 1417 3521 quem
1446 3464 1521 3502 ex
1564 3444 1848 3524 principio
1896 3462 2279 3503 successuum
2309 3463 2413 3522 spe
2457 3455 2565 3503 aut
2591 3445 2713 3504 for-

511 3535 728 3597 midine
777 3551 1205 3617 praeceperunt.
1294 3540 1371 3600 Et
1414 3561 1488 3602 ne
1538 3540 1614 3601 de
1662 3542 1803 3601 Asia
1858 3539 2232 3611 dubitemus,'
2278 3541 2485 3621 inquit,
2524 3547 2542 3575 ‘
2571 3542 2712 3621 quis

510 3633 649 3693 mihi
678 3635 989 3714 praestabit
1033 3635 1279 3696 Graecos
1307 3638 1368 3696 in
1410 3638 1529 3698 fide
1569 3658 1901 3711 mansuros,
1933 3640 1984 3699 si
2034 3637 2375 3698 felicitatem
2413 3637 2574 3697 illam
2604 3659 2710 3699 ex-

506 3731 791 3809 piravisse
831 3732 1099 3807 credant,
1144 3754 1342 3814 quam,
1375 3735 1425 3795 si
1454 3756 1655 3797 verum
1704 3757 1993 3810 amamus,
2021 3756 2200 3798 unam
2229 3736 2290 3795 in
2332 3735 2501 3800 nobis
2532 3755 2705 3797 reve-

509 3827 750 3888 rentur?
837 3833 932 3891 13.
976 3829 1162 3893 Plane
1212 3831 1289 3892 ad
1337 3833 1634 3895 fortunam
1680 3854 1870 3897 meam
1915 3834 2206 3913 pertinere
2246 3832 2511 3907 arbitror,
2541 3834 2711 3913 quod

509 3922 711 4001 aquila
758 3944 910 4003 pone
956 3927 1208 3989 classem
1255 3942 1582 4013 conspecta
1628 3941 1741 4005 est,
1767 3931 1947 4010 idque
1997 3931 2134 3991 boni
2185 3949 2497 3991 successus
2527 3950 2707 3993 omen

509 4019 735 4099 accipio
766 4040 782 4080 :
826 4021 933 4081 sed
961 4023 1076 4086 hoc
1119 4028 1432 4090 manifesto
1481 4029 1767 4109 promittit
1812 4028 2142 4108 augurium,
2171 4047 2282 4088 nos
2310 4027 2568 4090 hostium
2598 4048 2707 4089 na-

572 4193 596 4228 ·-
630 4193 769 4245 raa.
788 4200 869 4247 21.
902 4167 1566 4266 Diod.s1c.‡v11.p.5⁷s.
1710 4203 1735 4237 d
1766 4201 1848 4254 Id.
1871 4203 1905 4252 ι.
1928 4203 1963 4253 ι.

574 4279 595 4305 0
631 4269 834 4324 Arrian.
860 4286 902 4324 1.
925 4277 1004 4324 19.
