2978 4933
824 426 941 474 οι..
991 426 1150 476 cxi.
1192 411 1256 474 3.
1337 427 1409 475 Α.
1457 427 1577 474 en.
1625 426 1700 475 N.
1743 410 1892 478 3323.
2328 398 2454 478 157

263 568 367 638 19.
413 564 587 638 Cum
619 572 858 639 deinde
899 575 1196 653 Darium,
1224 572 1623 657 ubicumque
1651 577 1855 651 esset,
1882 590 2227 658 occupare
2253 578 2457 640 statu-

262 676 466 757 isset3
496 675 523 714 ἒ
566 684 644 740 ut
691 694 733 740 a
773 683 954 760 tergo
983 682 1128 742 tuta
1161 677 1577 759 relinqueret,
1609 673 2100 759 Amphoterum
2131 676 2336 741 classi
2366 675 2455 741 ad

257 792 444 842 oram
498 778 983 864 Hellesponti?
1033 772 1271 863 ’eopiis'
1321 783 1548 844 autem
1612 779 1914 862 praefecit
1968 776 2454 863 Hegelochum,
2510 825 2516 832 ·

264 872 551 946 Lesbum
572 888 598 916 ⁶
640 890 708 948 et
738 880 979 948 Chium
1016 889 1082 949 et
1121 885 1267 951 Con
1313 881 1650 967 praesidiis
1696 880 1988 948 hostium
2032 883 2454 949 liberaturos·

262 983 364 1049 20.
409 985 549 1051 His
600 982 896 1053 talenta‘¹
944 987 1029 1052 ad
1079 986 1248 1052 belli
1301 1002 1498 1052 usum
1549 986 1906 1070 quingenta
1953 984 2318 1051 attributa:
2364 990 2454 1056 ad

263 1085 695 1172 Antipatrum
738 1096 805 1155 et
855 1109 999 1169 eos»,
1038 1089 1155 1173 qui
1185 1087 1467 1154 Graecas
1496 1089 1693 1165 urbes
1722 1088 2455 1164 tuebantur,·sexcen‘ta

262 1188 504 1256 missa:
535 1211 626 1256 ex
654 1191 905 1257 foedere
935 1211 1143 1257 naves
1175 1191 1389 1256 sociis
1418 1192 1788 1276 imperatae,
1821 1209 1974 1274 quae
2007 1189 2454 1276 Hellesponto

252 1284 711 1376 praesiderent.
795 1295 907 1362 21.
955 1295 1279 1361 Nondum
1333 1295 1510 1360 enim
1567 1295 1971 1360 Μοιῦῦοῦειιο
2030 1295 2172 1361 vita
2217 1289 2453 1362 erices-

262 1397 426 1459 sisse
478 1402 907 1480 cognoverat,
958 1400 1027 1465 in
1071 1420 1269 1485 quem
1316 1419 1549 1465 omnes
1593 1399 1967 1465 intenderat
1995 1416 2235 1478 curas3
2281 1399 2454 1464 satis

262 1516 517 1580 gnaruS,
564 1508 809 1566 cuncta
853 1504 925 1567 in
970 1496 1291 1589 expedito
1336 1503 1498 1582 fore,
1528 1505 1588 1568 si
1616 1502 1783 1568 nihil
1813 1503 1899 1567 ab
1929 1523 2008 1567 eo
2043 1501 2459 1567 moveretur!

259 1601 358 1666 22.
404 1600 695 1689 Jamque
739 1602 824 1669 ad
852 1606 1085 1671 urbem
1116 1604 1496 1691 Ancyramf
1532 1612 1802 1672 ventum
1833 1612 2002 1685 erat,
2034 1605 2150 1670 ubi
2178 1622 2451 1670 numero

1727 1720 1754 1743 Χ

322 1781 346 1815 ¹⁸
376 1785 525 1834 Prior
542 1787 747 1848 aggredi
767 1789 1062 1840 decrevisset.

320 1845 337 1879 ¹
372 1851 731 1911 Omniafacilia
740 1852 871 1914 fore,
892 1857 1025 1905 ’nodo
1048 1853 1168 1904 nihil
1188 1853 1247 1903 ab
1268 1853 1361 1904 isto
1382 1857 1667 1904 tentaretur.

1174 1997 1531 2018 ΟΟΟΟΟΟΟΟΟ

270 2075 376 2126 Ald.
411 2076 568 2131 Frob.
600 2080 727 2133 Bas.
753 2078 918 2143 Lngd.
942 2088 998 2130 et
1022 2081 1266 2131 enh-19
1299 2079 1507 2131 Darium
1529 2091 1687 2142 regem
1707 2079 1844 2130 Mer.
1867 2078 1989 2129 Ald.
2014 2074 2167 2129 Frob.
2192 2076 2316 2129 Bas.
2341 2068 2458 2131 Col·

236 2150 315 2209 ‘et
335 2142 482 2194 Voss.
507 2148 555 2193 2.
611 2156 771 2207 regem
812 2159 913 2195 non
953 2147 1178 2196 habetur
1216 2145 1267 2194 in
1309 2147 1471 2207 Bong.
1507 2144 1608 2194 Ed.
1648 2160 1726 2209 pr.
1762 2144 1981 2195 Venett.
2013 2152 2068 2194 et
2091 2145 2282 2194 Veron.
2334 2147 2454 2193 esset

267 2205 403 2258 deest
424 2209 475 2257 in
497 2209 616 2261 Pal.
641 2213 691 2258 3.
741 2211 807 2259 ad
828 2212 992 2261 horam
1016 2212 1091 2262 H.
1126 2211 1241 2261 Pal.
1265 2214 1313 2259 3.
1336 2217 1388 2258 et
1411 2210 1580 2273 Bong.
1604 2214 1652 2259 1.
1719 2206 1848 2259 Mox
1878 2209 2025 2259 Leid.
2059 2210 2211 2259 Voss.
2238 2214 2283 2258 1.
2312 2210 2457 2258 Dan.

267 2278 317 2321 et
346 2273 510 2338 Bong.
538 2279 591 2326 2.
623 2275 839 2337 megel,-
887 2276 998 2326 Elz.
1030 2286 1085 2326 et
1119 2277 1284 2326 Amst.
1335 2275 1628 2336 Egelochum
1646 2289 1667 2332 ‚·
1710 2273 1848 2326 Mer.
1884 2275 2007 2324 Bas.
2043 2284 2098 2324 et
2131 2275 2244 2324 Col.
2281 2272 2458 2337 Egele-

263 2349 394 2398 grmu
424 2341 539 2390 Pal.
562 2347 614 2391 2.
650 2340 943 2405 Hegilogum
960 2358 979 2400 ‚-
1012 2341 1129 2392 Pal.
1150 2346 1196 2392 1.
1231 2341 1514 2401 Hegelotum
1531 2356 1551 2398 -‚·
1585 2340 1750 2403 Bong.
1790 2345 1837 2390 1.
1883 2349 1941 2390 et
1972 2341 2132 2390 Voss.
2157 2343 2205 2390 2.
2242 2338 2454 2400 Hegelo-

262 2415 385 2461 gum.
449 2405 599 2456 Leid.
632 2406 852 2472 Canaque
871 2412 920 2456 et
945 2408 1046 2456 Con
1060 2424 1079 2466 ,·
1109 2404 1259 2456 Voss.
1280 2409 1328 2454 1.
1351 2405 1483 2454 Dan.
1508 2404 1644 2455 Pan.
1670 2409 1718 2456 l.
1739 2410 1787 2456 2.
1810 2410 1860 2456 3.
1892 2407 2060 2470 Bong.
2086 2402 2132 2454 1.
2157 2411 2212 2454 et
2230 2403 2383 2453 Voss.
2406 2405 2458 2454 2.

270 2466 521 2535 clauumque
542 2476 591 2522 ee
621 2474 761 2532 Com·
794 2474 908 2523 ΕΚΖ.
930 2479 980 2523 et
1002 2474 1180 2532 Coum3
1212 2472 1347 2521 Mer.
1377 2476 1424 2520 et
1454 2472 1622 2536 chyum
1659 2487 1909 2537 eoumque5
1943 2472 2097 2522 Frob.
2118 2472 2240 2523 Bas.
2263 2476 2317 2520 et
2340 2470 2456 2521 Col.

271 2533 524 2599 Coumque,·
558 2537 729 2600 Lugd.
747 2546 804 2587 et
830 2539 994 2588 Amst.
1014 2532 1155 2588 Lesb.
1184 2537 1358 2586 Chium
1377 2542 1425 2585 et
1448 2538 1570 2588 Ccm.
1635 2538 1773 2590 Dan.
1802 2538 2042 2602 proesidiis
2071 2538 2254 2596 istium,
2277 2549 2456 2599 super-

269 2599 451 2663 scripto
474 2608 653 2653 ο.-20
675 2604 807 2653 Mer.
829 2601 966 2653 Pall.
988 2609 1036 2653 1.
1058 2608 1107 2652 2.
1131 2603 1193 2654 Β.
1220 2607 1264 2653 1.
1300 2602 1501 2659 tribuit,-
1535 2602 1686 2652 Voss.
1708 2607 1759 2653 2.
1792 2602 2033 2653 attribuit.
2103 2604 2239 2650 Dan.
2264 2600 2381 2649 Pal.
2404 2604 2456 2650 2.

266 2661 401 2715 Voss.
420 2670 466 2715 2.
486 2667 605 2718 DC.
622 2670 794 2719 missas
813 2672 929 2731 exf.
944 2669 1105 2718 naveis
1119 2683 1213 2718 soc.
1232 2669 1346 2732 imp.
1366 2683 1468 2732 (μισ.)
1480 2683 1502 2725 ,·
1518 2667 1709 2717 Fanch.
1723 2683 1850 2718 sexc.
1867 2667 2036 2717 missas
2053 2682 2114 2715 ex
2123 2666 2172 2727 f.
2185 2682 2235 2715 n.
2252 2666 2455 2728 imperat

264 2741 396 2791 τίμια
426 2731 595 2796 Bong.
619 2738 670 2783 2.
708 2742 765 2783 et
800 2735 950 2784 Voss.
976 2738 1025 2784 1.
1058 2734 1259 2795 imperat
1300 2747 1464 2797 oeque3
1497 2733 1663 2795 Bong.
1691 2737 1738 2782 1.
1761 2733 1878 2783 DC.
1913 2731 2084 2781 missas
2113 2748 2174 2781 ex
2194 2731 2246 2790 s.
2277 2746 2329 2780 n.
2359 2743 2456 2779 soc.

270 2793 496 2856 imperata·
518 2813 658 2862 quoe3
691 2800 813 2849 Bas,
837 2808 891 2849 et
915 2800 1028 2849 Col.
1061 2800 1215 2848 missoe
1253 2813 1315 2848 ex
1333 2800 1547 2859 foedere:
1579 2812 1719 2848 nat-es
1753 2798 1896 2848 sociis
1924 2797 2273 2861 imperat.—2l
2312 2794 2456 2843 Nun-

269 2859 369 2908 dum
404 2861 527 2911 enim
565 2866 853 2913 Memnonem
885 2865 1028 2916 Pith.
1099 2865 1341 2913 Nenonem
1379 2864 1573 2913 Fauch.
1601 2863 1865 2913 intenderet
1898 2863 2034 2913 Dan.
2076 2861 2193 2913 Pal.
2224 2865 2271 2910 1.
2307 2863 2358 2909 2.
2397 2866 2455 2909 et

269 2922 403 2975 Voss.
429 2932 473 2977 1.
504 2928 777 2979 intenderat
801 2930 916 2979 Pal.
940 2935 987 2980 3.
1021 2928 1111 2979 sed
1136 2928 1359 2979 subditis
1384 2929 1591 2991 punctis
1615 2929 1778 2978 literis
1799 2929 1868 2978 in.
1941 2929 2110 3004 Bong.
2134 2931 2183 2976 1.
2214 2925 2455 2994 ,expedita-

271 2993 388 3039 —22
419 2992 585 3057 Bong.
620 2998 668 3045 1.
716 2989 958 3060 Ancyram
998 2999 1238 3045 venerant.
1308 2994 1422 3045 Pal.
1460 2999 1507 3044 1.
1544 2992 1923 3058 Paphagoniam.
1990 2992 2141 3043 Lerd.
2166 3005 2262 3058 pro
2287 2990 2457 3051 Eucti,

1241 3115 1462 3166 NOTAE

322 3210 345 3244 ¹²
374 3212 692 3279 Hellesponti]
739 3214 1133 3278 Hellespontus,
1157 3213 1312 3264 hodie
1389 3211 1592 3263 fecerat
1619 3230 1635 3277 3
1677 3214 1770 3264 sed
1819 3229 1851 3265 a
1893 3213 2174 3263 Memnone
2225 3217 2454 3282 receptae

268 3286 445 3341 fretum
485 3292 735 3356 Gallipoli,
767 3292 999 3356 AEgaeum
1022 3306 1162 3341 mare
1182 3291 1311 3341 Pro·
1391 3291 1746 3356 praesidiisque
1767 3290 1988 3341 firmatae
2007 3289 2237 3339 fuerant.

269 3368 451 3427 pontidi
472 3370 821 3433 committens,
851 3368 1026 3419 Asiam
1060 3368 1127 3418 ab
1149 3370 1310 3418 Euro·
1453 3368 1477 3402 ‘¹
1517 3369 1736 3433 Talenta]
1788 3369 1871 3418 De
1909 3368 2104 3416 talento
2143 3363 2356 3418 inferius
2387 3363 2454 3413 ad

270 3454 332 3503 pa
349 3444 556 3508 dirimit,
570 3461 673 3512 qua
689 3445 1078 3510 angustissimus
1102 3452 1181 3495 est
1192 3446 1309 3495 Ses-
1390 3454 1553 3512 caput
1573 3449 1806 3497 ultimum
1831 3446 1981 3510 hujus
2001 3444 2138 3495 libri.

272 3526 350 3568 ton
375 3528 429 3571 et
455 3521 717 3587 Abydum,
745 3530 948 3588 septem
979 3528 1184 3586 octove,
1206 3538 1309 3572 non
1455 3530 1477 3557 e
1510 3523 1791 3587 Memnona]
1825 3524 2071 3572 Memnon
2109 3519 2355 3578 Rhodius,
2385 3516 2454 3566 ob

274 3599 497 3662 amplius,
517 3602 799 3652 stadiorum
832 3600 1122 3651 intervallo.
1188 3601 1309 3650 Dic·
1390 3602 1643 3666 insignem
1669 3600 1748 3651 rei
1772 3599 2009 3650 militaris
2027 3596 2285 3662 peritiam,
2304 3594 2453 3657 hujus

275 3681 347 3723 tus
366 3676 426 3727 ab
443 3678 597 3729 Helle
616 3678 810 3744 Phryxi
828 3693 1006 3728 sorore
1026 3678 1078 3726 in
1097 3692 1161 3727 eo
1179 3691 1310 3727 snm·
1390 3678 1516 3729 belli
1551 3692 1797 3728 summam
1834 3693 1864 3726 a
1898 3674 2062 3725 Dario
2093 3669 2454 3722 administrare

275 3764 442 3804 mersa.
502 3755 587 3805 Ab
621 3755 737 3820 ipso
760 3762 934 3804 autem
955 3754 1126 3804 vicina
1147 3756 1310 3817 regio,
1378 3753 1579 3819 jussus,
1625 3759 1972 3803 trecentarum
2024 3747 2231 3797 navium
2285 3745 2453 3795 classe

273 3840 367 3890 qua
404 3831 622 3883 maxime
665 3831 1043 3895 Propontidem
1085 3839 1312 3896 spectat,
1392 3835 1713 3894 comparata,
1737 3825 1920 3888 Lesbo,
1942 3825 2157 3886 Chio,et
2179 3822 2255 3899 Co
2274 3835 2452 3886 recep·

275 3902 630 3971 Hellespontus
653 3923 855 3973 quoque
877 3908 1159 3973 appellata.
1394 3906 1480 3967 tis,
1502 3904 1623 3954 dum
1655 3897 1875 3952 maxime
1911 3902 2101 3951 bellum
2133 3900 2182 3948 in
2208 3897 2456 3949 Macedo·

333 3989 352 4014 ‘²
375 3983 600 4049 Lesbum]
635 3985 848 4048 Lesbos,
871 3984 1022 4035 bodie
1045 3983 1275 4034 ,Metelino
1292 3998 1312 4042 ,⁰
1390 3981 1528 4030 niam
1552 3976 1831 4030 transferre
1866 3975 2035 4043 parat,
2069 3973 2252 4025 morbo
2286 3973 2457 4024 extin-

278 4054 435 4119 Chios,
456 4062 603 4111 bodie
626 4062 767 4120 Sca»,-
791 4062 909 4119 Cos‚
931 4061 1085 4110 hodie
1106 4060 1311 4122 Lango,·
1393 4058 1567 4123 guitur
1585 4076 1599 4119 ;
1622 4072 1740 4107 cum
1760 4070 1925 4123 eoque
1944 4056 2222 4105 Persarum
2244 4051 2455 4102 fortuna

276 4133 583 4189 nobilissimae
622 4148 728 4190 tres
761 4139 923 4203 AEgaei
947 4137 1102 4187 maris
1124 4137 1305 4186 insulae
1393 4134 1645 4186 concidit.
1985 4128 1988 4131 ⁴

282 4208 339 4256 ad
370 4226 504 4264 oram
537 4216 688 4266 Asiae.
757 4216 858 4266 Eas
879 4214 1177 4265 Alexander
1198 4220 1315 4277 post
1460 4211 1479 4247 f
1505 4211 1769 4277 Ancyram]
1803 4210 2031 4275 Ancyra,
2051 4208 2204 4258 hodie
2226 4206 2457 4269 flagrari:
2540 4226 2546 4231 ·

283 4285 528 4341 victoriam
564 4293 626 4343 ad
662 4294 941 4344 Granicum
975 4291 1184 4343 ditionis
1208 4305 1313 4341 suae
1397 4289 1520 4341 urbs
1564 4290 1618 4340 in
1663 4304 1726 4339 ea
1769 4289 1977 4354 Magnae
2019 4283 2264 4348 Phrygiae
2307 4288 2453 4346 parte
