2978 4933
478 281 565 344 66
1270 292 1327 340 J.
1381 290 1881 340 rnnmsnnmn

481 440 794 520 diligenter
842 440 993 499 inter
1032 457 1095 498 se
1133 438 1461 518 composita
1503 437 1768 517 proxime
1816 434 1892 495 ad
1944 453 2138 495 rerum
2172 444 2471 516 gestarum
2501 435 2677 496 fldem

478 539 831 600 videbantur
889 535 1194 597 accedere.
1278 538 1338 597 6.
1399 534 1577 606 Quod
1634 535 1811 596 etiam
1870 544 2010 614 post
2065 546 2305 595 aetatem
2361 533 2683 594 Alexandri

483 637 628 698 alios
659 636 1003 696 Groecorum
1030 646 1270 695 secutos
1315 633 1506 708 video,
1553 635 1771 716 quibus
1823 633 2025 713 aliqua
2074 633 2194 693 veri
2244 653 2382 693 cura
2426 633 2576 700 fuit;
2621 646 2684 691 et

483 755 672 815 nuper
699 756 773 794 ex
803 733 1005 794 Sicilia
1035 732 1386 794 Diodorum.
1472 733 1627 794 Nam
1675 733 1779 813 qui
1818 753 1900 819 ‚ex
1954 732 2243 791 Romanis
2296 732 2553 790 animum
2602 729 2684 789 ad

487 832 811 893 Historiam
840 832 1272 912 applicuerunt,
1299 832 1338 892 ii
1367 833 1575 913 patriis
1606 832 1781 892 rebus
1810 829 2098 904 contenti,
2126 841 2370 890 externa
2387 828 2688 908 neglectui

483 932 741 991 habuere
762 951 792 1015 :—
817 931 959 1016 quia
986 929 1221 990 victoris
1248 929 1452 1009 populi
1481 939 1654 1010 gesta
1680 928 2173 1011 componentibus
2192 946 2383 1007 neque
2407 925 2686 1006 majestas

482 1049 673 1091 rerum
708 1029 952 1097 deeratz
996 1038 1058 1091 et
1085 1029 1220 1108 plus
1249 1028 1521 1089 utilitatis
1554 1028 1811 1089 allatura
1836 1027 2184 1090 videbantur
2225 1026 2286 1085 in
2335 1023 2546 1086 eadem
2594 1044 2687 1084 re-

482 1129 720 1207 publica
750 1125 1127 1207 degentibus.
1209 1128 1268 1188 7.
1313 1125 1580 1195 Quorum
1621 1125 1884 1187 studium
1931 1135 2000 1189 ut
2043 1123 2223 1186 laude
2273 1123 2690 1205 dignissimum

485 1226 755 1297 arbitror,
784 1225 869 1285 sic
892 1234 1064 1289 ‚extra
1110 1224 1628 1305 reprehensionem
1672 1225 1798 1285 fore
1835 1223 2095 1297 confid0,
2148 1223 2198 1282 si
2247 1223 2465 1283 nostris
2512 1222 2688 1283 etiam

482 1324 818 1383 hominibus
847 1322 1160 1382 ostendam
1205 1343 1340 1384 eum
1387 1343 1610 1403 regem,
1658 1322 1763 1402 qui
1815 1342 1969 1382 unus
2022 1322 2279 1382 omnium
2328 1318 2689 1394 mortalium,

485 1421 640 1483 intra
668 1421 1075 1481 brevissimum
1095 1420 1207 1481 aevi
1236 1420 1518 1503 spatium,
1546 1421 1864 1501 plurimum
1895 1428 2180 1481 terrarum
2234 1418 2581 1499 occupavit:
2636 1421 2692 1480 8.

454 1536 610 1597 ·quo
659 1528 962 1597 appareat,
1011 1536 1132 1578 non
1182 1517 1332 1579 forte
1376 1539 1572 1599 neque
1616 1529 1835 1579 temere
1883 1536 1977 1577 res
2022 1517 2313 1578 humanas
2364 1516 2538 1586 ferri:
2584 1515 2694 1577 sed

486 1614 833 1694 plerumque
862 1614 1158 1675 fortunam
1186 1635 1295 1695 pro
1333 1616 1598 1677 moribus
1623 1635 1641 1685 ς
1686 1635 1882 1694 neque
1910 1614 2249 1675 diuturnam
2280 1635 2414 1677 esse
2443 1614 2698 1676 felicita·

487 1725 629 1785 tem,
684 1732 819 1791 quse
873 1712 1087 1774 virtute
1142 1713 1521 1775 destituatur.
1607 1716 1667 1777 9.
1727 1713 1916 1795 Igitur
1957 1711 2362 1774 Alexandrum
2418 1714 2697 1776 omnibus

489 1810 710 1889 ingenii
767 1811 1135 1890 fortunaeque
1182 1811 1422 1872 dotibus
1472 1811 1711 1873 abunde
1765 1820 2003 1872 auctum
2060 1821 2451 1892 ornatumque
2505 1811 2700 1872 fuisse

488 1907 809 1987 comperi0,
837 1907 1050 1988 quibus
1081 1907 1321 1969 fatalem
1351 1919 1537 1976 tantae
1565 1907 1854 1990 potentiae
1883 1908 2067 1968 virum
2108 1911 2419 1989 oportebat
2462 1908 2698 1970 instrui.

493 2005 700 2066 Genus
721 2007 794 2066 ab
829 2004 1084 2066 Hercule
1111 2008 1460 2088 repetebant
1487 2005 1892 2068 Macedonum
1921 2024 2094 2086 reges
2110 2019 2155 2075 ;‹1
2178 2006 2492 2088 Olympias
2515 2006 2700 2067 Alex-

493 2103 660 2162 andri
691 2116 878 2164 mater
902 2102 1074 2163 initia
1114 2123 1242 2164 suae
1281 2104 1476 2184 gentis
1525 2102 1602 2163 ad
1644 2102 1934 2164 Achillem
1962 2103 2266 2164 referebat.
2360 2105 2454 2162 10.
2498 2102 2701 2165 Puero

492 2221 687 2283 neque
719 2202 1107 2262 incitamenta
1132 2201 1521 2282 exemplaque
1549 2200 1775 2280 gloriae,
1805 2220 1997 2280 neque
2026 2199 2255 2260 virtutis
2284 2199 2569 2279 magister
2599 2210 2705 2261 aut

493 2298 834 2359 exercitatio
876 2299 1156 2360 deerant:
1201 2299 1421 2379 quippe
1474 2295 1787 2379 Philippus
1835 2309 2003 2379 pater
2030 2298 2326 2358 continuis
2355 2297 2527 2375 bellis
2559 2317 2708 2358 con·

492 2406 736 2457 temtam
765 2406 902 2456 ante
928 2394 1332 2457 Macedonum
1380 2407 1621 2478 gentem
1657 2397 1888 2471 extulit,
1940 2407 2002 2457 et
2054 2405 2265 2456 coacta
2312 2395 2371 2454 in
2423 2394 2702 2456 ordinem

494 2494 751 2566 Graecia,
778 2496 1011 2555 cunctis
1028 2494 1463 2555 «formidabilem
1493 2495 1654 2558 fecit.
1724 2497 1831 2573 „11.
1877 2494 2151 2575 Denique
2180 2513 2299 2555 non
2331 2493 2525 2554 solum
2556 2499 2710 2576 ope·-

492 2613 618 2653 rum
650 2602 787 2672 post
813 2612 879 2653 se
908 2603 1208 2673 gestorum
1235 2589 1626 2656 fundamenta
1664 2594 1895 2676 posuit:
1939 2613 2143 2653 verum
2192 2592 2371 2652 etiam
2421 2612 2558 2654 cum
2594 2593 2703 2653 de-

492 2690 752 2763 cederet,
797 2685 1039 2751 Persico
1085 2689 1242 2752 bello
1291 2675 1578 2766 intentuS,
1631 2691 1901 2754 delectus
1950 2690 2257 2765 habuerat,
2312 2700 2705 2764 commeatus,

492 2788 826 2867 pecuniam,
855 2788 1177 2850 exercitum
1198 2802 1542 2869 paraveratz
1588 2802 1649 2853 et
1674 2790 2083 2853 Parmenionis
2125 2808 2304 2871 opera
2326 2788 2457 2869 jam
2488 2787 2704 2849 Asiam

497 2896 854 2963 aperuerat-e
939 2889 1035 2946 12,
1078 2885 1197 2947 Sed
1225 2887 1285 2948 in
1313 2908 1385 2949 eo
1413 2909 1603 2951 rerum
1637 2898 1936 2972 momento
1986 2885 2317 2947 subductus
2364 2898 2479 2960 est,
2527 2897 2601 2946 ut
2644 2900 2706 2947 et

498 2983 754 3048 maxima
780 2980 1022 3062 gerendi
1053 2979 1192 3043 belli
1223 2986 1659 3060 subsidiafilio,
1689 2994 1752 3046 et
1776 2986 2014 3068 plenam
2046 2983 2199 3065 gesti
2230 2984 2476 3063 gloriam
2520 2984 2705 3045 relin-

471 3091 743 3165 gueret:
789 3080 1048 3161 quadam
1077 3081 1330 3143 fortunae
1360 3084 1671 3156 industria,
1700 3104 1874 3163 quam
1905 3102 2063 3143 unus
2086 3082 2181 3142 hic
2209 3089 2495 3162 perpetuo
2524 3083 2707 3144 obse-

498 3189 779 3259 quentem
814 3176 959 3239 sibi,
981 3173 1233 3242 habuit!
1314 3182 1408 3242 13.
1475 3180 1662 3261 Cujus
1689 3180 2081 3240 ‘admiratione
2098 3200 2229 3240 non
2258 3190 2469 3259 postea
2496 3176 2706 3253 modo,

499 3276 605 3340 sed
629 3277 827 3337 statim
856 3278 932 3337 ab
959 3264 1483 3339 initiofduhivatmn
1508 3288 1621 3352 est,
1642 3277 1944 3337 rectiusne
1966 3276 2138 3349 foret,
2155 3296 2274 3353 non
2293 3296 2399 3355 per
2420 3271 2706 3337 Μαι

500 3390 605 3456 aut
653 3373 1153 3448 Herculem,.sed
1202 3378 1277 3436 ab
1320 3376 1450 3455 ipso
1493 3376 1763 3456 protinus
1809 3375 1980 3446 Jove,
2023 3384 2191 3435 tanto
2227 3370 2454 3436 homini
2479 3371 2704 3433 divinoe

500 3474 698 3553 stirpis
754 3472 1037 3553 originem
1091 3492 1374 3534 asserere.
1466 3476 1563 3532 14.
1620 3473 1757 3553 Ipse
1806 3471 2069 3552 quidem,
2119 3489 2254 3530 cum
2301 3465 2702 3531 Hammonem

502 3571 790 3651 Lybicum.
811 3571 1022 3644 adiret,
1063 3570 1192 3651 ejus
1221 3572 1405 3632 filiurn
1434 3590 1499 3631 se
1526 3569 1810 3651 appellari
1839 3569 2045 3642 voluit,
2086 3578 2156 3628 ut
2202 3576 2456 3647 posteass
2498 3567 2720 3633 trader.

494 3688 653 3732 mus.
737 3670 1016 3731 Ceterum
1060 3676 1077 3706 ‘
1102 3667 1465 3732 draconem¹¹
1508 3669 1568 3728 in
1617 3667 1797 3730 cubili
1840 3666 2044 3727 matris
2091 3663 2226 3745 ejun-
2264 3665 2478 3737 visum,
2521 3684 2701 3745 quem

567 3869 590 3903 ό
624 3871 770 3923 Plut.
793 3872 943 3923 Alex.
978 3888 1028 3936 p.
1047 3877 1165 3926 665.
1197 3872 1282 3924 ed.
1317 3869 1559 3924 Francos.
1705 3867 1727 3901 ¹
1753 3867 1901 3918 Idem
1920 3879 1981 3917 x.
2003 3863 2056 3917 5,
2072 3869 2154 3918 85.

503 3950 653 4006 1599.
685 3948 903 3999 Diodor.
928 3948 1042 3998 Sic.
1077 3963 1215 4008 xvn,
1242 3956 1288 4000 l.
1352 3948 1559 4000 Art-ian.
1700 3954 1727 3993 8
1748 3945 1895 3995 Idem
1920 3957 1998 3994 ιν.
2019 3946 2068 3993 7.
2085 3947 2165 3993 30.

501 4036 587 4071 m.
611 4027 659 4072 3.
682 4024 910 4074 Pausan.
946 4024 1114 4075 Attic.
1147 4039 1187 4075 1.
1252 4026 1438 4075 Vellei.
1459 4026 1557 4074 Pa·
1700 4020 1724 4056 ¹¹
1748 4020 1956 4071 Luciam.
1981 4018 2312 4069 Diatsmort.
2334 4022 2459 4067 xm.
2479 4016 2624 4068 Plut.
2644 4030 2698 4081 p.

502 4106 633 4156 tere.
658 4113 695 4148 1.
715 4103 768 4149 6.
1306 4103 1311 4106 ’
1636 4103 1755 4148 665.
1787 4095 1929 4149 Just.
1955 4109 2034 4147 xl.
2060 4100 2142 4146 ll.
2166 4102 2221 4145 et
2247 4108 2352 4145 ιιι.
2373 4097 2454 4144 16.

564 4183 591 4208 ε
617 4178 760 4226 curt.
787 4189 886 4227 vn.
912 4180 956 4227 l.
975 4180 1026 4226 3.
