2978 4933
2363 367 2493 434 155

290 536 411 608 ret,
441 529 564 594 sed
587 546 828 612 magna
853 547 945 594 ex
970 532 1160 614 parte
1183 528 1469 612 cingitur
1497 527 1836 608 fluctibuS,
1868 526 2163 612 speciem
2184 534 2211 563 v
2254 529 2491 597 insulae

175 667 201 679 -
289 631 585 714 praebet3
614 649 696 696 ac
713 629 850 695 nisi
872 636 1072 694 tenue
1102 628 1455 696 discrimen
1480 631 1835 716 objiceret,
1864 629 2100 711 maria,
2133 651 2490 714 qnae.nunc

289 733 557 811 dividit,
609 732 1104 799 committeret!
1188 734 1299 800 14.
1342 733 1754 811 Alexander,
1784 735 1953 800 urbe
1978 735 2045 798 in
2072 753 2264 799 suam
2293 735 2494 801 ditio-

287 855 447 901 nem
492 835 789 914 redacta,
819 835 862 901 J
866 836 1015 900 ovis
1044 837 1370 927 templum
1398 837 1620 903 intrat.
1707 836 2131 915 Vehiculum,
2162 857 2300 922 quo
2323 837 2496 904 Gor-

223 962 225 965 ·
290 939 482 1004 dium
500 946 540 974 W
588 937 803 1003 Midae
829 944 1087 1023 patrem
1106 944 1372 1004 vectum
1400 958 1547 1005 esse
1576 940 1954 1017 constabat,
1984 941 2278 1024 aspexit,
2307 941 2496 1006 cultu

283 1041 465 1107 haud
525 1060 688 1107 sane
739 1060 783 1105 a
825 1041 1176 1107 vilioribus
1220 1043 1656 1128 vulgatisque
1704 1062 1837 1108 usu
1882 1041 2298 1108 abhorrenS.⁸
2387 1045 2495 1109 15.

285 1143 620 1215 Notabile
643 1147 788 1208 erat
804 1142 1040 1227 jugum
1069 1144 1423 1211 astrictum
1461 1145 1928 1230 compluribus
1960 1144 2156 1209 nodis
2187 1144 2257 1207 in
2282 1152 2497 1211 semet

280 1247 482 1331 ipsos
516 1245 880 1329 implicatis
928 1249 998 1310 et
1043 1246 1422 1313 celantibus
1468 1267 1713 1313 nexus.
1803 1247 1912 1312 16.
1959 1246 2220 1312 Incolis
2252 1245 2497 1312 deinde

284 1347 790 1427 affirmantibuS,
809 1354 815 1359 ”
835 1351 856 1382 ‘
874 1348 1123 1413 editam
1167 1367 1319 1414 esse
1348 1350 1622 1416 oraculo
1654 1355 1926 1427 sortem,
1946 1347 2151 1414 Asiae
2169 1356 2196 1384 ¹
2239 1349 2495 1433 potitu-

771 450 772 453 ,
819 368 824 371 ’
861 380 979 431 ot..
1019 381 1183 431 cxl.
1227 365 1294 433 3.
1367 381 1447 432 A.
1492 380 1616 432 cn.
1662 365 1930 444 masa.

341 1454 382 1532 r
418 1490 537 1539 Nisi
558 1456 696 1540 breve
716 1495 955 1540 terraram
974 1490 1183 1553 spatium
1204 1491 1543 1557 interponeret.

350 1552 378 1587 ¹⁴
411 1556 592 1606 Forma
613 1561 661 1605 et
684 1561 963 1605 ornatum
984 1557 1256 1621 discrepans
1276 1574 1308 1608 a
1326 1560 1605 1623 vulgaribus
1620 1558 1864 1624 plaustris.

1213 1664 1239 1686 Ὀ
1245 1664 1509 1687 00000ooe0
1515 1669 1573 1689 00

279 1732 562 1786 diewimen.
630 1734 769 1785 Dan.
790 1733 960 1784 Palat.
988 1740 1035 1785 1.
1061 1733 1208 1784 Leid.
1249 1739 1306 1784 et
1335 1735 1488 1786 Voss.
1519 1736 1753 1796 obiceret,-
1784 1738 2007 1788 Theocr.
2027 1734 2325 1799 objiceretur.
2391 1739 2494 1789 Pa·

282 1804 408 1852 latt.
433 1805 482 1850 1.
504 1804 556 1851 2.
581 1813 682 1849 non
707 1799 898 1849 habent
921 1800 1108 1857 marim
1141 1800 1316 1863 Bong.
1335 1799 1483 1851 Leid.
1508 1808 1563 1851 et
1584 1804 1735 1853 Voss.
1758 1807 1804 1852 1.
1824 1808 1876 1853 2.
1913 1816 2018 1867 ‹1¹1oe
2044 1818 2169 1852 nuno
2189 1804 2286 1852 div.
2308 1805 2463 1854 nutrio
2476 1818 2497 1863 ‚·

282 1868 492 1917 Palatt.
519 1869 567 1914 1.
593 1869 643 1914 2.
676 1865 1058 1915 divideret.—-l4
1094 1866 1263 1926 Bong.
1298 1865 1352 1913 in
1371 1863 1635 1924 dicionemf
1665 1868 1861 1918 Palatt.
1888 1873 1932 1918 1.
1955 1873 2005 1917 2.
2029 1872 2078 1918 3.
2111 1875 2166 1918 et
2188 1869 2355 1933 Bong.
2375 1873 2423 1919 2.
2443 1871 2499 1919 in

281 1932 550 1989 ditionem5
585 1929 732 1980 Leid.
758 1937 817 1979 et
835 1931 989 1979 Voss.
1007 1933 1057 1979 2.
1080 1930 1133 1978 in
1153 1931 1381 1979 ditionem
1400 1945 1553 1982 suam·
1606 1932 1749 1981 Pith.
1773 1948 1874 1982 non
1900 1933 2134 1998 agnoscit
2154 1935 2310 1985 Jovis.
2346 1930 2500 1986 Leid-

281 2000 419 2047 intra
439 2013 459 2055 ,-
495 1997 665 2057 Bong.
688 1995 890 2044 intrans.
957 1994 1207 2044 Nonnulli
1232 1993 1385 2044 codd.
1409 2009 1508 2058 pro
1537 1995 1811 2047 Vehiculum
1832 1999 2080 2048 exhibent
2102 2014 2307 2048 currum.
2349 1998 2499 2048 Leid.

282 2063 442 2113 Voss.
466 2067 512 2111 1.
536 2068 591 2109 et
612 2061 751 2109 Dan.
794 2059 1037 2108 Cordium.
1095 2060 1232 2109 Mer.
1274 2060 1396 2109 Bas.
1440 2067 1497 2109 et
1533 2062 1648 2112 Col.
1685 2065 1933 2112 omittunt
1956 2061 2014 2111 τὸ
2034 2064 2205 2113 Mida».
2273 2064 2422 2113 Voss.
2480 2097 2496 2113 .

281 2130 475 2185 cultum
510 2125 628 2175 Pal.
649 2129 700 2174 8.
733 2125 865 2173 cultu
884 2124 1087 2186 aspexit.
1117 2122 1125 2131 “
1155 2123 1253 2174 Ed.
1277 2138 1359 2188 pr.
1382 2125 1605 2175 Venett.
1630 2127 1848 2177 Mediol.
1872 2130 2064 2178 Veron.
2089 2137 2143 2178 et
2169 2130 2305 2178 Mer.
2329 2129 2411 2176 vu!
2476 2154 2497 2168 -

282 2193 443 2257 tisque
474 2191 672 2248 usibus3
704 2187 828 2239 Ald.
860 2189 1156 2252 vulgatisque
1194 2188 1445 2249 cuv-ribam,-
1494 2191 1665 2256 Bong.
1699 2193 1997 2256 vulgatisque
2032 2193 2276 2242 cur-rubus.
2342 2194 2500 2242 Eras-

281 2258 401 2308 r'nus
436 2255 618 2306 malit:
653 2253 951 2316 vulgatisque
970 2255 1109 2313 visin
1146 2254 1385 2318 Rntgers.
1410 2256 1688 2320 vulgatique
1708 2273 1849 2317 usus3
1885 2258 2162 2308 Heinsius:
2195 2259 2500 2320 vulgarisque

284 2326 553 2373 asum—15
586 2321 740 2368 Voss.
773 2323 823 2369 2.
866 2319 1083 2367 Theocr.
1132 2318 1233 2368 Ed.
1274 2333 1352 2381 pr.
1389 2320 1604 2372 Venett.
1640 2323 1857 2373 Mediol.
1894 2324 2086 2373 Veron.
2130 2323 2252 2371 Bas.
2287 2327 2344 2370 et
2383 2322 2500 2372 Col.

284 2387 569 2442 vinculum,-
603 2385 689 2434 alii
727 2382 934 2445 jugum:
986 2383 1125 2432 unde
1157 2382 1448 2434 Schefferus
1482 2386 1642 2448 legit:
1702 2388 1928 2438 Notabile
1959 2393 2062 2438 erat
2082 2387 2201 2449 jugi
2232 2385 2501 2437 viandum.-

284 2453 503 2503 Arrian.
528 2464 587 2500 11.
612 2452 663 2500 3.
700 2448 788 2499 τοῦ
824 2445 975 2512 ζυγοῦ
1005 2449 1094 2508 τῆς
1120 2446 1296 2512 ἁμάξης
1315 2447 1404 2500 τὸν
1422 2451 1596 2513 δεσμὸν
1616 2452 1762 2503 dicit.
1831 2453 1949 2504 Pal.
1972 2457 2020 2503 1.
2044 2462 2097 2502 et
2121 2453 2287 2517 Bong.
2312 2455 2361 2503 1.
2391 2468 2500 2503 cum

280 2519 507 2583 pluribus
548 2515 836 2566 nodis—16
879 2515 1019 2564 Dan.
1075 2516 1273 2565 reditum
1312 2531 1413 2567 esse
1427 2534 1447 2575 ,·
1505 2519 1674 2582 Boug.
1730 2518 1881 2570 Leid.
1924 2525 1981 2569 et
2034 2519 2186 2569 Voss.
2222 2523 2269 2568 1.
2319 2517 2498 2569 editum

1281 2615 1497 2668 NOTAE

280 2712 548 2765 Strabone
573 2719 727 2779 teste,
751 2713 852 2763 tria
874 2713 1158 2764 stadiorum
1192 2714 1353 2767 millia

281 2793 724 2856 complectuntur,
762 2791 861 2841 hoc
892 2800 993 2854 est,
1018 2799 1256 2843 trecenta
1296 2802 1354 2844 et

283 2869 626 2933 septuaginta
647 2867 874 2933 quinque
901 2868 1157 2919 milliaria.

301 2963 309 2976 ⁴
343 2955 369 2980 v
405 2944 653 3011 Speciem]
719 2945 924 3009 Nempe
970 2945 1157 2995 Cilicio
1201 2947 1353 2996 Pam·

282 3024 573 3089 phylioque
617 3022 744 3071 mari
789 3021 854 3071 ad
905 3022 1214 3085 Meridiem;
1284 3025 1353 3073 ad

1434 2716 1510 2769 cis
1533 2719 1732 2786 accipe.
1799 2716 2200 2775 consulentibus
2230 2715 2498 2766 oraculum

1436 2796 1735 2860 Phrygibus
1754 2796 1821 2847 de
1844 2795 2073 2846 remedio
2090 2793 2498 2858 comprimendas

1434 2873 1601 2924 civilis
1620 2874 1915 2937 discordiae,
1932 2887 2237 2938 responsum
2251 2879 2337 2923 est
2351 2871 2499 2934 Rege

1434 2964 1565 3013 opus
1603 2964 1749 3011 esse;
1783 2965 1899 2999 eum
1935 2952 2188 3015 legerent,
2209 2962 2362 3013 quem
2395 2946 2501 3010 pri·

1433 3040 1570 3074 mum
1607 3025 1728 3075 inde
1769 3026 1964 3089 egressi
2001 3027 2234 3092 plaustro
2269 3022 2496 3073 insiden-

286 3101 554 3161 Occasum
595 3100 788 3162 AEgaeo,
824 3098 1187 3164 Hellesponto,
1222 3101 1353 3149 Pro-

283 3179 530 3243 pontide,
552 3178 819 3239 Bosphoro
839 3176 1099 3237 Thu-anim
1133 3176 1198 3225 ad
1223 3177 1353 3239 Sep·

221 3258 230 3265 ‘
286 3257 626 3308 temtrionem
664 3255 836 3304 Ponto
872 3252 1077 3302 Euxino
1113 3254 1352 3316 alluitur3

287 3334 352 3385 ad
376 3334 576 3385 Ortum
612 3329 896 3381 continenti
937 3328 1175 3378 adhaeret
1206 3329 1351 3378 nobi·

284 3412 478 3461 lissima
512 3407 810 3473 peninsula3
850 3422 1005 3471 quam
1039 3407 1351 3470 posteriores

286 3494 301 3521 ‘
320 3491 588 3543 Natoliam
605 3487 619 3508 ’
651 3487 917 3546 dixerunt,
938 3487 1084 3550 quasi
1115 3487 1132 3514 ‘
1153 3486 1352 3536 Anato-

286 3571 446 3632 liam‚'
467 3566 608 3633 quod
648 3564 850 3616 Graecis
876 3563 941 3612 ad
966 3563 1239 3613 Orientem
1262 3565 1353 3614 ob·

290 3662 434 3697 versa
453 3645 543 3695 sit.
611 3644 710 3691 Est
730 3641 867 3690 enim
904 3637 1133 3701 ἀνατολὴ,
1160 3639 1351 3691 Oriens.

1438 3110 1541 3151 tem
1565 3101 1773 3151 obvium
1792 3102 2112 3152 habuissent.
2169 3099 2496 3150 Exeuntibus

1435 3179 1666 3229 occurrit
1706 3179 1931 3229 Gordius
1956 3180 2124 3230 tenuis
2147 3177 2372 3227 fortunae
2405 3176 2501 3226 ho-

1433 3270 1537 3312 mo,
1560 3270 1677 3305 cum
1702 3257 1920 3321 conjuge
1942 3256 2153 3321 filioque
2177 3255 2322 3304 Mida
2354 3255 2502 3318 plau-

1435 3338 1544 3381 stro
1568 3332 1807 3382 invectus
1825 3347 1841 3381 ι
1876 3332 2014 3381 hunc
2034 3332 2281 3381 contiuuo
2301 3330 2500 3394 Regem

1434 3408 1686 3468 salutant,
1723 3415 1779 3458 et
1805 3408 1857 3457 in
1877 3408 2027 3459 Jovis
2051 3406 2302 3471 templum
2339 3406 2500 3457 dedu·

1435 3491 1578 3544 cunt,
1617 3483 1705 3533 ubi
1748 3498 1952 3533 currum
1991 3483 2352 3547 inexplicabili
2390 3483 2500 3533 vin-

1433 3562 1553 3611 culo
1585 3561 1840 3623 insignem
1880 3561 1994 3610 Deo
2033 3561 2277 3624 sacravit,
2301 3573 2500 3609 memor

1434 3638 1658 3702 aquilam
1680 3637 1830 3688 Jovis
1855 3638 2115 3687 volucrem
2149 3638 2272 3686 olim
2305 3637 2501 3686 arantis

290 3723 537 3772 Ceterum
575 3716 675 3766 etsi
718 3722 1017 3778 comparata
1062 3729 1181 3764 cum
1225 3713 1354 3764 Asia
1421 3713 1554 3777 jugo
1576 3713 1907 3773 constitisse3
1940 3727 2041 3777 quo
2081 3713 2230 3775 signo
2264 3711 2498 3762 futurum

290 3800 499 3863 Majore
532 3794 637 3844 dici
672 3793 850 3842 Minor
889 3790 1016 3841 Asia
1057 3792 1239 3856 possit,
1274 3800 1354 3841 ta·

294 3889 411 3924 men
431 3874 532 3924 hoe
549 3864 691 3921 Asiae
713 3868 935 3917 Minoris
967 3869 1172 3917 nomine
1209 3877 1355 3919 vete-

295 3965 374 3999 res
410 3964 529 4000 eam
567 3946 676 4010 ejus
716 3952 918 4008 partem
958 3944 1167 4007 proprie
1201 3959 1353 3994 voca-

297 4037 437 4089 runt,
481 4041 600 4093 quse
631 4023 883 4087 Phrygia,
923 4023 1112 4087 Mysia,
1167 4023 1353 4088 Lydia,

297 4104 518 4164 AEolide,
540 4100 709 4156 Ionia,
748 4098 921 4162 Caria,
954 4097 1154 4148 Doride
1188 4100 1355 4150 conti·

298 4182 535 4232 uebatur.

363 4265 395 4292 v
433 4250 693 4315 Gordium]
728 4249 913 4302 Gordii
936 4248 1201 4301 historiam
1226 4265 1352 4317 pau-

1433 3785 1533 3838 s'ibi
1562 3803 1774 3852 regnum
1812 3788 2074 3852 portendi,
2108 3805 2139 3838 a
2174 3790 2347 3853 puella
2379 3791 2498 3841 Tel-

1436 3866 1674 3915 missensi
1697 3866 1931 3928 edoctus,
1951 3866 2092 3915 illam
2117 3881 2329 3917 uxorem
2349 3884 2500 3919 acce-

1438 3951 1604 4005 perat.
1671 3941 1923 3992 Arrianus
1952 3949 2127 3993 tamen
2150 3959 2255 3993 non
2278 3944 2499 4008 Gordio,

1438 4020 1531 4070 sed
1558 4020 1740 4082 Mfflae,
1782 4035 1994 4086 regnum
2033 4036 2119 4083 eo,
2151 4037 2253 4086 quo
2290 4022 2498 4088 scripsi-

1436 4112 1568 4161 mus,
1592 4112 1717 4146 casu
1739 4096 1966 4147 delatum
1990 4106 2184 4151 narrat.

1500 4179 1528 4205 ¹
1559 4171 1722 4237 Asioe]
1779 4171 2035 4237 Majorem
2085 4173 2338 4238 intellige,
2380 4171 2498 4239 quae

1436 4249 1594 4301 trium
1634 4250 1774 4300 orbis
1812 4249 1979 4301 nostri
2013 4250 2238 4316 partium
2276 4251 2499 4303 maxima
