2978 4933
2372 361 2506 428 495

270 541 411 607 que
442 523 673 588 hastis
701 541 780 589 os
802 521 1173 606 oculosque
1200 519 1350 608 ejus
1379 522 1869 601 everberarent,
1911 527 1993 587 ut
2019 519 2152 586 hoc
2180 539 2444 605 quoque
2462 529 2504 557 ¹¹¹

271 627 544 690 crimen
591 626 1035 704 confiteretur,
1082 643 1508 709 expressere.
1595 624 1705 690 32.
1751 624 2196 709 Exigentibus
2243 624 2504 704 deinde,

269 732 294 762 ‘
314 729 390 793 ut
421 729 731 795 ordinem
762 730 1038 824 cogitati
1063 730 1336 794 sceleris
1366 738 1776 813 exponeret3
1804 731 1956 794 cnm
1985 728 2102 793 diu
2130 729 2377 795 Bactra
2406 748 2507 792 re·

270 836 557 896 tentura
610 852 833 916 regem
880 832 1275 912 viderentur,
1336 833 1646 899 timuisse
1667 831 1685 859 ’
1736 832 2100 916 respondit,
2147 835 2271 896 ‘ne
2316 837 2508 915 pater

277 949 488 1001 Lxx.
524 940 733 1001 natus
755 954 994 1015 annoS,
1013 938 1180 1001 tanti
1211 935 1552 1003 exercitus
1576 936 1742 1015 dux,
1773 942 1974 1002 tantae
1999 935 2307 1019 pecuniae
2343 954 2503 999 cus-

179 1073 188 1084 ·
273 1044 415 1115 toa,
448 1038 723 1103 interim
752 1040 1273 1122 extingueretur,
1301 1042 1596 1125 ipsique,
1638 1042 1930 1125 spoliato
1979 1039 2181 1104 tantis
2222 1039 2501 1116 viribus,

273 1140 642 1205 occidendi
683 1142 860 1226 regis
909 1160 1125 1207 causa
1170 1160 1298 1207 non
1348 1150 1562 1208 esset.
1649 1143 1758 1209 33.
1803 1143 2191 1208 Festinasse
2219 1161 2378 1224 ergo
2408 1153 2505 1223 se,

273 1243 448 1307 dum
480 1245 838 1327 praemium
867 1244 1136 1309 haberet
1160 1243 1228 1308 in
1260 1246 1597 1310 manibuS.
1687 1245 2205 1330 Repraesentare
2225 1251 2253 1279 ¹³
2276 1245 2506 1308 consi-

270 1345 470 1424 lium,
492 1347 691 1431 cujus
710 1353 1007 1431 patrem⁰
1036 1346 1616 1414 fnisseauctorem
1645 1349 1780 1414 nisi
1819 1348 2184 1426 crederent,
2214 1354 2507 1412 tormen-
2583 1369 2593 1377 ·

244 1456 376 1527 ·ta,
426 1468 821 1536 quanquam
870 1447 1147 1516 tolerare
1204 1470 1337 1515 non
1385 1457 1645 1535 posset,
1694 1456 1911 1517 tamen
1962 1467 2097 1515 non
2137 1447 2511 1519 recusaret!

851 376 969 424 οι..
1015 374 1206 424 oxu.
1249 359 1316 426 3.
1394 376 1467 429 A.
1518 376 1641 424 on.
1684 375 1762 425 N.
1809 359 1958 426 330.

1220 1617 1586 1639 MOONOO‘O

276 1733 369 1781 que
381 1733 401 1776 ,-
436 1711 682 1769 Fici-ent.
706 1718 852 1768 Leid.
869 1718 1023 1768 Voss.
1048 1723 1095 1767 1.
1117 1722 1165 1769 2.
1232 1718 1356 1768 And.
1379 1714 1546 1769 Coliu.
1567 1718 1770 1782 Gryph.
1792 1717 1928 1766 Mer.
1951 1721 2006 1764 et
2028 1715 2152 1764 Bas.
2173 1712 2293 1776 ipsis
2311 1727 2507 1777 quoque,

278 1784 423 1848 quod
449 1784 661 1847 recepit
683 1783 1001 1835 Schmieder.
1063 1784 1217 1833 Voss.
1238 1788 1286 1835 1.
1310 1784 1475 1847 Bong.
1500 1782 1671 1833 Amst.
1695 1789 1752 1832 et
1773 1780 1940 1845 Lugd.
1956 1793 2226 1842 expressere
2247 1783 2304 1827 nt
2324 1779 2373 1829 Ιι.
2394 1794 2440 1842 q.
2461 1792 2506 1829 c.

275 1849 743 1909 confitentum—32
782 1850 934 1899 vose.
956 1854 1007 1901 2.
1044 1849 1278 1899 Gentibus
1297 1850 1485 1914 deinde,
1506 1854 1562 1899 ut
1582 1865 1628 1899 ο.
1649 1847 1931 1910 excogitati.
1989 1845 2132 1894 Pith.
2153 1843 2321 1893 LXX
2321 1876 2335 1891 .
2356 1858 2508 1893 annos

277 1913 482 1964 habene.
555 1913 785 1964 Florent.
809 1914 957 1965 Leid.
979 1914 1134 1965 Voss,
1160 1918 1209 1965 1.
1248 1919 1297 1964 2.
1334 1916 1503 1978 Bong.
1535 1913 1676 1964 Dan.
1697 1922 1752 1963 et
1786 1913 1901 1962 Pal.
1939 1914 1988 1961 1.
2019 1911 2121 1959 dux
2153 1914 2315 1958 tantus
2336 1912 2508 1971 tunice,

275 1982 360 2055 &f-
430 1980 554 2029 Pal.
575 1983 625 2029 3.
647 1981 749 2029 dux
767 1985 948 2042 tantus,
970 1985 1224 2044 tantoeqne.
1287 1980 1438 2031 Voss.
1461 1986 1513 2031 2.
1546 1980 1660 2043 ipsi,
1681 1978 1899 2044 spoliato,
1918 1975 2107 2025 omisso
2128 1976 2203 2036 τῷ·
2222 1989 2330 2039 que.
2397 1973 2506 2023 Pro

276 2059 428 2096 causa
465 2044 720 2094 Heinsius
754 2044 893 2109 conj.
921 2045 1120 2105 occasio,
1135 2046 1239 2095 ‘vel
1268 2050 1535 2096 amm—33
1571 2045 1696 2096 Ald.
1729 2044 2041 2095 Festinasset.
2107 2041 2336 2089 Florent.
2359 2039 2506 2088 Leid.
2543 2062 2547 2065 ·

280 2105 444 2161 Voss.
474 2116 524 2160 1.
546 2117 601 2159 et
625 2110 789 2173 Bong.
813 2115 863 2160 2.
886 2110 939 2159 in
958 2111 1172 2159 manibus
1193 2110 1402 2162 haberet.
1478 2111 1854 2174 Reproeeentare,
1875 2111 1957 2167 sse.
2026 2106 2196 2170 Bong.
2216 2108 2262 2153 1.
2285 2105 2338 2153 in
2359 2103 2510 2153 mni·

278 2174 369 2224 bue
388 2176 589 2225 haberet
617 2175 998 2239 Reproesmasse
1016 2191 1037 2234 ,-
1070 2176 1210 2225 Dan.
1244 2176 1300 2224 in
1329 2192 1395 2227 m.
1430 2175 1622 2226 haberet
1657 2179 1997 2239 repraesentare
2011 2189 2032 2232 ,-
2067 2171 2219 2221 Voss.
2242 2177 2293 2219 2.
2316 2168 2432 2218 Pal.
2459 2173 2509 2219 1.

281 2246 339 2289 et
361 2241 540 2303 Bong.
560 2240 779 2291 Gruteri
803 2241 857 2290 in
874 2255 940 2291 m.
958 2241 1008 2290 1⁸.
1029 2255 1276 2310 repensare
1290 2256 1312 2300 ,·
1345 2239 1470 2291 Ald.
1496 2249 1553 2291 et
1577 2241 1691 2293 Col.
1722 2240 1830 2289 hab.
1853 2240 1904 2288 in
1927 2236 2157 2289 manibus.
2222 2235 2506 2297 Repraesen-

280 2308 390 2355 tare
409 2322 430 2365 ,·
465 2306 609 2356 Tell.
633 2320 698 2356 ex
721 2305 861 2369 conj.
887 2306 1171 2366 Gronovii:
1195 2306 1248 2356 h.
1264 2306 1317 2356 in
1331 2306 1568 2369 manibus,
1583 2311 1924 2370 representare
1945 2303 2190 2353 consilium
2206 2318 2222 2349 .-
2255 2300 2513 2361 conscium,

279 2371 365 2431 &sc-
437 2370 581 2420 Edd.
623 2372 797 2435 vulgg.
837 2378 961 2421 ante
1000 2371 1233 2420 Freinsh.
1252 2370 1411 2433 fuisse
1443 2377 1682 2421 auctorem
1713 2371 1756 2420 sn·
1785 2372 2028 2419 crederent
2044 2384 2064 2426 ,-
2096 2368 2328 2416 Florent.
2359 2364 2506 2415 Leid.

281 2435 461 2501 Bong.
485 2444 545 2486 et
563 2436 715 2514 you.
743 2442 787 2487 1.
807 2451 851 2486 c.
879 2436 1101 2501 psai-sse
1122 2436 1221 2486 nisi
1252 2439 1532 2496 crederent3
1564 2437 1678 2488 Pal.
1703 2441 1752 2487 3.
1776 2436 1946 2500 Bong.
1972 2432 2211 2495 Gruteri,
2232 2438 2288 2482 et
2309 2430 2442 2480 Tell.
2463 2446 2509 2480 c.

279 2515 332 2564 p.
373 2517 474 2552 non
494 2502 656 2563 sume
688 2502 787 2553 nisi
822 2504 1068 2553 crederent
1083 2519 1104 2563 ,·
1137 2503 1293 2554 Vos-«3.
1313 2506 1365 2553 2.
1400 2519 1442 2554 c.
1476 2519 1528 2568 p.
1549 2504 1701 2565 nens.
1725 2503 1778 2552 ni
1797 2504 2042 2551 crederent
2056 2515 2077 2559 ,-
2107 2500 2226 2548 Pal.
2251 2501 2299 2546 1.
2317 2501 2510 2560 patrem

280 2582 377 2616 non
395 2569 584 2627 suisset
621 2569 719 2619 nisi
750 2570 1017 2629 crederent,
1055 2567 1242 2618 omisso
1278 2568 1411 2630 cnjus
1427 2585 1449 2627 ‚-
1483 2568 1675 2620 Venet.
1697 2569 1892 2617 Veron.
1931 2565 2148 2615 Mediol.
2180 2561 2302 2612 Ald.
2339 2562 2507 2613 Colin.

285 2632 499 2698 Gryph.
522 2634 661 2684 Mer.
688 2635 802 2684 Col.
826 2634 946 2684 Bas.
965 2640 1022 2682 et
1039 2641 1260 2683 recentt.
1284 2639 1343 2682 ut
1366 2634 1417 2683 in
1439 2640 1608 2683 textu.
1664 2634 1895 2682 Florent.
1921 2629 2071 2681 Leid.
2091 2629 2242 2678 Voss.
2265 2631 2311 2676 1.
2339 2626 2510 2688 Lugd.

286 2702 343 2746 et
367 2697 542 2748 Amat.
562 2698 938 2763 quanquamjam
964 2699 1165 2749 tolerare
1181 2714 1203 2757 ‚·
1236 2698 1390 2748 Voss.
1412 2703 1461 2748 2.
1500 2698 1699 2748 omittit
1731 2685 1994 2762 quenquani
2017 2696 2235 2743 tolerare.
2270 2704 2273 2707 ’
2305 2691 2412 2740 Pro
2434 2705 2511 2740 τεῳ

283 2770 498 2828 cnseret,
537 2765 675 2828 quod
723 2764 975 2813 exhibent
1019 2763 1251 2826 Florent.
1299 2763 1446 2814 Leid.
1470 2764 1624 2814 Vos'S.
1667 2767 1718 2813 2.
1756 2764 1924 2824 Bong.
1966 2757 2185 2811 Gruteri
2222 2770 2420 2817 omnes,
2451 2760 2509 2809 et

257 2830 262 2843 ¹
287 2836 517 2887 recentt.
541 2844 759 2879 recusare
779 2827 976 2878 habent
999 2829 1263 2893 pleraeque
1284 2828 1405 2878 edd.
1427 2835 1551 2879 ante
1571 2829 1804 2878 Freinsh.
1861 2829 1878 2856 ‘
1900 2825 2268 2876 Brevissimum
2295 2828 2350 2871 et
2371 2835 2506 2870 eom·

287 2894 647 2947 modissimum
673 2901 774 2956 est,
798 2894 841 2942 si
865 2907 960 2957 pro
983 2908 996 2942 ι
1034 2903 1297 2944 auctorem
1319 2894 1416 2944 nisi
1450 2893 1748 2954 crederent,
1769 2907 1883 2942 cum
1906 2890 2088 2941 Modio
2113 2888 2331 2952 legimus
2354 2903 2365 2932 ε
2399 2897 2511 2951 auc'q

285 2963 438 3010 torem
476 2960 521 3010 εἰ
552 2962 830 3019 crederent3
864 2966 919 3010 et
953 2973 1067 3024 pro,
1099 2966 1355 3010 recusaret.
1410 2959 1517 3024 lai,
1560 2975 1678 3011 cum
1716 2955 2004 3022 Scheffero,
2035 2969 2266 3006 recusare.
2330 2953 2393 3002 Et
2416 2951 2507 3001 illi.

1294 3103 1519 3156 NOTAE

354 3216 391 3241 ὓ
410 3207 525 3259 Hoc
545 3205 746 3272 quoque]
768 3205 1036 3271 Susceptae
1059 3218 1177 3255 cum
1195 3187 1364 3270 Dyni-
1445 3205 1524 3254 uti
1569 3204 1910 3255 eonfiteretur
1953 3216 2179 3268 quoque,
2234 3197 2511 3250 tormentis
2594 3236 2598 3241 .

292 3299 359 3335 no
382 3285 779 3350 conjurationis.
1112 3342 1117 3352 ,
1445 3280 1860 3347 expresserant,)
1885 3280 2057 3344 hujus,
2081 3279 2289 3342 inquam
2312 3274 2511 3325 consilii

358 3373 382 3401 ¹¹
409 3356 805 3428 'RepraesentareJ
830 3358 1020 3410 Veram
1046 3357 1181 3408 haud
1205 3355 1364 3407 dubie
1445 3365 1718 3422 expertem
1757 3356 1917 3407 fuisse
1961 3354 2360 3404 Parmenionem
2378 3354 2512 3414 ‘per-

290 3442 575 3493 lectionem
589 3440 766 3505 attigit
783 3438 1097 3501 Gronovius,
1111 3450 1263 3502 quem
1281 3450 1360 3485 se-

296 3519 404 3569 cuti
427 3533 621 3569 sumus,
687 3517 1052 3580 Repraeemare
1074 3512 1362 3573 consilium,

293 3603 375 3642 est
398 3594 531 3644 illud
560 3591 806 3644 effectum
838 3590 999 3654 ἀει-ες
1030 3588 1169 3656 quod
1202 3587 1362 3653 pluri-

296 3670 392 3720 bus
414 3671 669 3735 exemplis
689 3669 879 3720 firmat.

358 3757 382 3783 ⁰
416 3749 641 3812 Patrem]
672 3748 831 3815 Varia
862 3745 1013 3809 hujus
1052 3743 1151 3794 loci
1184 3741 1363 3807 lectio,

297 3827 445 3878 varia
461 3841 661 3892 quoque
672 3823 1064 3888 interpretatio.
1099 3821 1228 3885 Nos,
1241 3835 1364 3870 eun·

298 3904 415 3954 dem
439 3904 609 3954 secuti
631 3901 969 3962 Gronovium,
988 3901 1120 3949 hanc
1142 3898 1362 3962 arripui-

298 3995 411 4030 mus
451 3995 570 4046 quae
602 3979 765 4044 magis
797 3979 862 4044 apd
897 3978 1033 4028 hunc
1069 3970 1239 4027 locum
1282 3989 1365 4024 ae·

301 4056 627 4114 commodata
659 4062 789 4107 erat.
867 4056 1052 4121 Neque
1097 4053 1234 4104 enim
1270 4052 1364 4100 du·

302 4134 442 4185 bium
480 4134 534 4185 id
572 4147 730 4199 agere
768 4133 1027 4183 Philotam
1063 4138 1122 4180 ut
1155 4135 1362 4194 patrem

303 4222 446 4260 snum
482 4209 732 4276 postremi
762 4210 910 4274 hujus
948 4206 1192 4282 criminis,
1218 4205 1363 4255 initae

304 4289 638 4343 scilicetcum
654 4289 859 4350 Dymno
876 4284 1162 4341 societatis,
1180 4282 1363 4349 (quam

1446 3435 1709 3486 suaderet.
1775 3434 1910 3498 Nam
1935 3430 2075 3496 quod
2110 3429 2244 3493 apud
2282 3426 2409 3476 alios
2437 3426 2511 3479 le,

1442 3513 1603 3574 gitur,
1635 3509 1768 3571 cnjus
1786 3515 2023 3559 auctorem
2038 3506 2198 3568 fuisse
2215 3509 2402 3568 patrem
2415 3503 2513 3552 nisi

1440 3590 1707 3652 crederent,
1739 3586 1953 3636 alienius
1986 3583 2053 3633 ab
2078 3581 2229 3645 hujus
2261 3580 2361 3630 loci
2394 3592 2510 3628 sene

1443 3663 1612 3713 tentia
1644 3661 1855 3713 videtur
1887 3674 2022 3710 esse.
2090 3656 2299 3720 Quippe
2331 3652 2512 3702 verisi-

1443 3741 1566 3790 mile
1588 3748 1672 3790 est
1695 3739 1920 3788 voluisse
1958 3735 2218 3784 Philotam
2253 3730 2415 3795 patris
2437 3730 2513 3778 in-

1444 3816 1735 3869 columitati
1771 3813 2075 3872 consulere3
2118 3824 2179 3858 ac
2202 3809 2247 3856 si
2271 3808 2405 3857 hunc
2426 3820 2510 3855 ae·

1445 3899 1700 3954 eusasset,
1716 3892 1842 3942 nibil
1861 3896 1978 3939 erat
1995 3886 2133 3952 quod
2154 3885 2206 3934 id
2230 3890 2510 3948 tantopere

1444 3969 1804 4022 confirmatum
1839 3970 2075 4030 cuperet,
2109 3969 2201 4012 aut
2234 3959 2370 4028 quod
2417 3959 2515 4009 ini·

1443 4048 1583 4110 miei,
1605 4047 1657 4096 id
1684 4054 1742 4097 ut
1765 4048 2002 4109 negaret,
2024 4040 2297 4090 tormentis
2315 4037 2513 4087 vellent

1444 4126 1759 4190 exprimere.
1794 4120 1950 4173 Adde
1974 4117 2112 4184 qnod
2136 4123 2371 4168 auctorem
2388 4127 2510 4164 cona

1444 4211 1648 4254 stanter
1677 4198 1979 4266 tib-optimis
2013 4197 2142 4248 Μεε.
2177 4194 2362 4247 ebesse
2387 4203 2511 4242 con·

1445 4285 1568 4331 stat.
2499 4289 2506 4301 =
2560 4278 2561 4281 ’
