2978 4933
2344 363 2494 433 ‚375

283 526 585 610 ‘peritos
629 525 932 592 locorum
983 524 1381 591 convocari’
1415 525 1661 609 jubet.=
1722 526 1739 559 ‘
1765 525 1897 591 Per
1946 522 2284 591 Mediamb
2326 525 2455 593 iter
2477 525 2495 554 ’

292 627 747 695 ostendebant
775 631 797 663 ‘
813 633 1026 693 tutum
1057 630 1492 713 apertumque
1514 627 1556 708 ;'
1601 630 1665 695 3.
1708 629 1826 694 sed
1855 646 1975 695 rex
2004 630 2336 696 dimittere
2368 630 2494 697 mi-

288 732 445 796 lites
472 732 843 816 insepultos
874 733 1346 799 erubescebat:
1393 733 1487 798 ita
1520 733 1766 798 tradito
1798 753 1999 812 more,
2027 741 2105 801 ut
2130 734 2251 800 vix
2281 734 2494 799 ullum

286 835 550 900 militiae
607 841 745 901 tam
797 835 1101 901 solenne.
1131 842 1310 902 esset
1357 856 1625 914 muuuS,
1686 855 1890 922 quam
1936 837 2245 901 humandi
2301 856 2490 903 suoS.

286 939 356 1002 4.
399 943 421 973 ‘
442 934 822 1023 Captivos?
850 957 1030 1022 ergo,
1073 942 1095 976 ‘
1112 958 1285 1023 quos
1310 959 1522 1025 nuper
1551 945 1935 1025 exceperat,
1962 940 2191 1004 vocari
2213 937 2231 965 ’
2259 941 2492 1026 jubet;

285 1040 465 1106 inter
490 1062 663 1125 quos
707 1048 852 1108 erat
878 1042 1156 1126 quidam
1185 1041 1453 1108 Graecae
1486 1042 1908 1127 Persicaeque
1934 1043 2179 1126 linguae
2215 1043 2494 1127 perituS,

288 1144 412 1227 qui
469 1148 491 1178 ‘
513 1143 763 1209 frustra
813 1164 965 1210 eum
1008 1144 1078 1209 in
1126 1143 1474 1210 Persidem
1516 1146 1843 1211 montium
1888 1144 2091 1210 dorso
2119 1147 2493 1213 exercitum

288 1247 537 1311 ducere
556 1245 576 1272 ’
606 1247 930 1328 affirmat3
980 1250 1002 1282 ‘
1021 1247 1380 1332 sylvestres
1428 1269 1583 1315 esse
1622 1251 1848 1328 calleS,
1890 1249 2009 1315 vix
2039 1232 2317 1333 singulis
2345 1271 2491 1334 per-

286 1350 439 1415 vios
462 1370 478 1416 ε
502 1362 529 1389 ⁶
579 1352 807 1417 omnia
846 1355 1109 1436 contegi
1137 1353 1513 1432 frondibuS,
1560 1355 2022 1439 implexosque
2050 1354 2356 1417 arborum
2385 1373 2494 1418 ra-

285 1458 435 1520 'mos
459 1456 687 1541 sylvas
703 1457 1144 1523 committere!
1160 1457 1183 1494 ⁵
1251 1460 1319 1523 5.
1344 1458 1659 1544 Namque
1687 1458 1919 1527 Persis
1937 1465 1961 1493 ⁶
1990 1460 2075 1524 ab
2105 1458 2318 1525 altero
2337 1455 2365 1493 ‘¹
2397 1461 2494 1524 la-

842 378 961 428 οι..
1009 377 1199 427 exn.
1244 362 1309 427 2.
1387 377 1461 427 A.
1510 375 1629 425 cn.
1677 378 1753 427 N.
1795 361 1945 427 331.

353 1647 378 1671 ⁴¹
412 1636 514 1688 Per
535 1653 650 1702 quoe
669 1641 755 1690 vix
775 1640 959 1704 sing-uli
979 1638 1191 1696 hemines
1209 1640 1283 1688 ire
1304 1639 1500 1701 ponant.

353 1701 377 1734 ⁶
406 1703 675 1768 Implicatis
695 1706 823 1757 inter
842 1721 893 1756 se
914 1705 1132 1755 arborum
1153 1704 1302 1755 rumis
1321 1706 1481 1770 sylvas
1497 1704 1783 1755 continuari.

1193 1853 1347 1873 ”m

283 1947 606 2001 Schmieder.
671 1952 753 2002 Itu
774 1954 1012 2003 damnatis
1033 1952 1150 2002 Pal.
1185 1957 1233 2002 1.
1262 1960 1318 2002 et
1340 1952 1496 2002 Voss.
1518 1955 1664 2002 fle-8
1704 1951 1916 2001 Mediam
1933 1951 2028 2000 iter
2051 1948 2150 2000 Ed.
2169 1962 2253 2013 pr.
2275 1948 2491 1998 Venett.

284 2013 509 2065 Mediol.
537 2017 685 2068 Rom.
709 2019 904 2069 Veron.
928 2020 1053 2069 Vet.
1077 2033 1158 2067 an.
1184 2022 1329 2069 14⁷4.
1362 2018 1513 2069 Junt.
1541 2015 1661 2067 Ald.
1689 2019 1858 2073 Colin.
1880 2017 2079 2080 Grypli.
2117 2017 2239 2064 Bas.
2270 2012 2490 2076 Argent.

283 2077 444 2128 Frob.
471 2081 635 2144 Lugd.
661 2091 715 2131 et
742 2083 907 2134 Amst.
934 2086 1031 2134 Per
1050 2083 1255 2134 mediam
1273 2082 1369 2134 iter
1391 2084 1622 2135 Florent-
1643 2083 1788 2134 Leid.
1816 2083 1963 2132 Voss.
1988 2086 2034 2130 l.
2056 2085 2108 2130 2.
2143 2080 2259 2129 Pal.
2285 2079 2417 2129 Dan.
2434 2085 2492 2128 et

282 2143 453 2208 Bong.
485 2147 588 2196 Per
611 2149 827 2199 Medium
845 2151 941 2198 iter
962 2165 1029 2199 ex
1052 2148 1378 2199 correctione
1401 2148 1678 2212 Bongarsii
1703 2148 1905 2212 recepit
1924 2145 2324 2207 Freinshemius,
2348 2158 2492 2194 eum-

281 2222 387 2274 que
411 2212 719 2262 secuti-sunt
739 2229 915 2265 omnes
937 2215 1189 2278 deinceps
1220 2214 1487 2264 Editores.
1558 2212 1573 2240 ‘
1593 2213 1696 2264 Sed
1722 2228 1925 2271 vereor,
1945 2227 2011 2261 ne
2033 2212 2132 2261 hoc
2157 2209 2308 2260 modo
2335 2208 2493 2258 Alex·

281 2274 501 2327 andrum
526 2278 580 2327 in
605 2280 869 2343 regionem
894 2280 1045 2330 nimis
1067 2287 1319 2329 remotam
1340 2279 1801 2329 circumduxerint.
1869 2277 1955 2328 Ob
1976 2292 2093 2327 eam
2115 2290 2327 2326 causam
2349 2274 2494 2339 equi-

281 2338 403 2409 dem
425 2342 674 2408 conjicio:
706 2360 793 2408 ροι-
816 2346 1028 2407 Meam,
1050 2346 1136 2411 qui
1158 2343 1344 2394 fluvius
1363 2344 1499 2394 haud
1526 2346 1708 2409 procul
1734 2344 1801 2394 ab
1823 2343 1924 2393 isto
1946 2344 2064 2393 loco
2085 2341 2171 2392 ubi
2192 2339 2493 2390 Alexander

281 2413 395 2455 tum
427 2416 541 2457 erat
578 2410 742 2459 Araxi
768 2410 1113 2476 jungebatur,
1156 2410 1589 2476 quemadmodum
1613 2410 1826 2461 Curtius
1848 2410 1959 2473 ipso
1988 2408 2090 2457 hoc
2113 2407 2291 2473 capite
2314 2406 2494 2471 tradit,

283 2478 341 2522 et
366 2475 541 2524 Strab.
565 2489 658 2526 xv.
678 2476 813 2526 729!
848 2479 998 2528 Cum.
1063 2479 1296 2527 Florent.
1335 2477 1476 2527 Leid.
1498 2477 1650 2527 Voss.
1676 2481 1722 2527 l.
1754 2484 1809 2526 et
1841 2477 2010 2537 Bong.
2045 2476 2260 2524 deserere
2280 2472 2493 2530 milites,-

282 2539 427 2588 Dau.
455 2545 502 2590 1.
523 2543 770 2592 demittere
790 2542 1003 2601 milites,-
1053 2543 1173 2592 Pal.
1209 2547 1257 2593 1.
1294 2544 1456 2593 etiam
1489 2543 1758 2601 demittere,
1788 2542 1979 2591 omisso
2007 2540 2203 2590 milites.
2268 2538 2418 2587 Voss.
2442 2541 2492 2585 2.

281 2604 437 2656 Leid.
461 2607 692 2657 Floreut.
716 2609 884 2672 Bong.
906 2616 962 2657 et
982 2608 1100 2657 Pal.
1125 2612 1175 2657 1.
1195 2609 1357 2671 itaque
1378 2608 1678 2657 tradam—4
1710 2608 1862 2656 Voss.
1885 2610 1936 2655 2.
1957 2605 2149 2667 quddam
2173 2603 2380 2653 Persica
2402 2601 2494 2651 liu·

276 2685 395 2731 gua»
409 2672 612 2734 peritus.
646 2673 758 2723 Pal.
786 2677 834 2723 1.
855 2675 992 2723 dorso
1013 2674 1224 2723 excitum
1238 2689 1259 2731 ,-
1295 2674 1329 2723 i.
1345 2687 1411 2723 Πε.
1441 2675 1689 2734 επθοίιιιηι,
1711 2672 1795 2721 vel
1817 2671 2094 2721 exercitam.
2126 2670 2278 2718 Voss.
2298 2672 2349 2718 2.
2375 2666 2490 2743 Pal.

283 2740 332 2785 1.
361 2734 483 2789 Ald.
503 2737 670 2788 Colin.
693 2738 896 2804 Gryph.
919 2740 1039 2789 Bas.
1065 2738 1177 2789 Col.
1201 2745 1257 2789 et
1289 2739 1428 2789 Mer.
1462 2739 1790 2802 amplexaeque
1810 2752 1859 2786 a.
1877 2739 2148 2785 ramosa-6
2184 2733 2415 2804 Florent.
2437 2747 2492 2781 m

1276 2888 1494 2953 no‘rAE

346 2982 372 3018 ¹>
403 2985 506 3037 Per
525 2984 762 3050 Mediam]
809 2988 1020 3053 Legunt
1038 2988 1230 3053 aliqui,
1251 3004 1349 3040 me-

278 3064 416 3116 dien·
430 3063 541 3113 iter.
575 3063 680 3113 Sed
705 3065 959 3129 quoduam
979 3066 1139 3116 illud?
1163 3075 1253 3117 aut
1270 3067 1348 3117 iu-

281 3148 368 3191 ter
402 3156 517 3205 quae
551 3142 757 3192 medium
787 3142 1016 3193 dicitur?
1059 3159 1119 3195 ac
1142 3143 1347 3210 siquod

276 3222 417 3279 erat,
439 3231 533 3269 cur
551 3232 654 3267 non
678 3217 1223 3287 Alexander—arripnit
1255 3236 1349 3286 po-

278 3294 578 3360 tiussquarn
602 3300 661 3345 ut
679 3311 774 3361 per
796 3297 935 3349 invia
959 3304 1012 3347 et
1032 3312 1219 3362 aspera
1238 3305 1352 3349 tan·

278 3380 338 3424 to
363 3388 478 3425 cum
514 3374 694 3425 labore
723 3389 784 3423 ac
815 3376 1045 3440 periculo
1070 3375 1347 3426 tenderet?

277 3452 501 3515 Scripsit
523 3465 647 3516 ergo
670 3452 879 3502 Curtius
897 3467 986 3515 per
1006 3452 1250 3503 Mediam·-
1283 3453 1350 3504 il-

276 3529 387 3579 line
408 3529 545 3580 enim
583 3530 785 3594 planius
808 3535 967 3596 atque
1002 3532 1234 3596 apertius
1256 3531 1352 3581 ali-¹

278 3606 422 3671 quod
445 3606 499 3656 in
522 3606 791 3656 Persidem
812 3606 916 3656 iter
937 3614 1031 3657 est.
1067 3606 1173 3657 Sed
1189 3606 1347 3658 Alex-

267 3677 447 3732 andro
463 3682 617 3733 aliter
641 3684 825 3745 visum,
841 3684 963 3748 quia
982 3685 1023 3733 si
1047 3684 1169 3735 illac
1188 3684 1347 3736 duce-

278 3765 387 3821 ret,
403 3761 589 3810 relicto
613 3761 861 3825 Pylarum
894 3761 1062 3826 aditu,
1082 3762 1272 3813 milites
1291 3762 1345 3813 in

278 3837 529 3902 augustiis
550 3851 717 3887 caesos
737 3838 949 3889 humare
969 3854 1072 3889 uon
1096 3846 1321 3904 poterat.

291 3965 298 3972 ,
346 3922 369 3949 ⁶
392 3915 583 3979 Persis]
609 3915 784 3965 Persis
803 3916 886 3965 vel
903 3917 1109 3979 Persia,
1132 3918 1175 3968 si
1193 3917 1344 3968 Grae-

277 3994 359 4046 cis
384 3994 665 4056 credimus,
687 4009 721 4044 a
743 3995 939 4045 Perseo
965 3996 1113 4047 Jovis
1146 4002 1205 4047 et
1231 3997 1345 4048 Da·

263 4072 406 4124 ‘natis
431 4072 537 4122 filio
573 4086 764 4122 nomen
796 4071 996 4124 habuit.
1063 4075 1195 4125 Cum
1228 4090 1347 4140 pro-

277 4149 393 4214 prie
416 4148 696 4212 accipitur,
716 4149 796 4198 his
823 4148 1014 4202 finibus
1045 4150 1347 4203 includitur.

277 4226 368 4276 Ab
385 4225 593 4276 Occasu
614 4225 884 4276 Susiauam
900 4232 958 4275 et
977 4223 1165 4292 Uxios,
1183 4241 1217 4278 a
1230 4228 1346 4278 Me·

278 4302 415 4354 ridie
446 4300 718 4356 Persicum
751 4302 938 4359 sinum,
973 4302 1038 4352 ab
1062 4303 1201 4357 Ortu
1224 4304 1347 4355 Car·

1426 2987 1651 3040 maniam
1693 2992 1990 3052 utramque,
2036 3000 2067 3034 a
2110 2980 2493 3047 septemtrione

1426 3066 1658 3117 Mediam
1696 3063 1922 3127 attingit.
1990 3061 2159 3126 Hujus
2194 3059 2358 3124 partis
2399 3072 2493 3108 no-

1426 3158 1548 3193 men
1565 3142 1871 3193 hodiernum
1888 3139 2059 3201 Fur-si,
2072 3138 2136 3188 ab
2156 3136 2372 3202 antiquo
2386 3149 2491 3185 non

1426 3221 1649 3271 multum
1685 3218 1955 3269 abludens.
2040 3212 2270 3265 Persidis
2314 3219 2491 3261 tamen

1428 3312 1551 3362 pars
1614 3296 1922 3362 quaudoque
1959 3292 2197 3343 -Susiana
2255 3289 2493 3350 habetur,

1425 3373 1682 3426 Strabone
1705 3380 1862 3424 teste.
1919 3371 2075 3421 Nunc
2101 3367 2370 3418 Persicum
2398 3365 2491 3415 So-

1428 3453 1643 3517 phorum
1678 3449 1952 3513 imperium
1988 3445 2153 3496 ferme
2189 3442 2493 3507 complecti-

1430 3536 1517 3578 tur
1537 3527 1782 3594 quicquid
1814 3531 2064 3575 terrarum
2087 3528 2169 3572 est
2190 3520 2254 3574 ab
2276 3520 2492 3576 Indoet

1429 3606 1557 3660 Oxo.
1582 3603 1883 3660 fluminibus
1908 3601 1974 3652 ad
2004 3601 2205 3665 Tigrim
2228 3606 2285 3649 et
2307 3598 2492 3647 Arme-

1426 3684 1567 3733 niam
1588 3696 1773 3746 usque,
1791 3681 1928 3730 iuter
1950 3677 2192 3741 Caspium
2226 3683 2283 3726 et
2316 3674 2492 3723 Persi-

1426 3776 1544 3811 cum
1570 3758 1914 3823 Indicumque
1936 3770 2096 3806 mare.
2152 3751 2374 3807 Quando
2399 3751 2492 3801 im·

1428 3836 1629 3902 perium
1648 3835 1712 3885 ad
1730 3835 1920 3884 Persas
1940 3829 2230 3891 transierit,
2243 3826 2489 3893 quamdiu

1429 3914 1567 3980 apud
1605 3928 1693 3964 eos
1725 3910 1955 3970 steterit,
1976 3907 2171 3968 dictum
2203 3912 2283 3955 est
2303 3906 2393 3955 lib.
2414 3918 2492 3956 lv.

1424 3994 1650 4057 capru.
1683 3987 1887 4055 quando
1916 3987 2101 4035 iterum
2124 3990 2491 4047 recuperatum

1426 4068 1742 4127 sit,‡dicetur
1763 4065 1857 4115 lib.
1876 4078 1953 4114 vr.
1974 4077 2090 4126 cap.
2114 4066 2164 4112 3.

1492 4145 1516 4181 ⁶
1549 4144 1629 4195 Ab
1662 4141 1837 4206 altero]
1870 4140 1954 4190 Ab
1986 4138 2338 4199 occidentali,
2377 4135 2490 4201 opi-

1425 4238 1541 4289 nor,
1563 4237 1667 4288 qua
1694 4217 2005 4280 veniendum
2038 4214 2339 4265 Alexandro
2372 4211 2494 4276 fuir,

1428 4308 1486 4355 et
1518 4300 1606 4351 ubi
1645 4297 1852 4349 Susides
1892 4295 2057 4361 Pylae.
2126 4291 2336 4359 Alioqui
2365 4291 2490 4341 nihil
