2978 4933
510 369 598 435 58

1317 393 1593 452 Qum'rr
1640 398 1906 467 cun‘ru

512 527 579 579 A.
605 529 667 580 C.
733 531 802 583 U.
828 531 890 582 C.
940 547 1035 598 per
1057 532 1345 586 Praefectos
1381 545 1622 604 occupat.
1687 542 1883 593 Darius
1905 544 2079 609 copias
2100 545 2323 612 Babylo·

541 938 650 985 331.

522 4195 637 4241 330.

748 940 869 990 42³.

890 626 891 631 ¹
933 628 1054 664 nem
1075 624 1366 668 convocate
1399 618 1628 670 Macedo
1650 620 1845 673 Gazam
1862 623 2103 678 obsidet:
2139 629 2316 693 vulne·

934 701 1079 746 ratur
1094 710 1126 746 a
1142 695 1412 762 transfuga
1430 716 1444 749 ε
1482 700 1663 751 urbem
1679 716 1981 768 expugnans
2001 707 2189 758 iterum
2208 710 2319 759 vul·

927 785 1176 841 neratur3
1213 779 1278 830 de
1311 779 1435 830 Bati
1471 783 1785 847 supplicium
1817 787 2002 850 sumit;
2036 789 2316 855 AEgyptum

928 856 1126 908 intrat:
1159 860 1392 925 Memphi
1418 862 1635 925 potitur.

999 939 1149 993 Jovis
1173 941 1474 992 Hammonis
1500 946 1749 1009 templum
1773 949 1922 1013 petit.
1987 950 2199 1003 Itineris
2231 953 2318 1019 de·

926 1020 1174 1086 scriptio:
1233 1022 1541 1074 Hammonis
1582 1040 1779 1091 nemus,
1815 1029 2031 1097 effigies,
2066 1047 2317 1098 respousa

923 1100 1222 1152 Alexandro
1234 1103 1378 1157 data.
1407 1106 1667 1163 Reversus
1682 1108 2052 1163 Alexandriam
2063 1116 2315 1167 exstruit.
2301 1134 2314 1147 ·

925 1182 1205 1248 prefectos
1227 1184 1457 1251 AEgypto
1494 1186 1747 1252 imponit.
1799 1205 1938 1243 mors
1982 1193 2227 1246 Hectoris
2260 1203 2317 1246 et

926 1263 1311 1318 Andromachi:
1376 1268 1820 1323 Samaritanorum
1875 1288 2061 1339 poena.
2127 1278 2312 1349 Legati

929 1345 1232 1398 Graecorum
1254 1347 1569 1400 audiuntur.
1613 1352 1794 1404 Persae
1817 1360 1873 1405 et
1892 1355 2135 1421 Spartani
2157 1358 2316 1408 Creta

926 1426 1221 1491 ejiciuntur.
1286 1431 1482 1481 Darius
1501 1413 1771 1497 Babylone
1788 1435 1966 1500 copias
1987 1444 2196 1488 movet.
2230 1453 2314 1489 ea-

925 1520 1039 1557 rum
1060 1516 1374 1574 apparatus.
1427 1512 1531 1563 iter
1561 1513 1700 1564 inter
1735 1523 1794 1566 et
1821 1519 2213 1570 castrametatio
2250 1520 2317 1570 ad

923 1587 1138 1641 Arbela.

987 1669 1288 1723 Alexander
1341 1675 1665 1740 Euphratem
1707 1684 1889 1744 ponte,
1936 1681 2132 1746 Tigrim
2182 1681 2316 1732 vado

925 1754 1142 1804 transit:
1178 1755 1398 1807 militum
1419 1772 1582 1822 pavor
1604 1760 1671 1810 ob
1694 1761 1927 1827 eclipsim
1949 1762 2103 1821 luuae,
2122 1764 2316 1828 AEgyp·

926 1828 1113 1884 tiorum
1133 1850 1380 1901 responso
1398 1837 1693 1891 discutitur.
1726 1842 1873 1892 Uxor
1894 1843 2048 1894 Darii
2067 1844 2316 1894 moritur:

924 1913 1212 1965 Alexandri
1231 1915 1429 1969 luctus:
1453 1919 1602 1971 Darii
1621 1935 1807 1972 moeror
1829 1928 1887 1973 et
1908 1924 2199 1988 zelotypia:
2221 1938 2311 1973 no·

920 2009 987 2045 va
1014 1994 1162 2060 hujus
1183 1997 1378 2061 legatio
1401 1999 1468 2049 de
1493 2015 1661 2065 pace;
1711 2017 1865 2068 quarn
1887 2003 2073 2054 suadet
2095 2005 2309 2054 Parme·

918 2077 1024 2141 nio,
1044 2085 1100 2128 et
1123 2079 1187 2128 ab
1208 2078 1512 2132 Alexandro
1531 2082 1852 2151 increpatur.
1902 2083 2053 2135 Aciei
2077 2085 2309 2136 Persicae

922 2159 1214 2225 descriptio
1237 2167 1291 2211 et
1311 2175 1577 2222 uumerus,
1603 2164 1948 2216 Macedonum
1986 2164 2184 2216 subitus
2216 2179 2308 2230 pa-

925 2255 1053 2292 vor:
1087 2241 1372 2293 Alexandri
1392 2244 1668 2295 anxietas:
1704 2245 1974 2296 consilium
2012 2247 2310 2298 Parmenio·

915 2322 1015 2372 nis.
1079 2324 1361 2389 Utriusque
1381 2327 1648 2376 exercitus
1669 2327 1979 2379 solicitudo:
2017 2327 2302 2380 Alexandri

749 2395 753 2398 ’
839 2464 845 2469 .
922 2415 1129 2451 somnus
1150 2404 1202 2453 in
1225 2405 1437 2455 multam
1460 2406 1647 2458 lucem.
1689 2408 1767 2458 Ut
1790 2408 1956 2460 aciem
1978 2409 2313 2482 disposuerit,

734 4197 847 4245 424.

921 2490 977 2532 et
1011 2483 1197 2534 milites
1237 2485 1492 2537 allocutus
1527 2489 1617 2556 sit.
1683 2490 1833 2542 Darii
1868 2491 1932 2542 ad
1973 2508 2090 2544 suos
2123 2491 2318 2545 oratio.'

918 2563 1108 2628 Pugna
1124 2566 1499 2636 committiturz
1531 2568 1751 2621 Barbari
1773 2572 2124 2624 Macedonum
2145 2573 2308 2639 impe-

917 2645 1147 2698 dimenta
1186 2649 1434 2714 capiunt:
1482 2648 1664 2720 falcati
1705 2663 1890 2705 currus·
1927 2654 2093 2705 *ferme
2137 2656 2304 2707 irriti:

917 2729 1188 2795 utriusque
1240 2732 1397 2797 Regis
1438 2723 1761 2798 periculumz
1814 2737 1967 2788 Darii
2010 2736 2151 2802 fuga,
2197 2744 2305 2788 turn

919 2810 1130 2861 Mazaei.
1199 2811 1498 2865 Alexander
1521 2816 1742 2866 Darium
1780 2816 1978 2868 frustra
2007 2826 2304 2883 persecutus

917 2890 970 2940 in
1007 2891 1179 2943 reditu
1222 2895 1568 2958 periclitatur.
1622 2899 1950 2956 Mortuorum
1985 2900 2050 2951 ab
2089 2908 2304 2967 utraque

913 2979 1065 3036 parte
1087 2987 1346 3029 numerus.

1181 3150 1479 3223 LIBER
1544 3156 1609 3239 Q
1624 3158 1999 3240 UINTUS.

875 3337 881 3342 ·
976 3304 1284 3359 ExArbelis
1300 3286 1486 3362 Darius
1504 3310 1558 3361 iu
1570 3311 1800 3363 Mediam
1816 3310 1951 3378 fugit
1967 3330 1982 3362 z
2000 3305 2300 3364 Alexander

913 3387 1241 3452 Babylonem·
1251 3392 1546 3455 contendit,
1563 3408 1717 3459 quam
1734 3395 1968 3445 Mazaeus
1989 3396 2167 3447 tradit.
2201 3394 2299 3444 Ur·

910 3468 1008 3527 bis,
1031 3470 1185 3532 arcis,
1204 3472 1398 3536 pontis,
1419 3473 1685 3524 hortorum
1699 3474 2052 3526 Semiramidis
2068 3475 2298 3539 descrip-

878 3548 1011 3598 tio.
1069 3550 1448 3617 supplementa
1492 3553 1794 3606 Alexandro
1834 3557 2092 3607 adducta:
2143 3557 2296 3607 variis

912 3627 1241 3692 praefecturae
1262 3633 1437 3685 dataez
1471 3641 1673 3685 mutata
1695 3635 1749 3685 in
1772 3636 2045 3700 disciplina
2076 3637 2301 3686 militari.

908 3708 1044 3759 Suza
1094 3725 1226 3762 cum·
1261 3714 1516 3764 thesauris
1564 3722 1805 3781 receptat
1860 3717 2051 3768 Uxiani
2096 3717 2297 3768 domiti.

911 3789 1212 3843 Alexander
1255 3795 1402 3859 Pylis
1440 3795 1670 3847 Persicis
1705 3796 1899 3848 frustra
1945 3799 2162 3849 tentatis
2201 3812 2298 3862 per

908 3871 1048 3922 aliud
1096 3874 1220 3938 iter,
1267 3865 1539 3927 Persidem
1584 3878 1889 3943 ingreditur.
1971 3878 2296 3942 Persepolim

911 3953 1153 4006 tendenti
1175 3958 1575 4022 captiviGraeci
1603 3967 1915 4011 occurruntz
1961 3961 2137 4010 horum
2170 3960 2299 4010 deli·

911 4031 1115 4088 beratio
1137 4037 1204 4086 de
1225 4039 1396 4090 reditu
1421 4040 1473 4090 in
1497 4042 1740 4106 patriam.

971 4114 1269 4182 Persepolis
1292 4118 1573 4185 diripitur:
1608 4122 1908 4187 Persagada
1926 4121 2169 4172 eduntur.

945 4195 1289 4260 Expeditio
1275 4214 1329 4249 in
1347 4202 1560 4278 Mardos
1570 4203 1834 4255 Persidis.
1854 4204 1997 4267 regia
2012 4202 2290 4253 Persarum

910 4272 1222 4332 incenditur.
1287 4282 1494 4335 Darius
1505 4297 1624 4337 suos
1662 4284 1726 4335 ad
1755 4283 2097 4337 constantiam
2118 4283 2291 4334 horta·

2386 546 2475 599 Ol.
2553 548 2687 601 Anni

2554 629 2700 682 Alex.

2434 1687 2483 1734 2.
2536 1676 2696 1736 AE‘tat.

2565 1769 2648 1815 26.
