2978 4933
541 358 674 424 122
1340 372 1399 422 J.
1445 371 1945 437 snssmsnssmr

539 517 793 579 transitu
833 514 1144 578 consilium
1185 528 1442 598 caperet,
1488 525 1507 553 ⁴
1531 517 1714 579 duces
1757 516 2107 579 convocari'
2145 516 2337 597 jubet.
2423 512 2717 596 Plerisque

539 621 559 649 ⁴
584 614 903 694 praecipitis
932 626 993 674 et
1030 613 1174 674 irriti
1202 619 1481 674 conatus·
1506 609 1858 687 videbatur}
1893 623 1908 649 ‘
1929 614 2168 674 fluvium
2190 612 2573 693 vprofundum
2604 632 2718 691 per·-

542 731 829 793 rumpere,
867 712 1051 791 ripam
1081 731 1190 774 sua
1231 723 1442 772 natura
1469 713 1712 773 arduam
1743 723 1921 792 atque
1957 711 2297 793 impeditam
2325 710 2718 770 obtinentibus

541 820 632 870 tot
672 810 931 890 equitum
975 810 1356 891 peditumque
1403 810 1662 871 millibus
1682 812 1720 872 τ’
1774 832 1883 873 nec
1926 809 2174 872 deerant
2227 810 2328 889 qui
2370 808 2716 887 ingererent,

538 914 557 941 ⁴
581 907 846 969 Daesium
875 926 1139 969 mensem
1157 908 1172 931 '
1199 908 1276 985 (is
1314 907 1471 968 enim
1517 909 1804 986 agebatur
1828 908 2012 969 Junio
2038 907 2433 987 respondens)
2461 909 2479 940 ‘
2507 905 2718 964 infaus-

538 1016 664 1064 tum
692 1024 787 1063 res
817 1004 1155 1083 gerentibus
1185 1004 1345 1084 apud
1373 1003 1743 1065 Macedonas
1770 1004 2011 1065 haberi!
2094 1007 2155 1065 5.
2199 1003 2291 1062 De
2320 1001 2588 1081 periculo
2613 1020 2716 1060 non

523 1101 774 1174 anxius,
803 1102 1279 1181 superstitionem
1326 1103 1484 1164 haud
1522 1102 1872 1164 contemsit:
1918 1121 2139 1181 gnarus
2167 1110 2455 1182 quantum
2484 1100 2549 1157 in
2578 1097 2719 1163 rudi·

524 1200 649 1259 bus
679 1199 888 1259 animis
919 1199 1140 1260 valeret
1166 1201 1344 1260 etiam
1375 1221 1544 1261 vanae
1572 1199 1872 1279 religionis
1910 1199 2133 1280 opini0.
2190 1260 2193 1263 ,
2218 1198 2400 1277 Igitur
2429 1197 2638 1267 edixit,
2663 1206 2720 1255 ut

536 1298 786 1375 repetito
815 1298 1022 1378 prioris
1064 1300 1285 1360 mensis
1327 1301 1589 1371 nomine,
1613 1318 1724 1380 pro
1767 1298 1972 1358 Doesio
2001 1298 2148 1359 alter
2175 1294 2522 1358 Artemisius
2552 1294 2719 1353 babe-

535 1404 717 1455 retur.
833 1397 891 1456 6.
951 1397 1026 1455 Et
1081 1416 1201 1475 quo
1257 1398 1569 1459 efficacius.
1623 1397 2108 1459 confirmarentur
2163 1394 2428 1454 attonitae
2481 1401 2721 1460 mentes,

536 1492 946 1562 Aristandrum
977 1497 1139 1571 (nam
1165 1494 1215 1555 is
1245 1495 1394 1557 forte
1413 1517 1522 1577 pro
1548 1494 1800 1556 transitu
1828 1493 2226 1567 sacrificabat)
2252 1501 2480 1550 secreto
2508 1486 2722 1548 moneri

521 1588 752 1668 ‚jubet,⁸
810 1598 825 1645 ,⁸
850 1601 916 1651 ut
964 1603 1342 1674 excepturam
1398 1605 1537 1654 exta
1590 1611 1831 1654 manum
1885 1591 2233 1652 inscriberet
2280 1587 2726 1656 medicamento,

525 1686 717 1749 -literis
746 1690 1018 1765 inversis,
1044 1711 1194 1770 quas
1224 1691 1562 1771 impositum
1580 1691 1751 1771 jecur
1775 1688 2007 1759 recenti¹
2023 1686 2223 1747 adhuc
2247 1684 2445 1745 calore
2474 1682 2725 1743 attrahe-

535 1794 647 1854 ret,
664 1797 972 1866 rectasque
999 1788 1348 1865 exprimeret
1369 1789 1404 1849 :'
1432 1788 1506 1848 iis
1530 1787 1993 1866 significabatur,
2023 1791 2039 1818 ‘
2062 1781 2404 1844 Alexandro
2427 1780 2724 1867 victoriam

527 1882 863 1942 concedere
888 1883 1090 1944 Deos.'
1132 1887 1192 1945 7.
1217 1883 1543 1965 Vulgatum
1560 1883 1625 1944 id
1648 1882 1996 1944 miraculum
2017 1890 2185 1941 tanta
2201 1878 2381 1938 futuri
2401 1898 2506 1959 spe
2529 1896 2724 1936 omnes

533 1978 819 2057 implevit,
851 1989 917 2040 ut
966 1987 1144 2060 ‘post
1190 1981 1320 2042 hoec
1370 1994 1493 2043 tam
1542 1991 1705 2044 certa
1752 1980 2012 2043 coelestis
2055 1977 2268 2038 favoris
2309 1976 2564 2055 pignora
2593 1972 2727 2032 nihil

530 2074 956 2137 dubitandum’
995 2079 1472 2140 conclamarent:
1541 2080 1627 2140 ita
1680 2078 1739 2138 in
1795 2077 2107 2138 maximam
2151 2077 2299 2136 bene
2329 2072 2627 2153 gerendae,
2652 2069 2727 2130 rei

519 2171 814 2231 -fiduciam
857 2187 991 2233 astu
1045 2173 1295 2247 inducti,
1340 2176 1644 2237 victoriam
1694 2175 1835 2255 quia
1880 2193 2047 2234 suam
2096 2191 2230 2233 esse
2279 2158 2743 2238 arbitrabantur,=

533 2282 877 2347 rapuerunt.
962 2274 1019 2329 8.
1065 2272 1196 2330 Rex
1224 2272 1445 2350 impetu
1489 2272 1813 2332 animorum
1842 2269 2130 2330 utendum
2175 2277 2358 2339 ratus,
2391 2284 2727 2346 quanquam

536 2378 813 2425 monente
862 2365 1300 2441 Parmenione,¹²
1351 2378 1369 2403 ‘
1396 2379 1463 2428 ut
1519 2367 1727 2428 saltem
1769 2368 2091 2447 proximam
2133 2367 2324 2427 lucem
2370 2360 2732 2443 operiretur’

531 2459 681 2539 (jam
731 2461 886 2522 enim
931 2460 1118 2542 >major
1162 2462 1276 2524 diei
1318 2485 1454 2545 pars
1506 2464 1858 2540 effluxerat,)
1906 2464 2117 2528 statim,
2142 2462 2478 2525 transduxit
2510 2461 2731 2541 copias,

535 2558 942 2620 Parmenionis
984 2559 1421 2623 solicitudinem
1453 2545 1599 2642 joco
1627 2571 1999 2641 prosecutus,
2040 2568 2057 2597 ⁴
2085 2558 2558 2623 erubescendum
2590 2557 2729 2618 Hel-

517 2656 808 2737 -lesponto
839 2660 986 2733 fore,
1029 2660 1077 2720 si
1126 2660 1228 2721 illo
1266 2670 1545 2741 superato
1580 2660 1765 2720 rivum
1808 2653 1968 2719 hunc
1996 2658 2247 2719 transire
2274 2652 2731 2722 cunctarentur?

534 2756 590 2814 9.
623 2755 930 2818 Tredecim
963 2759 1226 2839 equitum
1257 2764 1504 2830 turmoe‚¹
1529 2778 1664 2817 cum
1691 2758 1820 2836 ipso
1849 2776 1989 2835 rege
2009 2776 2114 2836 per
2130 2755 2507 2816 obluctantes
2542 2751 2729 2813 undas

533 2851 634 2911 vix
660 2853 868 2928 enisse,
912 2856 1256 2935 priusquam
1283 2854 1497 2915 stabile
1526 2863 1870 2933 certumque
1900 2852 2091 2913 solum
2121 2850 2481 2931 attigissent,
2510 2859 2614 2909 aut
2642 2868 2730 2908 or-

517 2946 704 3010 -dines
720 2949 872 3012 inter
890 2952 1313 3012 transeundum
1334 2950 1567 3010 luxatos
1583 2950 2037 3024 instaurassent,
2045 2947 2400 3010 circumfuso
2410 2945 2731 3012 ,Persarum

523 3046 801 3126 equitatu
822 3051 1204 3128 urgebantur.
1265 3050 1359 3108 10.
1388 3047 1623 3126 Quippe
1637 3066 1773 3107 cum
1794 3046 2101 3128 repudiato
2121 3044 2459 3105 Memnonis
2485 3042 2730 3103 consilio

516 3162 797 3222 :pugnare
818 3145 1362 3224 placuissent(nam
1384 3144 1611 3204 Arsites
1629 3144 1907 3225 Pbrygiae
1926 3148 2196 3223 satrapa‘
2214 3162 2286 3202 ne
2300 3162 2479 3201 unum
2491 3139 2728 3220 quidem

516 3241 839 3318 ¹tugurium
865 3261 1093 3316 eorum,
1122 3241 1223 3320 qui
1248 3240 1357 3300 sibi
1383 3241 1718 3316 subessent,
1739 3240 1978 3302 incendi
2006 3259 2072 3301 se
2094 3258 2412 3320 passurum
2435 3238 2449 3260 '
2479 3238 2731 3297 affirma·

521 3347 734 3406 ,verat3
767 3337 943 3418 inque
965 3340 1094 3419 ejus
1114 3337 1469 3400 sententiam
1493 3358 1529 3397 a
1555 3325 1767 3407 ceteris
1795 3340 1940 3398 itum
1966 3341 2118 3413 erat)
2145 3337 2222 3396 ad
2254 3336 2577 3396 Granicum
2607 3354 2731 3393 am-

535 3453 668 3494 nem
700 3455 835 3495 eum
862 3447 1099 3496 centum
1127 3435 1393 3517 peditum
1424 3436 1704 3507 millibus,
1729 3435 1939 3515 viginti
1966 3434 2230 3514 equitum
2248 3437 2273 3471 ¹¹
2312 3433 2729 3503 consederant,

512 3530 775 3591 -flumine
805 3551 910 3610 pro
938 3533 1304 3593 munimento
1332 3535 1521 3606 usuri,
1550 3545 1611 3594 et
1637 3533 1897 3594 vicissim
1925 3550 2056 3592 eam
2083 3530 2247 3591 velut
2286 3530 2452 3589 Asiae
2503 3541 2729 3609 portam

530 3628 791 3689 venienti
821 3629 1163 3690 Alexandro
1191 3629 1539 3690 obseraturi.
1632 3632 1723 3689 ll.
1769 3629 1956 3708 Cujus
1985 3627 2245 3687 adventu
2274 3626 2534 3705 cognitO,
2561 3625 2728 3704 equi-

529 3736 739 3797 tatum,
769 3726 828 3785 in
859 3746 978 3806 quo
1000 3728 1180 3787 robur
1203 3737 1331 3787 erat
1356 3727 1585 3800 virium,
1617 3727 1702 3786 ita
1744 3725 2061 3796 collocant,
2106 3735 2174 3783 ut
2217 3733 2426 3792 contra
2460 3722 2730 3782 dextrum

533 3820 935 3884 Macedonum
964 3845 1169 3899 cornu,
1192 3823 1355 3904 quod
1382 3826 1510 3905 ipse
1537 3844 1639 3885 rex
1656 3824 1948 3884 ducebat¹
1975 3827 2137 3899 (nam
2168 3820 2468 3890 sinistrum
2491 3818 2727 3879 Parme·

598 4004 620 4036 f
646 4008 792 4058 Plut.
812 4009 962 4061 Alex.
987 4027 1039 4076 p.
1058 4019 1174 4067 672.
1194 4016 1404 4066 Arrian.
1426 4018 1462 4067 1.
1485 4019 1521 4066 1.
1733 4009 1758 4044 ¹
1790 4009 1944 4060 Diod.
1981 4009 2089 4058 Sic.
2130 4020 2270 4057 xvn.
2311 4021 2363 4070 p.
2392 4011 2502 4057 572.
2525 4005 2728 4056 Aru-ian.

596 4090 623 4125 Β
654 4085 887 4135 Frontin.
905 4087 1135 4154 Strateg.
1160 4104 1199 4144 1,
1225 4096 1304 4142 11.
1331 4095 1409 4141 14.
1669 4102 1709 4138 1.
1732 4092 1811 4137 15.
1831 4087 1865 4154 J
1872 4085 2024 4135 ustin.
2045 4097 2122 4133 ιι.
2145 4088 2194 4133 6.
2220 4088 2300 4133 10.

597 4157 622 4190 ¹⁸
660 4159 803 4211 Plut.
823 4160 975 4214 Alex.
995 4165 1031 4214 l.
1055 4166 1090 4216 l.
1115 4163 1323 4218 Arrian.
1346 4167 1435 4216 1.1.
1734 4163 1750 4198 ¹
1781 4163 1990 4218 Arriau.
2015 4162 2049 4213 l·
2072 4162 2107 4212 l.
2135 4160 2291 4213 Diod.
2315 4159 2349 4211 l.
2371 4161 2407 4212 1.

598 4234 613 4271 ὅ
650 4236 795 4289 Plut.
814 4239 850 4288 1.
870 4239 905 4292 l.
