2978 4933
940 921 1069 1015 Q.
1175 919 1777 1014 CURTII
1891 918 2293 1010 RUFI

1110 1183 1267 1259 DE
1337 1181 1694 1260 REBUS
1763 1181 2135 1260 GESTIS

662 1429 1338 1510 ALEXANDRI
1426 1430 1757 1510 REGIS
1839 1426 2579 1511 MACEDONUM

1349 1687 1687 1766 LIBER
1766 1687 1910 1762 vl.

1340 2204 1612 2253 ARGUM
1627 2203 1920 2252 ENTUM.

522 2380 658 2430 Cu.
679 2391 719 2427 ι.
787 2378 964 2428 Praelii
990 2377 1132 2428 inter
1154 2375 1583 2427 Lacedaernonios
1616 2382 1780 2440 atque
1818 2374 2139 2425 Macedones
2175 2374 2485 2440 descriptio.
2555 2374 2724 2441 Agidis

583 2474 740 2530 mors.
808 2459 1052 2525 Superati
1076 2457 1138 2508 ad
1159 2456 1515 2508 Alexandrum
1535 2457 1760 2521 legatos,
1781 2455 1986 2507 veniam
2009 2454 2320 2508 defectionis
2344 2462 2598 2519 oraturos,
2616 2455 2725 2505 mit>-

585 2549 703 2593 tunt
724 2557 740 2604 ς
774 2557 930 2607 quam
953 2541 1255 2605 impetrant.
1322 2554 1388 2590 ιι.
1423 2539 1729 2589 Alexander
1751 2538 1890 2590 bello
1914 2538 2141 2589 invictus
2160 2539 2271 2589 otio
2295 2545 2352 2588 et
2369 2538 2573 2588 deliciis
2593 2537 2723 2595 frang-

585 2624 745 2688 gitur.
803 2623 1000 2673 Rumor
1023 2623 1076 2672 in
1098 2623 1284 2673 castris
1308 2622 1375 2671 de
1399 2621 1575 2672 reditu
1597 2621 1649 2669 in
1668 2620 2053 2672 Macedoniarn.
2121 2635 2208 2671 ιιι.
2244 2619 2555 2671 Hortatoria
2575 2618 2726 2668 Alex·

584 2702 736 2757 andri
759 2705 826 2756 ad
850 2704 1039 2757 milites
1062 2705 1248 2769 oratio,
1272 2712 1332 2756 ut
1353 2703 1566 2766 bellum,
1589 2703 1642 2752 in
1678 2703 1804 2753 Asia
1827 2703 2140 2768 inchoatum,
2166 2710 2550 2769 persequantur
2571 2708 2625 2751 et
2645 2700 2725 2749 ab·

587 2788 806 2840 solvant.
870 2802 948 2838 ιν.
980 2787 1237 2851 Ziobetis,
1273 2786 1388 2858 miri
1426 2783 1672 2849 fluminis,
1715 2786 2019 2850 descriptio.
2087 2785 2391 2836 Alexander
2425 2781 2729 2842 Nabarzani,

584 2883 684 2933 per
717 2869 897 2919 literas
917 2871 1144 2920 salutem
1166 2868 1443 2934 quaerenti,
1466 2867 1670 2916 veniam
1693 2868 1989 2931 pollicetur.
2055 2867 2289 2931 Deinde,
2312 2865 2631 2932 Hyrcaniam
2654 2863 2726 2911 in-

586 2964 814 3015 gressus,
854 2950 1105 3015 quosdam
1133 2949 1286 3000 Darii
1322 2948 1601 3016 praefectos
1631 2949 1686 2999 in
1707 2947 2100 3013 fidem-recipit.
2165 2963 2222 3000 v.
2257 2948 2524 2998 Artabazo
2544 2957 2725 2996 summa

588 3045 707 3081 cum
729 3032 886 3082 anImi
918 3032 1285 3082 benevolentia
1316 3036 1565 3095 excepto,
1589 3031 1816 3094 Graecis,
1848 3032 1938 3097 qui
1968 3031 2186 3081 Darium
2207 3030 2543 3094 adjuverant,
2562 3025 2727 3098 parcit

586 3111 911 3177 Alexander,
944 3121 1018 3177 et,
1051 3113 1354 3164 Mardorum
1380 3121 1542 3179 gente
1578 3112 1856 3175 debellata,
1889 3112 2219 3162 Amazonicae
2242 3111 2518 3176 cujusdam
2540 3108 2725 3174 reginae

583 3192 831 3258 petitioni
856 3192 1127 3246 satisfacit.
1192 3208 1270 3244 vr.
1303 3192 1628 3244 Macedones
1650 3193 1939 3244 Alexandri
1964 3191 2302 3243 offenduntur
2327 3192 2593 3241 moribus:
2624 3189 2728 3254 qni,

587 3278 648 3323 ut
668 3272 978 3324 seditionem
1014 3280 1297 3339 averteret,
1325 3274 1392 3323 ad
1423 3274 1618 3324 bellurn
1650 3275 1816 3324 Besso
1839 3272 2166 3323 inferendum
2199 3278 2427 3323 mentem
2463 3270 2726 3323 convertit.

585 3354 742 3407 Quod
763 3361 819 3405 et
838 3362 1210 3420 strategemate
1236 3357 1480 3418 inchoat;
1518 3360 1580 3407 ac
1597 3357 2005 3418 Satibarzanem,
2026 3356 2266 3405 Ariorum
2289 3362 2576 3418 satrapam,
2601 3350 2726 3417 quod

470 3471 476 3476 ·
586 3434 890 3500 defecisset,
923 3437 1152 3502 primum
1189 3439 1537 3503 persequitur,
1570 3437 1819 3488 barbaros
1849 3452 1881 3486 a
1916 3435 2178 3487 montibus
2211 3435 2464 3500 dispellit,
2490 3435 2726 3484 Artacac·

584 3533 705 3567 nam
728 3528 997 3584 expugnat
1017 3526 1175 3586 atque
1202 3521 1254 3570 in
1278 3522 1635 3588 Drangianam
1656 3528 1850 3571 movet.
1919 3533 2019 3571 vu.
2053 3518 2482 3583 Conjurationem
2512 3516 2725 3567 inAlex·

586 3598 803 3650 andrum
826 3603 1065 3665 Dymnus
1099 3603 1433 3667 Nicomacho,
1453 3603 1540 3654 bic
1566 3618 1661 3667 per
1686 3601 1995 3653 Cebalinum
2018 3601 2234 3651 fratrem
2257 3599 2562 3649 Alexandro
2595 3600 2725 3646 dete-

587 3682 683 3746 git.
729 3682 870 3732 Hinc
896 3698 1031 3733 mors
1055 3684 1269 3748 Dymni,
1290 3685 1378 3749 qui
1401 3686 1516 3749 ipse
1536 3684 1634 3734 sibi
1655 3698 1836 3733 manus
1859 3682 2036 3733 infert.
2092 3696 2222 3732 νιιι.
2247 3680 2548 3731 Amicorum
2573 3678 2724 3743 regio—

585 3776 702 3812 rum
724 3764 938 3814 consilio
967 3765 1224 3827 Philotas,
1239 3765 1602 3815 Parmenionis
1621 3764 1782 3828 filius,
1798 3762 2171 3828 conjurationis
2194 3767 2378 3812 auctor
2396 3767 2452 3810 et
2470 3760 2724 3825 particeps

588 3843 834 3908 creditus,
858 3847 1085 3911 capitur,
1107 3861 1168 3897 ac
1203 3848 1377 3898 velato
1401 3846 1580 3911 capite
1615 3846 1666 3895 in
1692 3845 1886 3910 regiam
1909 3842 2203 3894 abducitur.
2270 3856 2352 3893 lx.
2390 3843 2477 3891 De
2499 3842 2725 3906 conjura·

588 3924 732 3974 tione
762 3926 1008 3976 adversus
1046 3928 1289 3978 Philotan
1326 3926 1738 3992 expostulatoria
1758 3924 2048 3976 Alexandri
2080 3924 2147 3975 ad
2171 3925 2359 3976 milites
2383 3923 2571 3973 oratio.
2636 3921 2722 3970 Co·

590 4019 698 4053 ram
722 4006 910 4068 quibus
934 4005 1172 4059 Philotas
1197 4008 1455 4058 adductus
1480 4007 1836 4058 defensionem
1862 4012 2032 4071 parat.
2099 4019 2158 4056 x.
2191 4004 2542 4070 Apologetica
2562 4001 2722 4051 Philo·

589 4093 659 4134 tae
683 4086 868 4149 oratio,
887 4102 989 4151 qna
1011 4089 1381 4152 conjurationis
1402 4075 1789 4139 accusationem
1810 4102 1904 4151 pro
1927 4087 2176 4137 concione
2198 4085 2412 4135 refellit.
2480 4098 2563 4133 xl.
2597 4085 2722 4133 Cou-

590 4165 673 4214 cio
718 4178 748 4213 a
788 4165 1010 4230 quodam
1048 4170 1248 4218 Belone
1283 4184 1508 4220 accensa
1538 4169 1589 4219 in
1628 4169 1873 4219 Philotan
1906 4168 2102 4231 surgit3
2139 4167 2228 4233 qui
2267 4165 2423 4230 paulo
2456 4171 2595 4228 post,
2614 4175 2720 4213 cum

590 4252 943 4314 torqueretur,
961 4251 1132 4300 scelus
1153 4250 1370 4315 fatetur,
1393 4264 1614 4315 cumque
1633 4249 1847 4315 reliquis
1871 4248 2097 4299 sontium
2119 4250 2255 4299 saxis
2277 4246 2528 4298 obruitur.
