2978 4933
472 399 604 469 222

476 558 904 645 Hellesponti
948 561 1175 622 tenent
1221 552 1659 635 coloniasque
1676 557 1705 586 ⁰
1754 547 2144 615 Graecorum
2195 543 2428 610 Ionias
2487 540 2673 609 omui

478 666 671 734 clade
698 662 1026 730 vastavit:
1072 680 1225 725 cum
1253 675 1497 740 magno
1528 652 1769 719 deinde
1807 650 2106 718 exercitu
2148 668 2327 715 mare
2353 648 2693 733 trajecit?

475 772 663 840 illato
735 765 1158 832 Macedoniae
1204 769 1275 826 et
1326 760 1618 825 G-raeciae
1666 756 1874 822 bello.
1982 754 2090 819 11.
2167 753 2429 818 Rursus
2500 750 2681 835 [rex]

479 873 803 941 Xerxes?
846 869 1089 954 [gentis
1117 861 1450 950 ejusdem]
1479 860 1566 925 ad
1597 857 2084 944 oppugnandos
2105 874 2228 918 nos
2259 871 2409 917 cum
2436 855 2680 917 imma-

479 977 663 1040 nium
709 975 1144 1038 barbarorum
1189 965 1406 1050 copiis
1451 961 1665 1028 venit:
1713 960 1832 1045 qui
1873 958 2101 1024 navali
2142 956 2377 1042 praelio
2429 957 2681 1032 victuS,

483 1076 915 1143 Mardonium
952 1081 1175 1139 tamen
1215 1068 1487 1151 reliquit
1529 1067 1600 1131 in
1648 1063 1958 1144 Graecia3
2003 1068 2074 1127 ut
2123 1063 2364 1126 absens
2404 1078 2682 1142 quoque

479 1182 905 1267 popularetur
932 1178 1154 1254 urbe3‚
1187 1193 1378 1259 agros
1406 1176 1639 1238 ureret.
1726 1169 1833 1233 12.
1878 1167 2266 1250 Philippum
2287 1171 2313 1210 ‘¹
2364 1181 2527 1227 vero
2562 1180 2687 1244 pa-

937 412 1006 471 Q.
1052 407 1314 458 courir
1366 405 1548 455 nuri
1597 390 1736 452 nui.
1787 402 1890 452 iv.
1935 402 2096 450 cAP.
2143 384 2203 447 l.

1404 1335 1776 1361 ΜΟΙΝΙΝΟ

481 1449 634 1511 cujus,
654 1451 735 1512 ξε.
804 1449 1015 1508 Graecos,
1048 1449 1295 1510 quierem
1331 1442 1633 1509 Hellesponti
1668 1445 1848 1501 teneat,
1883 1437 2173 1498 coloniasque
2198 1434 2480 1482 Graecorum
2500 1428 2688 1481 Ionias.

487 1514 569 1563 of.
592 1512 790 1565 Herod.
810 1528 862 1563 v.
889 1513 955 1562 ab
979 1513 1160 1562 initio.⁸
1190 1511 1479 1560 Solimieder.
1550 1509 1667 1557 Pal.
1692 1512 1739 1557 1.
1762 1506 1843 1570 qui
1863 1504 2028 1553 horam
2048 1502 2108 1551 H
2111 1500 2325 1550 .'tenent.
2350 1496 2471 1547 Ald.
2510 1495 2695 1558 Lugd.

488 1579 710 1629 Frob.et
734 1577 903 1628 Amst.
926 1578 1211 1627 Ionas.—ll
1250 1579 1415 1638 Bong.
1451 1580 1501 1625 2.
1536 1576 1768 1623 Florent.
1809 1568 1956 1619 Leid.
1988 1576 2044 1618 et
2073 1566 2222 1616 Voss.
2259 1569 2304 1613 l.
2339 1567 2389 1613 2.
2428 1562 2691 1610 omittunt

486 1658 591 1695 rex.
662 1645 893 1694 Florent.
943 1643 1088 1692 Leid.
1130 1650 1185 1692 et
1221 1641 1373 1690 Voss.
1415 1643 1465 1689 2.
1506 1639 1706 1693 Xerses.
1752 1637 1907 1689 Voss.
1938 1638 1989 1691 2.
2022 1630 2219 1681 omittit
2255 1627 2414 1689 gentis
2457 1625 2688 1686 eiusdem·

486 1708 606 1759 Pal.
648 1714 693 1759 1.
738 1711 800 1759 ad
846 1709 1220 1773 oppugnandum.
1274 1706 1447 1768 Mar-g.
1484 1704 1570 1754 ed.
1630 1700 1829 1765 Gryph.
1880 1713 1984 1747 cum
2038 1695 2320 1744 immanibus
2376 1691 2694 1740 barbarorum

484 1775 652 1847 copiis.
704 1775 936 1826 Florent.
977 1773 1270 1840 copularetur
1299 1771 1455 1823 urbes.
1512 1769 1669 1821 Voss.
1692 1772 1737 1819 1.
1772 1779 1916 1831 agros
1936 1764 2266 1812 cinerea—12
2298 1757 2557 1822 Philippus
2579 1768 2691 1805 vero

1483 1914 1700 1969 NOTAE
1792 1972 1799 1977 ἡ

1630 2017 1733 2079 vel,
1788 2019 1848 2064 nt
1893 2010 2213 2073 aliisbvisum
2256 2013 2357 2066 est,
2403 2004 2702 2070 sexaginta,

1629 2107 1783 2163 qnam
1803 2107 1865 2141 eo
1882 2094 2285 2151 venerantssum
2308 2098 2409 2133 non
2426 2080 2701 2132 sufficeret

487 2024 576 2076 lib.
600 2038 680 2075 ιν.
730 2022 850 2073 Utri
874 2037 998 2072 vero
1022 2022 1207 2084 Dario,
1229 2022 1462 2085 primone
1485 2033 1552 2069 an

489 2102 693 2161 ultime,
738 2101 936 2151 Celeris
990 2114 1172 2148 nomen
1221 2097 1550 2150 tribuendum

491 2180 579 2236 sit,
617 2178 913 2245 ambigitur.
982 2177 1213 2233 Raderus
1268 2191 1386 2231 cnm
1428 2173 1552 2224 Gla-

493 2268 653 2308 reano
681 2255 814 2307 Celes
846 2252 1013 2316 primo
1057 2267 1181 2304 casu
1214 2251 1415 2314 legunt,
1451 2263 1551 2298 nec

493 2328 738 2384 dubitant
770 2328 836 2377 de
881 2328 1041 2377 Dario
1094 2327 1372 2390 Hystaspis
1415 2325 1552 2377 acci-

494 2402 759 2468 piendum,
782 2402 929 2466 cujus
952 2403 1005 2451 in
1022 2401 1305 2466 Epitaphio
1327 2401 1550 2463 legitur:

488 2478 682 2529 Ἱππεὺς
718 2478 797 2528 καὶ
832 2478 1030 2542 τοξότης
1079 2478 1270 2543 ἄριστος
1306 2476 1555 2541 ἐγενόμην,

495 2559 655 2622 Eques
675 2557 795 2623 (hoc
821 2568 919 2614 est,
938 2556 1096 2623 Celes)
1108 2556 1435 2622 optimusfniz
1457 2556 1555 2605 ita·

496 2648 598 2701 qne
632 2635 727 2686 hec
765 2635 838 2690 illi
874 2649 1163 2698 cognomen
1199 2632 1395 2683 factum
1422 2646 1565 2690 esse..

485 2712 666 2764 Paulo
703 2712 941 2765 subtilior
979 2710 1319 2761 Freinshemii
1351 2710 1556 2774 conjec-

495 2793 636 2849 tura,
678 2788 754 2837 sic
791 2789 1068 2853 legendum
1102 2788 1395 2852 opinantis:
1446 2789 1562 2837 Rex

498 2865 772 2915 Alexander
791 2865 947 2915 Dario
969 2865 1141 2914 Celeri.
1186 2865 1293 2920 Ille,
1313 2866 1396 2927 6⁶⁶.
1442 2864 1562 2913 Hoc

499 2941 696 3008 qnippe
719 2957 999 3005 cognomen
1036 2941 1377 2992 retundendas
1412 2941 1561 2990 Darii

498 3011 756 3082 superbias
793 3033 951 3073 causa
987 3016 1217 3076 additum
1242 3018 1307 3074 ab
1334 3016 1560 3074 Alexan-

503 3096 618 3156 dro,
644 3097 724 3145 vel
748 3103 807 3144 ut
830 3094 1013 3159 prioris
1034 3092 1259 3144 fortunae
1283 3092 1562 3151 vilitatem,

499 3171 701 3236 (fuerat
734 3172 927 3236 quippe
966 3170 1099 3219 Ochi
1140 3168 1301 3232 Regis
1339 3165 1563 3232 cursor,)

501 3248 586 3296 vel
613 3253 667 3297 ut
691 3245 865 3310 fugam
889 3261 957 3296 ex
978 3245 1143 3294 Issico
1168 3245 1351 3307 praelio
1373 3258 1563 3307 expro-

502 3326 711 3385 braret;
746 3339 918 3389 quam,
940 3329 997 3373 ut
1019 3322 1259 3385 vidimus,
1281 3334 1564 3372 conscenso

505 3416 641 3468 equo
667 3401 974 3465 arripuerat.
1494 3401 1497 3404 ’

566 3486 605 3520 ¹¹³
640 3477 792 3539 Cnu'us
810 3477 1000 3541 nomen]
1047 3478 1177 3528 Cum
1219 3477 1361 3526 enim·
1396 3475 1564 3526 Codo-

505 3569 723 3606 mannus
762 3556 904 3619 prius
942 3556 1312 3619 appellaretur,
1355 3556 1409 3603 in
1451 3567 1567 3615 reg-

504 3648 631 3683 num
648 3631 762 3697 jam
800 3640 1011 3683 evectus
1050 3631 1203 3682 Darii
1242 3644 1428 3680 nomeu
1467 3629 1569 3679 sibi

505 3710 749 3759 sumsisse
773 3708 1010 3760 traditur.
1042 3709 1179 3760 Just.
1202 3708 1292 3757 lib.
1321 3721 1379 3757 x.
1446 3706 1571 3755 Heb-

506 3785 732 3856 lesponti]
763 3785 881 3834 Lib.
906 3797 991 3833 m.
1016 3793 1141 3847 cap:
1162 3788 1208 3834 1.

571 3870 596 3895 ¹¹
633 3861 873 3925 Coloniae]
908 3862 1080 3920 Iones,
1116 3861 1336 3911 Graeciae
1375 3858 1574 3924 populi,

509 3939 578 3988 ab
618 3940 744 3988 Ione
782 3939 948 3987 Xuthi
990 3938 1095 3987 filio
1128 3937 1277 3998 dicti,
1319 3935 1571 3985 Achaiam

510 4015 659 4065 initio
698 4015 1038 4065 incoluerant.
1119 4012 1251 4063 Inde
1286 4012 1419 4077 pulsi
1459 4018 1571 4061 tum

512 4105 630 4141 cum
658 4092 953 4141 Heraclida
978 4091 1029 4140 in
1053 4092 1469 4159 Reloponnesum
1489 4087 1570 4138 1·θὲ-

514 4169 742 4229 dierunt,
763 4182 897 4217 anno
939 4175 1057 4231 post
1097 4167 1356 4217 excidium
1386 4166 1572 4230 Troja-

517 4260 636 4293 num
675 4244 1043 4307 octuagesimo,
1066 4244 1117 4293 iu
1156 4243 1391 4293 Atticam
1427 4240 1573 4305 fuge·

513 4329 656 4373 rant:
697 4320 812 4387 sed,
845 4327 966 4385 post
1003 4335 1166 4372 annos
1200 4320 1573 4387 quinquaginta

1612 2472 1790 2534 ,urbes
1831 2462 2196 2527 condiderunt.

1614 2552 1820 2602 'Croeso
1843 2556 1902 2606 et,
1920 2548 2080 2613 Lydis
2103 2563 2134 2598 a
2172 2548 2309 2612 Cyro
2348 2543 2549 2608 majore
2584 2542 2708 2594 suh-

1630 2164 1951 2218 multitudini
1972 2163 2142 2227 regio,
2158 2161 2210 2210 in
2232 2175 2345 2210 eam
2370 2158 2517 2208 Asiae
2552 2170 2703 2209 oram
2734 2221 2739 2227 .

1631 2245 1922 2308 migrarunt
1953 2255 2069 2306 quae
2100 2239 2166 2288 ab
2199 2238 2301 2288 illis
2321 2234 2478 2286 Ionia
2497 2248 2703 2285 nuncu·

1634 2329 1759 2386 pata
1803 2326 1914 2381 est3
1960 2317 2049 2367 ubi
2078 2318 2371 2379 Smyrnam,
2406 2311 2704 2376 Ephesum,

1633 2398 1899 2458 Miletum,
1914 2395 2177 2450 Prienem,
2200 2391 2430 2452 aliasque
2448 2389 2706 2453 plurimas

2285 2466 2377 2530 Hi,
2426 2481 2535 2516 una
2586 2480 2707 2517 cum

1639 2628 1764 2696 acti,
1785 2627 2030 2678 adversus
2053 2622 2272 2678 Darium
2305 2619 2596 2685 Hystaspis
2624 2633 2706 2668 re-

1637 2706 1914 2764 bellarant3
1950 2702 2133 2768 quibus
2155 2699 2399 2764 opitulati
2418 2695 2712 2748 Athenien-

1636 2781 1900 2845 ses-Regis
1923 2781 1973 2828 in
1996 2793 2052 2828 se
2073 2779 2200 2828 iram
2224 2776 2577 2827 concitarunt.
2696 2779 2701 2786 “

1700 2868 1725 2893 ⁰
1763 2858 1997 2922 Trnjecit]
2046 2857 2167 2906 Non
2206 2855 2320 2919 ipse
2355 2851 2569 2919 quidem
2615 2864 2712 2915 per

1639 2952 1693 2987 se
1713 2957 1726 3000 ;
1761 2936 1816 2986 id
1839 2936 1975 2985 enim
1998 2933 2159 2983 semel
2181 2931 2388 2982 omnino
2410 2930 2477 2979 ab
2509 2942 2575 2978 eo
2600 2926 2711 2978 fac-

1641 3023 1751 3070 tum
1775 3014 2008 3078 legimus,
2029 3008 2233 3072 cum,‚in
2255 3007 2478 3076 Scythas
2494 3005 2714 3065 ducens,

1641 3088 1965 3154 Bosphorum
2002 3086 2280 3138 Thracium
2321 3089 2481 3147 ponte
2511 3081 2715 3147 junxit,

1645 3169 1840 3231 aliquot
1859 3172 1979 3215 ante
2002 3163 2148 3214 annis
2171 3176 2322 3228 quam
2342 3160 2499 3209 Iones
2516 3156 2715 3208 defice-

1646 3249 1779 3305 rent,
1803 3248 1960 3306 atque
1996 3254 2026 3289 a
2059 3238 2225 3288 Dario
2257 3235 2460 3285 cladem
2504 3234 2716 3297 accipe·

1646 3326 1784 3371 rent.
1865 3316 1973 3369 Sed
2018 3315 2080 3365 iis
2123 3312 2332 3363 domitis
2374 3309 2712 3362 Mardonium

1649 3410 1895 3461 generum
1911 3395 1966 3443 in
1977 3391 2252 3442 Thraciam
2270 3396 2326 3439 et
2343 3387 2716 3439 Macedoniam

1649 3472 1871 3524 transire
1901 3470 2073 3535 jussit,
2104 3482 2232 3533 quas
2276 3467 2389 3531 ipse
2428 3465 2649 3528 Darius,
2684 3479 2717 3515 a

1649 3548 1900 3614 Scythica
1937 3544 2272 3610 expeditione
2295 3541 2547 3606 fugientis
2575 3553 2719 3592 more

1650 3625 1877 3681 rediens,
1901 3638 1997 3687 per
2031 3622 2377 3690 Megabyzum
2415 3618 2716 3682 subegerat.

1654 3702 1855 3754 Herod.
1873 3702 2095 3749 Pansae.
2118 3698 2326 3749 Cornel.
2347 3697 2482 3760 Nep.
2497 3696 2698 3748 Justin.

1717 3787 1744 3821 P
1776 3780 1890 3828 Rex
1911 3774 2128 3838 Xerxes]
2149 3774 2288 3824 Vide
2313 3787 2491 3836 supra,
2513 3772 2609 3823 lib.
2633 3785 2718 3822 ιιι.

1651 3872 1770 3921 cap.
1811 3862 1892 3909 11.
1977 3851 2289 3916 Immaaium]
2343 3850 2539 3901 Melius
2580 3848 2716 3900 forte

1716 4018 1743 4052 ‘1
1781 4007 2081 4073 Philippum]
2107 4007 2224 4057 Hoc
2256 4003 2609 4056 ad'invidiam
2630 4018 2717 4067 pa·

1651 4095 1817 4138 ternae
1841 4086 2003 4137 caedis
2025 4086 2077 4134 in
2097 4086 2284 4134 Persas
2306 4080 2718 4133 transferendam

1651 4165 1849 4215 dictum
1885 4162 2092 4213 videtur
2124 4162 2290 4224 magis
2317 4174 2472 4226 qnam
2499 4158 2567 4207 ad
2590 4156 2720 4207 veri·

1651 4248 1831 4293 tatem.
1883 4239 2019 4289 Vide
2038 4238 2224 4303 Suppl.
2250 4234 2610 4297 Freinshemii,
2630 4232 2716 4283 lib·

1650 4332 1692 4369 1.
1715 4333 1832 4385 cap.
1851 4320 1932 4369 10.
1959 4328 2252 4383 quanquam
2274 4312 2414 4379 apud
2437 4310 2715 4363 Attianum
