2978 4933
896 389 1259 441 eruorem.
1308 364 1927 441 cunouonoema'.
2421 376 2509 441 61

317 535 381 587 A.
404 535 460 587 C.
527 536 594 587 U.
621 535 684 588 C.
738 536 852 586 illos
880 536 1030 587 ratio.
1097 536 1241 601 Nysa
1280 524 1546 587 deditione
1588 506 1815 600 capitur.
1876 535 2128 587 Macedo·
2194 536 2283 590 Ol.
2366 536 2502 588 Anni

354 2876 464 2922 326.
529 2878 645 2926 428.

370 4172 474 4222 325.
530 4174 642 4222 429.

732 630 855 666 num
885 617 1181 667 Bacchatio
1220 617 1274 666 in
1307 622 1482 667 monte
1525 616 1699 667 Mero.
1782 617 1958 668 Variae
2007 618 2131 669 inde
2356 619 2510 670 Alex.

734 697 892 748 nrbes
915 705 1122 763 captae:
1155 697 1441 748 Alexandri
1463 699 1650 748 vulnus
1673 698 1739 749 ad
1761 698 2004 764 Mazagas
2027 699 2128 751 As·

734 781 909 830 sacaui
932 781 1148 845 regiam.
1215 779 1422 831 Aornos
1441 786 1596 844 petra
1618 780 1966 833 describitur:
2002 797 2128 847 quo-

732 860 886 911 modo
907 861 1055 911 Indis
1078 860 1437 912 deserentibus
1460 869 1616 926 capta
1639 858 1726 913 si't.
1793 862 1957 912 Indus
1978 862 2123 928 traji-

733 942 871 993 citur
890 943 955 993 ab
978 942 1299 993 Alexandro.

769 1023 989 1087 Omphis
1003 1024 1296 1075 Taxilorum
1314 1025 1429 1077 Rex
1441 1023 1640 1074 amicus
1658 1024 1892 1075 occurrit
1912 1042 1925 1074 ε
1950 1039 2127 1075 mune-

734 1119 795 1154 ra
812 1106 950 1154 ultro
966 1106 1204 1171 citroque
1219 1104 1361 1155 data.
1424 1104 1541 1154 Iter
1559 1104 1623 1154 ad
1639 1104 1943 1170 Hydaspem
1958 1123 1975 1156 :
2000 1106 2127 1157 Pori

735 1186 901 1249 copias
915 1203 928 1236 :
946 1187 1083 1236 levia
1096 1185 1357 1251 utrimque
1371 1184 1681 1236 certamina:
1701 1184 1987 1237 Alexandri
1998 1194 2129 1238 stra·

738 1275 973 1331 tagema:
1009 1269 1258 1333 procella
1289 1272 1586 1333 opportuna
1607 1267 1813 1317 occasio
1837 1268 1901 1317 ad
1934 1268 2127 1332 trajici·

736 1349 925 1399 endum·
966 1350 1284 1414 Hydaspem.
1361 1347 1563 1413 Pugna:
1611 1348 1957 1413 praeludium:
1997 1348 2122 1400 Pori

736 1431 908 1482 acies:
942 1431 1290 1481 Macedonum
1334 1430 1387 1481 iu
1426 1444 1543 1480 eam
1583 1429 1842 1481 incursus:
1879 1429 2126 1480 Indorum

736 1512 1063 1577 perturbatio
1081 1520 1137 1562 et
1154 1511 1304 1577 fuga.
1349 1511 1702 1564 Macedonum
1728 1518 1899 1561 terror
1920 1510 1984 1561 ab
2007 1510 2124 1561 Ele·

736 1593 967 1658 phautis‚
981 1610 1110 1660 quos
1124 1595 1314 1645 deinde
1337 1594 1636 1645 vulneribus
1655 1595 1882 1644 irritatos
1904 1591 2124 1657 fugant:

737 1675 904 1725 Porus
942 1675 1152 1739 egregia
1183 1675 1327 1725 edita
1357 1690 1530 1740 pugna
1563 1675 1736 1741 fugit:
1768 1675 2126 1741 insequentem

739 1754 1099 1807 Alexandrum
1111 1757 1439 1822 Bucephalas
1461 1757 1684 1809 moriens
1707 1757 1978 1807 destituit:
2013 1763 2126 1806 tan·

739 1836 856 1885 dem
891 1837 1058 1887 Porus
1081 1838 1321 1903 capitur:
1356 1838 1581 1903 Regium
1620 1838 1758 1888 illius
1789 1851 2124 1902 responsum:

738 1916 1026 1970 Alexandri
1051 1920 1102 1970 iu
1126 1935 1240 1969 eum
1265 1921 1580 1971 humanitas.

994 2170 1000 2176 .
1072 2075 1368 2142 LIBER
1414 2074 1773 2141 NONUS.

801 2226 1020 2276 Duabus
1043 2226 1258 2277 urbibus
1287 2225 1351 2276 ad
1373 2225 1678 2292 Hydaspem
1703 2227 1949 2293 conditis,
1969 2226 2127 2277 Alex·

739 2307 902 2357 ander
925 2308 990 2357 ad
1013 2307 1263 2357 interiora
1284 2307 1455 2358 Iudiae
1480 2306 1675 2371 pergit.

804 2386 1081 2438 Acesinem
1105 2395 1160 2438 et
1184 2388 1462 2452 Hyarotim
1491 2390 1698 2456 trajicit.
1758 2389 1990 2454 Sopithis
2013 2403 2127 2453 reg·
2194 2388 2283 2439 Ol.
2349 2387 2512 2438 AEtat.

735 2482 891 2518 num:
926 2469 1113 2520 Gentis
1149 2484 1344 2519 mores:
1382 2471 1545 2536 Regis
1580 2470 1779 2521 deditio
1800 2471 2126 2523 voluntaria:
2159 2484 2321 2521 cxm.
2397 2474 2480 2520 80.

736 2564 918 2601 canum
960 2551 1090 2601 mira
1124 2551 1222 2601 vis.
1289 2552 1607 2603 Macedones
1642 2552 1897 2618 Hypasim
1919 2551 2128 2602 fluvium
2226 2557 2274 2604 2.
2343 2551 2514 2615 Regni

742 2632 985 2697 trajicere
1004 2639 1273 2684 recusant:
1313 2633 1600 2685 Alexandri
1626 2634 1691 2684 ad
1713 2648 1802 2683 eos
1825 2635 1992 2683 oratio
2014 2634 2129 2683 irri-
2181 2655 2184 2658 1
2399 2637 2479 2683 1⁰.

739 2720 822 2763 ta:
861 2715 1008 2764 Caeni
1052 2714 1336 2777 responsio.
1404 2715 1539 2776 Reiz,
1564 2715 1735 2780 posito
1780 2713 2127 2779 expeditionis
2305 2713 2441 2778 Imp.
2462 2716 2512 2763 4.

737 2809 841 2845 suae
865 2802 1212 2859 monumento,
1233 2796 1299 2846 ad
1326 2793 1604 2846 Acesinem
1626 2795 1922 2846 revertitur.

790 2876 893 2925 Per
908 2878 1211 2944 Hydaspem
1229 2878 1281 2927 in
1300 2876 1578 2929 Acesinem
1593 2877 1895 2929 descendit:
1921 2875 1985 2928 ad
2005 2892 2129 2927 con-

737 2955 958 3010 fluentes
998 2959 1359 3023 periclitatur:
1396 2960 1449 3009 in
1482 2961 1675 3010 Mallos
1707 2967 1763 3010 et
1790 2959 1987 3010 Dracas
2012 2975 2127 3025 per·
2177 2987 2180 2988 ν

740 3040 901 3090 venit.
971 3041 1033 3091 In
1067 3042 1249 3091 urbem
1288 3042 1671 3093 Oxidracarum
1707 3043 1844 3092 solus
1881 3057 1946 3091 ex
1984 3056 2130 3091 muro

737 3122 929 3185 desilit,
972 3138 1032 3173 ac
1076 3133 1246 3174 tamen
1282 3139 1384 3174 nou
1423 3125 1701 3175 occiditur.
1770 3124 1962 3188 Magno
2007 3124 2127 3172 vitae

736 3204 971 3267 periculo
992 3203 1268 3255 defunctus
1303 3219 1398 3270 per
1427 3205 1616 3255 Indum
1648 3205 1919 3255 devehitur
1946 3205 2000 3253 in
2034 3205 2127 3254 Sa·

738 3282 945 3346 bracas,
961 3285 1272 3349 Musicanos,
1289 3286 1541 3349 Praestos‚
1555 3287 1779 3337 Oxicani
1794 3296 1850 3335 et
1868 3286 1990 3335 Sabi
2011 3300 2126 3350 reg-

737 3378 823 3414 na.
889 3365 1165 3415 Ptolemaei
1192 3367 1375 3417 vulnus
1400 3382 1469 3418 ex
1492 3375 1746 3418 venenato
1773 3369 1972 3433 gladio,
1990 3368 2127 3431 ejus·

737 3459 837 3509 que
860 3447 1062 3496 curatio
1081 3448 1392 3511 prodigiosa.
2059 3505 2064 3508 γ

801 3527 1119 3577 Pervenitur
1142 3530 1194 3578 in
1219 3530 1485 3579 Dataliam
1518 3531 1771 3581 insulam:
1807 3529 1927 3580 iude
1952 3530 2123 3580 Ocea·
2218 3531 2267 3578 8.
2347 3525 2510 3577 AEtat.

739 3620 860 3656 num
911 3624 1092 3658 versus
1139 3625 1439 3675 progressos
1486 3612 1641 3663 maris
1692 3619 1850 3662 aestus
1899 3619 2123 3674 occupat
2395 3610 2478 3659 31.

737 3690 896 3738 semel
931 3698 1085 3755 atque
1125 3691 1333 3744 iterum.
1395 3693 1626 3744 Tandem
1648 3694 1916 3744 Oceanum
1949 3692 2122 3742 subit:

738 3768 997 3818 Pataliam
1041 3773 1362 3823 revertitur:
1414 3772 1569 3823 urbes
1613 3781 1668 3823 et
1708 3780 1888 3837 portus
1930 3771 2126 3823 condit.
2339 3769 2512 3836 Regu.

742 3850 975 3898 Classem
997 3850 1238 3901 Nearcho
1255 3859 1310 3901 et
1328 3851 1628 3903 Onesicrito
1653 3852 1815 3903 tradit
1839 3868 1932 3919 per
1951 3854 2123 3904 Ocea·
2395 3856 2476 3904 11.

738 3942 860 3978 num
882 3930 1240 3983 deducendam
1265 3934 1331 3982 ad
1356 3934 1707 3997 Euphratem:
1747 3936 1860 3998 ipse
1893 3935 2130 3985 terrestri
2305 3933 2437 3999 Imp.
2460 3940 2509 3986 5.

740 4008 928 4060 itinere
954 4026 1048 4075 per
1070 4011 1332 4076 Arabitas,
1356 4013 1639 4065 Gedrosios
1671 4023 1727 4066 et
1761 4015 1938 4066 Oritas
1973 4015 2127 4082 profi-

742 4091 972 4143 ciscitur.

805 4174 1011 4238 Magnis
1034 4176 1368 4227 incommodis
1406 4180 1457 4229 in
1491 4179 1814 4232 Carmaniam
1852 4180 2123 4247 pervenit:

740 4252 934 4305 Bacchi
960 4258 1272 4321 triumphum
1296 4259 1559 4313 imitatur.·
