2978 4933
842 360 957 408 οι..
1004 360 1195 410 cxn.
1235 346 1301 413 2.
1377 366 1446 413 A.
1495 368 1615 416 cn.
1663 370 1736 418 N.
1781 355 1933 421 330.
2270 361 2277 365 ’
2362 361 2495 430 399

297 515 432 580 que
446 497 575 562 erit
598 500 777 584 regni
806 503 961 582 mei,
984 505 1098 588 qui
1123 510 1191 573 et
1210 508 1516 593 spiritus,
1544 510 1722 577 finis·
1811 515 1916 579 14.
1963 517 2040 581 Si
2065 517 2175 585 hic
2207 521 2495 601 animus,

293 600 355 664 si
394 597 544 666 haec
574 600 711 682 lex,
740 605 910 672 nulli
940 627 1075 673 non
1104 616 1296 693 parta
1324 612 1596 678 libertas
1627 623 1772 697 est3
1818 638 2014 684 nemo
2058 641 2099 685 e
2132 625 2326 690 vobis
2353 628 2494 695 fas-

295 700 534 767 tidium
569 704 1050 787 Macedonum,
1069 732 1259 779 nemo
1290 717 1549 781 vultum
1581 722 1946 803 superbum
1974 723 2145 790 serre
2190 738 2488 810 cogetur.

294 803 440 870 Sua
483 808 725 892 cuique
770 810 1001 879 dextra
1043 820 1164 880 aut
1205 817 1525 884 ultionem
1574 826 1679 886 tot
1725 822 2053 890 malorum
2097 829 2343 910 pariet,
2373 839 2493 898 aut

290 903 519 975 finem.
605 912 711 977 15.
762 914 1085 999 Equidem
1143 940 1347 1004 quam
1408 925 1758 989 versabilis
1805 927 2074 994 fortuna
2130 930 2241 1010 sit,
2285 932 2491 999 docu-

289 1018 592 1077 mentum
623 1013 773 1099 ipse
806 1036 994 1084 sum:
1041 1039 1168 1086 nec
1210 1023 1545 1091 immerito
1591 1028 1892 1095 mitiores
1943 1032 2131 1097 vices
2177 1033 2327 1117 ejus
2369 1056 2490 1104 ex-

282 1115 545 1194 pecto!
572 1161 578 1166 -
630 1117 764 1183 Sed
794 1120 857 1184 si
878 1119 1071 1205 justa
1104 1143 1186 1189 ac
1222 1125 1343 1209 pia
1370 1127 1555 1193 bella
1585 1129 1709 1193 Dii
1739 1139 2158 1214 aversantur3
2200 1134 2489 1204 fortibus

287 1220 512 1281 tamen
540 1219 702 1284 viris
727 1221 963 1289 licebit
993 1224 1277 1313 ¹honeste
1319 1230 1512 1296 mori.
1601 1232 1708 1299 16.
1759 1234 1894 1298 Per
1937 1255 2062 1318 ego
2093 1256 2216 1301 vos
2248 1238 2491 1308 decora

286 1318 643 1403 majorum,
672 1326 791 1410 qui
821 1327 1024 1392 totius
1055 1328 1348 1397 Orientis
1379 1354 1582 1417 regna
1627 1355 1781 1401 cum
1823 1338 2243 1407 memorabili
2286 1341 2488 1410 laude

284 1425 659 1503 tenuerunt,
690 1447 810 1510 per
854 1429 1009 1496 illos
1040 1434 1241 1512 vitoe,
1272 1433 1522 1519 quibus
1570 1439 1981 1524 stipendium
2031 1439 2488 1511 Macedonia*

285 1526 623 1605 quondam
664 1529 831 1607 tulit,
863 1552 980 1617 per
1009 1540 1111 1599 tot
1154 1539 1427 1604 navium
1463 1540 1719 1606 classes
1756 1541 1823 1606 in
1852 1541 2192 1608 Graeciam
2222 1547 2487 1627 missaS,

282 1644 413 1707 per
441 1635 541 1693 tot
569 1634 831 1714 tropaea
858 1653 1087 1719 regum
1138 1657 1258 1703 oro
1304 1651 1373 1705 et
1423 1643 1749 1722 obtestor,
1778 1649 1849 1709 ut
1891 1644 2242 1712 nobilitate
2271 1656 2489 1717 vestra

277 1730 906 1818 gentisquedignos
938 1740 1214 1823 spiritus
1246 1744 1580 1827 capiatis3
1647 1746 1750 1810 17.
1781 1754 1857 1811 ut
1886 1747 2136 1831 eadem
2169 1759 2485 1817 constan-

281 1830 386 1896 tia
416 1834 805 1918 animorum,
835 1860 968 1923 qua
1010 1845 1348 1925 praeterita
1387 1846 1755 1927 tolerastis,
1787 1850 2257 1934 experiamini,
2291 1856 2483 1937 quic-

283 1934 448 2016 quid
475 1936 712 2004 deinde
741 1941 882 2007 fors
908 1944 1164 2011 tulerit.
1256 1948 1374 2013 Me
1402 1957 1585 2015 certe
1612 1952 1679 2016 in
1708 1958 2104 2036 perpetuum
2127 1962 2245 2019 aut
2269 1955 2484 2022 victo·

278 2035 385 2103 ria
413 2042 675 2124 egregia
695 2044 1081 2112 nobilitabit
1112 2054 1230 2114 aut
1259 2050 1525 2135 pugna.'

281 2184 287 2189 -
370 2155 483 2204 lx.
530 2144 593 2208 1.
682 2145 859 2211 Haec
901 2148 1167 2216 dicente
1220 2152 1455 2232 Dario,
1484 2156 1838 2238 praesentis
1886 2158 2168 2240 periculi
2214 2162 2481 2243 species

277 2244 582 2309 omnium
612 2245 806 2313 simul
856 2250 1061 2316 corda
1087 2253 1482 2339 animosque
1522 2256 1789 2323 horrore
1821 2259 2331 2340 perstrinxerat,
2360 2283 2482 2329 nec

280 2354 399 2413 aut
429 2348 787 2415 consilium
818 2357 1234 2438 suppetebat
1259 2363 1372 2422 aut
1403 2376 1591 2439 vox3
1635 2379 1789 2425 cum
1816 2358 2227 2443 ArtabazuS‚
2261 2372 2481 2432 vetus„

278 2447 583 2515 tissimus
610 2452 1003 2534 amicorum,
1052 2477 1251 2542 quem
1302 2458 1647 2545 hospitem
1690 2460 1905 2527 fuisse
1946 2462 2251 2550 Philippi
2296 2488 2482 2552 saepe

342 2651 370 2686 ⁴
403 2654 509 2707 Nec
526 2656 632 2708 sine
651 2660 838 2711 ratione
859 2677 993 2727 spero
1002 2663 1321 2723 favorabilem
1342 2666 1444 2729 ejus
1460 2671 1786 2722 mutationem.

1192 2811 1256 2831 00

259 2905 326 2954 ,1.
348 2902 504 2954 unius.
558 2904 788 2958 Florent.
822 2908 967 2960 Leid.
993 2916 1048 2960 et
1069 2912 1219 2962 Voss.
1245 2918 1292 2964 l.
1315 2919 1367 2964 2.
1404 2915 1488 2979 qui
1517 2915 1735 2979 spiritus,
1769 2916 1955 2966 omisso
1979 2921 2177 2969 et.—-14
2212 2918 2326 2967 Pal.
2348 2924 2392 2968 l.
2428 2934 2482 2969 se

266 2966 389 3019 hoec.
440 2969 586 3020 Voss·
608 2976 658 3022 2.
680 2989 706 3024 e
726 2973 876 3024 nobis.
927 2976 1042 3026 Pal.
1062 2981 1107 3027 1.
1135 2985 1192 3027 et
1212 2979 1363 3029 Voss.
1383 2985 1433 3029 2.
1456 2980 1708 3031 omittunt
1731 2982 2056 3032 Macedonum.
2102 2984 2256 3035 VosS.
2280 2988 2330 3033 2.
2352 2986 2477 3034 ulto·

267 3045 373 3081 rem
402 3034 565 3097 pariet
602 3042 673 3086 tot
697 3040 1067 3091 malorum—15
1109 3043 1217 3093 Pro
1254 3045 1468 3094 mitiores
1501 3046 1651 3095 Voss.
1688 3050 1730 3096 1.
1763 3048 2055 3098 minicioaes.
2107 3049 2258 3099 Voss.
2280 3053 2329 3098 2.
2350 3050 2477 3099 vires

269 3095 373 3156 ότι-ς
385 3114 408 3157 ,·
440 3100 592 3152 Voss.
615 3105 662 3152 l.
684 3104 806 3153 vices
823 3105 921 3166 qius
940 3113 1174 3171 expectat,
1196 3116 1249 3159 et
1273 3125 1393 3160 mox
1419 3110 1572 3171 juxta
1594 3126 1689 3175 pro
1700 3112 1859 3171 jueta.
1912 3114 2054 3163 Voss.
2087 3118 2136 3162 2.
2175 3120 2232 3164 et
2255 3113 2370 3163 Ald.
2392 3115 2478 3163 od-

267 3169 538 3216 versantur.
588 3166 731 3218 Pith.
763 3171 959 3221 omittit
996 3177 1305 3224 tamem—16
1335 3175 1569 3225 Floreat.
1610 3177 1755 3227 Leid.
1791 3179 1944 3227 Voss.
1969 3183 2016 3229 1.
2055 3179 2195 3227 Pitb.
2233 3179 2400 3242 Bong.
2421 3183 2476 3229 2.

268 3226 469 3279 Fauch.
490 3236 545 3280 et
579 3234 720 3282 Dan.
755 3248 906 3297 regna
926 3240 1334 3289 commemorabili.
1384 3239 1539 3289 Voss.
1564 3247 1610 3291 1.
1634 3246 1705 3290 tot
1725 3257 1776 3291 n.
1799 3244 1961 3291 calses.
2013 3242 2166 3292 Voss.
2183 3247 2231 3293 2.
2254 3243 2308 3292 in
2336 3244 2479 3318 Gm’.

267 3306 372 3341 cam
388 3310 410 3353 ,-
445 3294 674 3347 Florent.
695 3306 750 3349 et
772 3300 911 3351 Pith.
933 3302 986 3350 in
1011 3302 1225 3353 Groecia.
1275 3305 1423 3354 Voss.
1445 3308 1491 3355 1.
1511 3306 1624 3353 horo
1643 3310 1693 3354 et
1712 3306 2066 3357 obtestare-17
2089 3308 2244 3357 Voss.
2262 3312 2310 3360 2.
2330 3309 2481 3357 animi

266 3362 557 3412 constantia.
613 3363 845 3414 Florent-
876 3381 969 3429 qua
1004 3373 1253 3431 preterea.
1321 3369 1439 3418 Pal.
1468 3373 1513 3418 l.
1549 3371 1717 3421 deinde
1738 3372 1976 3434 quicquid.
2044 3371 2152 3420 Pro
2176 3372 2309 3433 fors,
2337 3372 2477 3436 qnod

267 3431 484 3475 servant
504 3427 735 3478 Florem.
761 3430 909 3480 Leid.
943 3426 1095 3483 Voss.
1116 3433 1239 3483 Ald.
1264 3439 1321 3482 et
1344 3434 1513 3498 Lugd.
1530 3449 1635 3484 sors
1651 3437 1900 3484 exhibent
1927 3437 2077 3484 Voss.
2097 3440 2148 3485 2.
2181 3438 2304 3512 Bas.
2339 3437 2477 3487 Mer.

269 3487 385 3538 Col.
407 3490 521 3540 Elz.
542 3498 595 3541 et
621 3493 788 3544 Amst.
840 3495 954 3545 Pal.
982 3501 1027 3547 1.
1051 3498 1249 3548 omittit
1267 3500 1481 3561 egregia.
1535 3500 1688 3549 Voss.
1715 3504 1760 3549 l.
1781 3509 1837 3549 et
1860 3501 2026 3563 Bong.
2051 3505 2099 3551 2.
2122 3500 2416 3579 nobilitavit.
2458 3566 2471 3579 ⁸

333 3558 361 3602 1
400 3554 465 3605 In
505 3557 641 3609 Dan.
679 3558 855 3609 deleta
891 3569 1049 3612 sunt:
1086 3563 1211 3613 Hoec
1242 3564 1427 3614 dicente
1459 3565 1632 3628 Dario,
1665 3564 1886 3615 subditis
1921 3565 2143 3628 punctis,
2183 3572 2237 3615 et
2257 3580 2474 3629 margini

269 3631 337 3682 ap
381 3618 569 3671 ictum:
594 3624 855 3689 Postquam
872 3627 1066 3677 Dareus
1071 3628 1226 3694 finem
1242 3629 1578 3689 dicendifecit.
1625 3630 1776 3679 Voss..
1801 3634 1850 3679 2.
1877 3630 2070 3679 omittit
2087 3631 2311 3689 hom-orm
2334 3630 2477 3709 Pith.

267 3682 333 3734 ha
372 3691 456 3735 et:
490 3688 682 3739 horrore
716 3692 1085 3745 constrinxerat.
1134 3694 1366 3745 Florent.
1406 3695 1556 3745 Voss.
1584 3701 1631 3745 l.
1666 3702 1721 3745 et
1756 3696 1926 3760 Bong.
1954 3694 2289 3755 Arthabazus3
2326 3695 2477 3746 Leid.

1260 3838 1474 3891 NOTAE

331 3950 356 3984 ¹¹
410 3949 709 4015 Stipendium
762 3954 1068 4020 Macedonia]
1135 3955 1332 4005 Darius
1412 3969 1512 4021 que
1538 3953 1815 4017 subigeret.
1880 3953 2016 4003 viae
2053 3954 2248 4006 Justin.
2286 3955 2379 4006 lib.
2412 3971 2477 4007 n.

265 4027 570 4092 Hystaspis,
591 4043 646 4077 re
667 4027 940 4080 adversum
961 4032 1183 4096 Scythas
1206 4031 1333 4082 iufe-
1414 4038 1469 4081 et
1489 4044 1590 4080 vu.
1646 4031 1773 4079 Eam
1807 4029 1995 4079 iterum
2018 4044 2048 4078 a
2078 4030 2353 4082 Mardonio
2388 4031 2479 4081 do·

263 4103 444 4154 liciter
460 4110 629 4167 gesta,
645 4104 700 4152 in
718 4104 893 4154 Asiam
917 4105 1195 4169 rediturus,
1218 4109 1332 4157 Me·
1413 4107 1593 4157 mitam
1617 4113 1737 4170 post
1758 4120 1848 4157 sex
1869 4120 2029 4156 annos
2056 4107 2216 4180 tradit
2237 4107 2477 4158 Herodo-

266 4180 525 4245 gabyzum
544 4195 662 4232 cum
687 4185 771 4233 ⁷0.
792 4181 1017 4232 millibus
1047 4183 1258 4249 reliquit
1278 4183 1330 4234 in
1414 4191 1498 4234 tus
1543 4184 1633 4235 lib.
1675 4198 1755 4235 vr.
1821 4183 2032 4233 Navium
2068 4183 2260 4248 classes]
2305 4185 2475 4247 Supra

262 4259 497 4323 Europa,
518 4258 607 4324 qui
638 4259 908 4311 Thraciam
942 4260 1331 4313 Macedoniam·
1412 4275 1529 4328 cap.
1545 4266 1595 4311 7.
1663 4259 1933 4327 Gestisque]
1966 4259 2112 4314 Alias
2129 4261 2397 4325 gentisque.
