2978 4933
440 333 594 413 ι,120
1254 347 1317 396 J.
1365 345 1873 396 rnsrnsnsuu

467 495 655 557 ander
697 512 734 554 a
781 492 1065 553 Minervae
1110 491 1249 551 sano
1296 491 1601 573 digressus
1642 493 1926 554 Arisben¹
1967 491 2277 574 processit,
2320 490 2421 552 ubi
2461 488 2643 552 castra

466 595 771 655 habebant
801 589 1188 664 Macedones,
1208 590 1311 670 qui
1337 611 1473 652 cum
1504 590 1893 652 Parmenione
1921 589 2295 652 transierant.
2386 593 2478 650 13.
2509 589 2646 650 Pos-

471 702 596 751 tero
625 689 722 751 die
751 699 964 770 praeter
993 687 1286 750 Percoten
1327 698 1399 749 et⁴
1430 689 1800 770 Lampsacon
1830 688 1907 750 ad
1946 688 2244 749 Practium
2269 687 2488 749 flumen
2516 707 2650 748 con-

470 787 696 857 tendit;
743 787 905 867 quod
951 806 1028 848 ex
1074 785 1250 847 Idoeis
1308 787 1611 848 montibus
1653 797 1869 860 ortum,
1915 785 2381 865 Lampsacenum
2421 786 2651 866 Abyde-

471 904 732 967 numque
787 893 995 964 agrum
1051 883 1390 958 interfluit,¹¹¹
1438 882 1655 945 deinde
1706 883 2005 964 paulisper
2047 883 2125 942 ad
2171 883 2656 964 Septemtrionem

468 983 709 1056 flexum,
737 983 799 1042 in
831 981 1254 1064 Propontidem
1284 982 1427 1044 exit.
1511 984 1607 1042 14.
1651 981 1801 1043 Inde
1831 981 2178 1041 Hermotum
2205 974 2655 1062 praetergressus

469 1100 593 1155 rex,
641 1081 719 1142 ad
775 1079 1037 1141 Colonas
1087 1080 1275 1153 duxit,
1315 1079 1377 1139 in
1431 1078 1876 1141 mediterraneis
1920 1080 2455 1175 Lampsacenorum
2488 1078 2658 1138 situm

470 1178 773 1260 oppidum.
864 1178 1152 1239 Omnibus
1181 1177 1307 1237 istis
1344 1178 1404 1238 in
1434 1176 1798 1239 deditionem
1822 1177 2082 1257 acceptis
2110 1180 2273 1254 (nam
2296 1190 2357 1236 et
2385 1176 2661 1258 Lampsa-

473 1277 637 1337 cenis
664 1278 996 1357 ignoverat)
1039 1274 1414 1354 Panegorum
1442 1275 1623 1349 misit,
1653 1277 1756 1356 qui
1787 1274 2210 1356 Priapenorum
2235 1275 2459 1347 urbem,
2488 1291 2660 1354 quam

473 1375 687 1436 incolae
720 1373 1041 1446 dedebant,
1070 1372 1396 1452 reciperet:
1446 1376 1540 1435 15.
1568 1376 1857 1454 Amyntas
1887 1373 2150 1434 Arraboei
2168 1371 2324 1431 filius
2351 1389 2491 1431 cum
2518 1389 2671 1449 qua·

473 1481 607 1531 tuor
635 1483 1076 1532 antecursorum
1119 1472 1347 1544 turmis,
1386 1492 1508 1533 una
1533 1472 2001 1554 Apolloniatum,
2045 1489 2225 1551 quam
2252 1470 2534 1529 Socrates
2561 1467 2666 1527 du·-

477 1569 669 1641 cebat,
692 1569 1062 1651 speculatum
1082 1568 1163 1630 ire
1172 1568 1379 1648 jussus
1410 1581 1537 1640 est;
1568 1571 1787 1652 quippe
1806 1570 2012 1630 hostes
2033 1568 2092 1627 in
2118 1567 2448 1648 propinquo
2469 1582 2669 1625 versa-

475 1665 714 1739 bantur,
737 1684 964 1727 summa
991 1665 1369 1727 solicitudine
1397 1687 1658 1747 curaque
1684 1666 1908 1728 bellum
1932 1666 2314 1726 instruentes.
2385 1664 2479 1722 16.
2511 1663 2673 1722 Inter
2785 1712 2789 1719 .

475 1781 581 1823 eos
611 1764 695 1823 rei
739 1764 1004 1825 militaris
1044 1764 1258 1845 peritia
1297 1764 1479 1846 longe
1520 1765 1814 1827 eminebat
1856 1764 2183 1825 Memnon:
2229 1762 2282 1821 is
2312 1777 2674 1840 magnopere

475 1861 817 1933 suadebat,¹¹
848 1870 866 1897 ‘
887 1872 953 1922 ut
988 1862 1451 1937 retrocedentes,
1497 1883 1673 1924 omne
1701 1861 1863 1943 quod
1900 1861 2034 1922 usui
2077 1859 2347 1920 hostibus
2375 1876 2509 1918 esse
2537 1877 2674 1936 pos·

474 1968 586 2033 set,
624 1958 805 2040 longe
844 1959 1080 2039 lateque
1122 1972 1601 2042 corrumperent:
1660 1958 1942 2041 quicquid
1999 1957 2060 2018 in
2105 1974 2322 2037 campo
2364 1953 2673 2016 herbidum

473 2065 655 2130 esset,
706 2056 976 2136 equitatu
1018 2057 1477 2127 conculcarent;
1527 2057 1689 2120 vicos
1737 2058 2031 2135 urbesque
2077 2052 2486 2124 incenderent,
2535 2053 2679 2114 nihil

477 2165 691 2235 praeter
719 2154 945 2215 nudum
987 2155 1181 2216 solum
1228 2156 1508 2217 relicturi.
1600 2159 1697 2217 17.
1740 2154 1855 2213 Vix
1884 2153 2060 2214 unius
2090 2152 2310 2231 mensis
2339 2163 2678 2211 commeatu

475 2252 831 2313 instructum
858 2251 1095 2311 venisse
1125 2252 1543 2327 Macedonem,
1579 2251 1863 2330 deinceps
1892 2260 2061 2330 rapto
2087 2251 2375 2311 victurum
2399 2268 2415 2308 t
2458 2267 2535 2309 ea
2579 2269 2682 2310 co-

477 2347 579 2426 pia
620 2347 671 2404 si
722 2346 1023 2426 eripiatur,
1062 2347 1227 2407 brevi
1269 2368 1640 2409 recessurum
1682 2367 1854 2409 esse:
1895 2348 1979 2408 ita
2018 2366 2201 2427 parvo
2239 2348 2543 2429 impendio
2573 2346 2685 2408 toti

479 2443 641 2510 Asiee
672 2442 924 2505 salutem
950 2442 1159 2523 quaeri.
1248 2446 1342 2508 18.
1384 2445 1577 2507 Triste
1604 2445 1666 2506 id
1694 2444 1968 2527 quidem:
1999 2445 2107 2505 sed
2136 2444 2196 2505 in
2224 2445 2383 2505 omni
2414 2446 2683 2527 negotio,

478 2540 580 2601 ubi
608 2540 928 2622 periculum
954 2541 1279 2617 immineat,
1328 2542 1388 2603 id
1428 2553 1696 2626 spectare
1738 2541 2081 2625 prudentes,
2121 2552 2191 2603 ut
2226 2562 2407 2621 quam
2436 2543 2684 2605 minimo

479 2636 703 2700 damno
732 2638 1170 2720 defungantur:
1226 2640 1310 2701 ita
1338 2638 1629 2713 medicos,
1656 2640 1706 2700 si
1742 2648 2013 2718 correpta
2036 2647 2203 2719 parte
2227 2640 2495 2719 corporis
2525 2660 2684 2701 mor-

480 2735 623 2795 bum
651 2736 712 2795 in
740 2745 968 2797 ceteras
995 2737 1260 2818 transjici
1286 2738 1550 2813 videant,
1579 2737 1755 2800 unius
1783 2735 2027 2797 membri
2060 2736 2294 2816 jactura
2338 2756 2445 2819 pro
2471 2738 2687 2817 reliqui

482 2832 741 2911 corporis
771 2831 1174 2894 incolumitate
1197 2833 1439 2913 pacisci.
1479 2829 1482 2832 ’
1516 2835 1611 2896 19.
1641 2834 1852 2913 Neque
1878 2832 1942 2892 id
1971 2832 2099 2892 sine
2124 2833 2397 2912 exemplo
2416 2833 2685 2896 facturos

486 2926 724 2988 Persas.
809 2929 907 2989 Sic
951 2927 1091 2988 olim
1141 2929 1388 2991 Darium
1434 2949 1633 3009 regem
1676 2930 1839 3009 ipsas
1887 2927 2022 2989 illas
2066 2928 2338 3008 regiones
2383 2931 2684 3013 urbesque

487 3023 841 3096 vastavisse,
869 3044 946 3085 ne
986 3024 1227 3106 Scythis
1270 3024 1465 3087 isthac
1506 3026 1838 3087 transituris
1884 3034 2157 3106 receptus
2190 3037 2370 3087 esset.
2454 3029 2557 3090 20.
2606 3032 2686 3089 At

486 3119 538 3179 si
563 3120 768 3201 praelio
802 3120 1254 3195 contenderent,
1291 3122 1367 3182 de
1397 3141 1629 3182 summa
1664 3141 1856 3183 rerum
1885 3120 2075 3182 aleam
2093 3120 2236 3200 jaci.
2280 3122 2470 3202 pulsis
2498 3125 2687 3188 semel
2727 3194 2737 3202 ‚

488 3214 707 3291 Persis,
734 3238 969 3281 omnem
1019 3238 1150 3279 eam
1200 3237 1367 3279 oram
1407 3219 1731 3281 Alexandri
1760 3222 1922 3281 fore:
1969 3219 2223 3280 victores
2250 3218 2399 3278 nihil
2427 3222 2684 3302 amplius

486 3312 813 3377 habituros,
900 3320 1001 3379 21.
1046 3317 1257 3397 Neque
1292 3318 1532 3379 hercule
1576 3333 1821 3399 parvum
1868 3315 2185 3376 discrimen
2221 3316 2563 3395 impendere
2610 3321 2685 3380 ob

486 3411 605 3471 vim
647 3412 1057 3475 Macedonicoe
1102 3415 1444 3497 phalangis,
1485 3415 1583 3476 cui
1626 3435 1798 3475 suum
1826 3413 2174 3493 peditatum,
2202 3433 2542 3494 quanquam
2573 3437 2683 3477 nu-

485 3528 649 3569 mero
700 3510 1081 3590 superiorem,
1137 3511 1355 3573 frustra
1402 3511 1728 3593 opposituri
1784 3521 2005 3571 essent.
2087 3513 2187 3571 22.
2234 3511 2428 3590 Ipsius
2465 3500 2685 3574 deinde

486 3607 643 3687 regis
671 3609 1049 3688 proesentiam
1075 3607 1236 3669 baud
1264 3628 1472 3689 parum
1501 3609 1695 3671 valere
1725 3607 1803 3669 ad
1829 3608 2169 3675 victoriam;
2214 3608 2504 3670 stimulari
2530 3610 2684 3671 mili*

486 3712 579 3762 tes
608 3723 735 3784 spe,
763 3704 1009 3785 pudore,
1039 3701 1247 3786 gloria,
1276 3706 1338 3765 in
1366 3716 1692 3787 conspectu
1719 3703 2088 3785 imperatoris
2115 3704 2502 3766 dimicantes:
2548 3726 2683 3788 quse

488 3802 688 3860 omnia
713 3802 1000 3865 haberent
1028 3803 1430 3874 Macedones;
1461 3804 1607 3884 ipsis
1635 3803 1847 3861 abesse
1875 3800 2143 3861 Darium.
2228 3804 2328 3862 23.
2373 3802 2683 3863 Neminem

492 3896 810 3976 ambigere,
861 3901 1000 3977 quin
1047 3900 1270 3961 bellum
1316 3901 1378 3961 in
1427 3899 1623 3961 aliena
1665 3908 1822 3957 terra
1865 3915 2065 3977 gerere
2101 3906 2368 3978 proestet,
2402 3918 2583 3978 quam
2624 3902 2683 3959 in

492 4010 601 4051 sua
630 4011 645 4051 ε
689 3992 750 4051 id
779 3996 1151 4059 commodum
1189 3996 1533 4078 adepturos,
1562 3994 1610 4055 si
1656 3992 1969 4054 consilium
1998 4012 2170 4066 suum
2200 3995 2389 4055 secuti
2417 3994 2493 4056 de
2521 3996 2683 4057 inva-

553 4157 569 4192 ¹
604 4156 809 4208 Arrian.
830 4174 869 4211 1.
893 4166 972 4214 12.
1694 4169 1719 4194 ⁸
1774 4161 1974 4214 Arrian.
2013 4176 2053 4216 ι.
2116 4167 2193 4215 18.
2247 4162 2404 4218 Diod.
2446 4178 2594 4223 xvu.
2634 4182 2687 4231 p.

556 4243 594 4271 ¹¹²
625 4233 795 4288 Strab.
822 4250 945 4292 1111.
968 4240 1079 4291 init.
1628 4243 1747 4292 ὅτι.
