2978 4933
753 414 839 465 m
886 414 1244 478 Qum'rum
1295 416 1646 471 cum-ium
1699 416 1993 466 numm.
2389 403 2482 469 33

262 570 492 628 cetera
534 559 894 644 descripta,
938 564 1138 646 atque
1179 581 1269 627 ex
1305 581 1441 628 uno
1484 561 1854 650 eodemque
1897 580 2141 628 manco
2186 570 2255 627 et
2296 583 2475 629 mena-

261 664 438 730 doso
470 684 799 749 expressa
826 685 991 731 esse·
1011 666 1234 732 omnia
1259 670 1627 733 autumant.
1706 667 2000 732 ‘Dudum
2026 667 2198 732 enim
2229 668 2477 734 amissa

264 767 699 857 Reipublicae
728 769 1039 833 libertate
1068 770 1278 834 omnis
1308 769 1643 835 literarum
1670 770 1887 835 bonos
1914 771 2220 834 imminui
2248 792 2475 855 coepe-

261 876 408 951 rat3
451 873 663 954 pauci
690 871 1175 955 Imperatorum
1201 872 1479 950 fuerant,
1512 873 1628 957 qui
1656 873 1797 956 ipsi
1822 880 2156 939 amassent
2185 881 2299 938 aut
2330 895 2476 948 sus-

263 973 595 1040 citassent
620 980 795 1040 artes
825 975 1160 1040 liberales.
1250 975 1436 1055 Quid
1467 977 1670 1060 igitur
1696 977 1957 1055 mirum,
1987 977 2052 1040 si
2080 975 2305 1041 Musae
2332 980 2476 1043 ma-
2572 973 2576 978 ’

265 1075 377 1158 gis
396 1079 745 1163 magisque
772 1080 1350 1146 obmutescerent?
1440 1080 1698 1146 Praeter
1727 1099 1830 1158 ea,
1860 1084 1934 1144 ut
1970 1079 2045 1144 fit
2087 1080 2159 1143 in
2204 1100 2287 1145 ea
2311 1087 2477 1147 tem-

262 1197 505 1262 porum
536 1180 915 1265 iniquitate,
960 1181 1410 1266 antiquiorum
1451 1202 1658 1266 opera
1700 1183 2220 1266 negligebantur,
2251 1184 2476 1268 abjec-

260 1285 470 1363 taque
499 1282 572 1345 in
599 1278 1020 1349 bibliothecis
1052 1284 1569 1368 sepeliebantur,
1593 1285 2043 1350 recentiorum
2073 1287 2475 1370 respueban-

264 1390 414 1464 tur-3
459 1384 729 1450 codices
759 1387 977 1451 rarius
1006 1389 1076 1453 in
1120 1385 1268 1453 dies
1312 1387 1888 1467 describebantur,
1917 1389 2220 1473 indeque¹
2241 1387 2478 1466 fiebat,

261 1491 349 1549 ut
366 1487 638 1552 *sensim
686 1509 723 1552 e
778 1490 1082 1554 manibus
1138 1489 1551 1573 privatorum
1608 1491 1944 1557 hominum
2003 1491 2474 1569 dilaberentur,

264 1607 552 1672 quaeque
574 1590 907 1669 adessent,
936 1592 1387 1675 antiquiorum
1416 1593 1633 1676 plura,
1669 1596 1987 1678 pauciora
2006 1595 2473 1672 recentiorum,

262 1691 448 1758 haud
509 1693 608 1759 ita
657 1695 863 1761 multo
921 1705 1079 1779 post
1123 1695 1562 1776 ingruentium
1624 1697 2027 1782 populorum
2086 1697 2473 1763 immanium

263 1795 611 1873 barbaries
632 1816 784 1862 fnon
826 1797 1125 1882 diripuit,
1154 1809 1304 1864 -non
1341 1818 1499 1864 cum
1542 1799 1779 1866 ceteris
1808 1800 2138 1865 thesauris
2168 1801 2473 1884 praedata

264 1902 390 1976 est,
434 1898 556 1962 sed
599 1899 907 1966 incendio
944 1902 1256 1967 vastavit.
1346 1900 1573 1986 Atque
1597 1902 1740 1968 ‘hoc
1788 1903 2089 1986 profecto
2137 1906 2473 1975 suminam

261 2000 660 2066 beneficium
687 2002 1197 2068 numini‘divino
1240 2004 1594 2082 debemus,
1643 2005 1828 2089 quod
1875 2012 2306 2070 monumenta
2333 2007 2472 2097 ista

261 2104 566 2168 cultioris
611 2105 1068 2182 humanitatis»,
1109 2124 1192 2171 ne
1240 2104 1463 2173 dicam
1494 2107 1751 2186 lacera,
1799 2108 1919 2172 sed
1961 2107 2147 2192 quod
2192 2102 2467 2173 omnino

262 2204 755 2273 illa'habemus.
1353 2297 1357 2301 q

346 2309 488 2377 His
527 2308 614 2374 de
655 2313 869 2379 Curtii
896 2320 1101 2380 aetate
1132 2312 1292 2380 VV.
1328 2314 1483 2379 DD.
1516 2315 1869 2380 sententiis
1905 2313 2263 2398 spectatis,
2307 2334 2470 2398 ope·
2539 2388 2550 2397 ,

261 2414 667 2498 rae-pretium
695 2435 831 2483 non
861 2417 1125 2494 videtur
1163 2438 1339 2497 esse,
1356 2425 1361 2429 ’
1377 2419 1658 2485 ulterius
1702 2419 2037 2504 inquirere
2082 2418 2152 2483 in
2199 2418 2467 2503 opinio-

258 2535 409 2582 nem
435 2518 669 2583 ista'm:
718 2520 1096 2587 Historiam
1127 2522 1344 2590 Gurtii
1375 2524 1734 2608 scriptoris
1757 2523 2110 2607 cujusdam
2142 2522 2467 2586 neoterici

259 2617 647 2702 figmentum
677 2642 848 2688 esse.
939 2616 1124 2691 Nam
1154 2625 1324 2691 adeo
1354 2627 1676 2690 insulsam
1712 2645 1863 2690 eam
1899 2630 2106 2707 atque
2148 2643 2260 2716 exg
2279 2625 2461 2688 mero

259 2723 537 2805 pruritu,
567 2724 862 2811 παράδοξα
892 2726 1291 2811 proferendi,
1320 2733 1546 2792 natam
1580 2726 1925 2803 existim0‚
1954 2731 2031 2791 ut
2059 2746 2208 2791 cum
2247 2729 2465 2790 tanto-

259 2841 401 2889 rum
438 2827 791 2893 .bominu'm
831 2828 1112 2913 judiciis
1159 2828 1359 2895 istam
1407 2841 1801 2912 comparare
1846 2829 2028 2895 baud
2072 2828 2461 2894 sustineam.

260 2925 573 2995 Ceterum
600 2946 803 3015 quam
848 2950 1046 2997 vanae
1094 2932 1232 2996 sint
1276 2933 1424 3016 istae
1456 2934 1731 3024 ineptiae
1763 2932 2012 3017 optime
2059 2933 2293 2998 docuit
2343 2931 2390 2997 J
2397 2950 2461 2997 o.

259 3031 417 3097 Chr.
443 3032 940 3117 Wagenseilius
984 3038 1055 3101 in
1100 3035 1278 3101 Pera
1308 3035 1665 3099 Librorum
1704 3034 1748 3099 J
1756 3034 2121 3100 uvenilium
2149 3035 2230 3101 Τ.
2264 3051 2361 3100 ιν.
2394 3056 2459 3119 p.

256 3134 406 3201 178.
455 3139 477 3170 ‘
498 3135 645 3202 Etsi
674 3141 1095 3223 quacumque
1123 3139 1210 3204 de
1234 3137 1489 3217 causa,’
1532 3137 1751 3223 inquit
1775 3137 1921 3217 ille,
1967 3141 1987 3171 ‘
2005 3155 2141 3202 non
2167 3138 2462 3216 occurrit

243 3238 441 3321 -apud
472 3240 912 3326 antiquioreS,
940 3241 1058 3326 qui
1087 3249 1348 3320 extant,
1378 3241 1592 3308 Curtii
1621 3242 2156 3320 mentio,'tamen
2182 3242 2257 3319 ii,
2287 3245 2459 3324 quo-

256 3362 403 3407 rum
435 3350 613 3409 aetas
638 3345 785 3409 tria<
804 3348 1056 3412 saecula
1087 3346 1288 3429 longe
1326 3344 1621 3425 excedit,
1649 3346 1795 3431 ejusf
1835 3345 2221 3423 meminere,
2251 3351 2327 3408 ut
2354 3346 2455 3410 sic

256 3447 500 3511 saltem
528 3447 725 3531 longe
776 3454 933 3514 ante
978 3449 1096 3513 illa
1138 3455 1449 3533 tempora
1476 3449 1736 3514 vixisse
1780 3443 1975 3512 illum
2014 3466 2291 3512 necesse
2335 3449 2454 3513 sit.

255 3548 299 3613 J
303 3567 560 3615 oannes
613 3552 918 3624 nimirum
973 3552 1507 3631 sarisberiensis,
1559 3551 1991 3617 Carno'tensis
2042 3549 2453 3634 Episcopus,

256 3665 456 3736 quem
487 3657 669 3718 anno
700 3654 888 3720 1182.
937 3655 1081 3720 vita
1120 3656 1509 3720 excessisse
1547 3660 1832 3732 constat,
1864 3653 2176 3719 Curtium
2204 3652 2454 3734 allegat

254 3755 324 3818 in
373 3755 786 3823 Policratico
812 3758 932 3822 lib.
981 3776 1149 3823 vlu.
1182 3759 1289 3824 18.
1339 3758 1726 3843 (Vincentis
1771 3755 2297 3823 Bellovacensis·
2326 3755 2448 3822 lib.

255 3874 354 3921 IV.
384 3858 659 3942 Speculi
690 3861 1107 3927 Doctrinalis
1147 3882 1295 3946 cap.
1326 3862 1477 3926 125.
1520 3863 1568 3927 J
1573 3882 1638 3927 o.
1684 3862 1768 3924 de
1812 3858 2120 3928 Vitriaco
2172 3858 2241 3922 in
2277 3857 2449 3925 Ges·
2523 3943 2527 3947 ι

255 3960 344 4044 tis
388 3961 524 4026 Dei
566 3981 687 4045 per
717 3958 1016 4028 Francos
1048 3985 1120 4048 p.
1145 3962 1379 4047 1132.)
1466 3963 1828 4048 Philippus
1865 3981 2024 4027 vero
2055 3960 2445 4043 Gualterus,

258 4056 639 4148 Episcopus
671 4063 1058 4145 InsulanuS,
1090 4079 1288 4148 quem
1334 4066 1632 4146 nonnulli
1672 4065 2183 4131 Sarisberiensis
2223 4085 2447 4149 aequa·

260 4163 385 4228 lem
416 4173 787 4251 temporum
818 4174 1183 4247 autumant,
1201 4170 1344 4248 alii,
1368 4176 1444 4235 ut
1459 4168 1761 4235 Vossius
1789 4169 1871 4235 de
1898 4167 2129 4233 Poetis
2158 4166 2444 4246 Latinis,

264 4288 323 4333 a.
375 4268 566 4333 1250.
611 4271 937 4336 claruisse
983 4272 1225 4350 ferunt,
1268 4272 1335 4336 in
1371 4271 1907 4353 Alexandreide,
1933 4273 2078 4337 sive
2110 4270 2441 4350 Carmine,

382 4370 558 4435 Daph.
572 4376 620 4422 et
643 4372 756 4425 Vur.
778 4374 908 4426 clas.
1048 4422 1056 4432 ,
1232 4375 1298 4431 Q.
1318 4377 1455 4427 Cart.
2269 4373 2313 4422 C
