2978 4933
519 375 607 439 54

518 549 585 584 ex
609 532 872 598 Eurydice
906 534 1088 601 Illyria
1117 536 1465 587 Alexandrum
1500 551 1577 587 se·

519 611 744 660 cundum
767 611 862 662 hoc
882 615 1088 662 nomine
1103 614 1448 665 Macedonum
1474 616 1576 665 Re·

518 702 657 751 gem,
678 689 986 740 Perdiccam
1019 693 1250 754 tertium,
1270 692 1420 756 cujus
1439 691 1576 742 filius

519 764 775 829 Amyntas
799 782 863 817 ex
897 769 1044 834 Cyna
1078 770 1311 834 Philippi
1340 769 1451 820 filia
1473 772 1575 820 Eu·

517 844 733 906 rydicen
749 843 945 896 Aridaei
959 848 1233 912 conjugem
1252 840 1575 917 pro'creavit3

517 919 816 984 Philippum
831 924 1111 973 secundum
1126 924 1409 976 Alexandri
1427 929 1574 994 Mag·

518 995 572 1044 ni
595 1004 828 1060 patrem3
862 1009 919 1050 et
940 1001 1219 1065 Euryonen
1258 1004 1436 1068 filiam,
1459 1022 1573 1072 quae

517 1074 739 1124 scelesta
756 1076 930 1126 matris
948 1078 1164 1128 consilia
1181 1082 1314 1144 patri
1334 1082 1539 1134 detexit
1557 1100 1571 1134 ε

517 1165 584 1200 ex
609 1151 827 1217 Gygaea,
847 1154 930 1204 vel
965 1161 1025 1204 ut
1051 1156 1140 1206 alii
1172 1158 1407 1209 scribunt
1436 1161 1574 1226 Cyg-

516 1241 652 1289 naea,
706 1228 1032 1295 Archelaum,
1080 1233 1342 1300 Argaeum‚
1393 1239 1576 1289 Mene·

516 1304 687 1354 laum:
723 1319 789 1355 ex
844 1309 1033 1371 pellice
1089 1325 1345 1376 anonyma
1399 1314 1577 1364 Ptole-

514 1395 702 1431 maeum
740 1393 1079 1446 cognomento
1114 1388 1130 1416 ‘
1151 1388 1402 1440 Aloritem
1424 1390 1456 1454 ;’
1487 1393 1575 1456 qni

515 1457 861 1510 Philoxenum
894 1463 1092 1528 genuit,
1126 1467 1273 1529 cujus
1297 1470 1576 1533 posteritas

515 1546 583 1582 no
642 1535 896 1597 proditur.

582 1623 622 1658 1.
655 1610 928 1678 Philippus
948 1617 1272 1670 Macedoniae
1305 1623 1418 1672 Rex
1441 1625 1578 1674 occi-

521 1701 606 1735 sus
628 1703 658 1737 a
680 1689 936 1741 Pausania
959 1708 1090 1744 anno
1113 1698 1280 1747 aetatis
1302 1703 1385 1750 46.
1406 1709 1579 1750 sustu-

478 1761 582 1812 alit
605 1778 669 1812 ex
692 1765 1005 1831 Olympiade
1043 1771 1394 1824 Alexandrum
1430 1777 1577 1840 Mag-

515 1855 637 1892 num
665 1850 721 1893 et
749 1845 1096 1909 Cleopatram,
1119 1850 1417 1904 Alexandro
1455 1855 1580 1918 Epi-

518 1924 646 1967 rotae
683 1922 939 1973 avunculo
964 1940 1054 1975 suo
1086 1936 1330 1991 nuptam3
1361 1943 1428 1979 ex
1466 1929 1578 1980 An·

515 1995 637 2044 data
658 1996 841 2060 Illyria
861 1999 1080 2065 Cynam,
1109 2007 1416 2056 collocatam
1436 2023 1466 2057 a
1488 2023 1578 2070 pa·

517 2077 598 2121 tre
630 2071 875 2137 Amyntae
915 2080 1158 2140 patrueli,
1181 2089 1366 2145 postea
1393 2083 1460 2133 ab
1483 2083 1576 2133 Al-

516 2159 638 2200 ceta
683 2151 953 2204 Perdiccae
994 2155 1160 2208 fratre
1207 2159 1577 2224 interemtam3

516 2241 584 2276 ex
619 2225 975 2293 Nicasipolide
1013 2234 1222 2285 Pherea
1258 2238 1581 2288 Thessaloni-

518 2315 655 2363 cam,
709 2319 862 2368 quam
932 2308 1221 2360 Cassander
1275 2315 1455 2364 duxit:
1512 2330 1579 2364 ex

518 2377 803 2440 Cleopatra
854 2395 1029 2433 sorore
1085 2386 1253 2436 Attali
1296 2389 1577 2454 Europam,

518 2468 674 2518 quam
697 2454 748 2504 in
772 2459 965 2519 gremio
991 2462 1172 2512 matris
1208 2478 1417 2515 necasse
1451 2464 1579 2517 dici·

519 2538 605 2580 tur
628 2533 897 2597 Olympias
911 2555 926 2598 ;
960 2544 1016 2586 et
1047 2538 1326 2604 Caranum,
1347 2557 1501 2608 quem
1524 2550 1579 2593 et

514 2608 685 2672 ipsum
740 2612 1027 2665 crudeliter
1080 2616 1348 2669 interfecit
1394 2621 1579 2670 eadem

514 2700 765 2737 noverca:
799 2702 864 2737 ex
887 2689 1127 2752 Arsinoe,
1149 2709 1299 2759 quam
1337 2694 1578 2761 impraeg·

518 2770 693 2812 natam
749 2764 892 2828 Lago
946 2768 1183 2832 tradidit,
1236 2771 1578 2825 Ptolemaeum

422 2853 427 2857 ’
507 2838 731 2904 Ἐςγρῐί
767 2841 992 2904 Regem:
1030 2859 1094 2893 ex
1133 2846 1388 2910 Phylinna
1422 2851 1579 2899 salta-

515 2916 649 2965 trice
672 2917 929 2969 Larissaea
945 2919 1226 2980 Aridoeum,
1242 2925 1329 2989 qui
1347 2927 1582 2976 extincto

517 2992 682 3042 fratre
706 2994 1006 3047 Alexandro
1028 2999 1232 3064 imperii
1254 3002 1580 3054 simulacrum

516 3084 613 3133 per
635 3071 933 3121 sexennium
958 3075 1159 3137 tenuit;
1190 3075 1378 3128 deinde
1398 3078 1581 3142 Olym·

518 3147 660 3211 piadi
695 3148 949 3212 proditus,
977 3160 1034 3201 et
1060 3144 1364 3204 ‘immaniter
1400 3170 1578 3205 excar-

518 3222 755 3273 nificatus
801 3225 956 3275 vitam
1003 3234 1060 3277 et
1110 3228 1327 3292 stirpem
1375 3231 1576 3295 Regum

515 3293 980 3425 glacedon'icorum
1017 3320 1083 3355 ex
1106 3305 1322 3355 Herculi
1356 3308 1577 3372 posteris

554 3376 665 3430 niit.

764 3509 1094 3564 Murranum
1111 3510 1320 3566 Genus.

579 3623 702 3660 vtu.
733 3610 969 3675 Pyrrhus
992 3614 1210 3665 Achillis
1239 3605 1372 3666 filius
1394 3632 1459 3667 ex
1480 3618 1579 3666 La-

518 3702 667 3737 nassa
705 3689 967 3739 Cleodeaei
990 3692 1289 3743 Heraclidae
1322 3694 1432 3744 filia
1456 3694 1579 3744 tulit

514 3765 791 3831 Pyrrhum,
811 3765 1050 3832 Alevam,
1084 3769 1388 3820 Ethnestam
1407 3776 1463 3821 et
1484 3769 1579 3819 foe·

961 391 1424 441 ALEXANDRI
1474 394 1717 442 MAGNI
1767 396 2281 448 GENEALOGIA.

1655 539 1817 589 minas
1834 539 2058 606 quinque
2076 556 2091 602 ς
2116 556 2182 590 ex
2200 539 2553 592 Andromacha
2570 541 2708 592 Hee-

1656 617 1785 666 toris
1835 618 1988 667 vidua
2026 619 2329 682 Molossum,
2359 618 2585 680 Pielnm,
2625 620 2708 684 qui

1653 694 1916 758 sequitur:
1951 702 2008 746 et
2023 695 2351 761 Amphialum
2368 704 2709 760 cognomento

1650 768 1669 799 ⁸
1692 770 2046 834 Pergamum.’

1722 863 1823 900 vu.
1856 851 2056 914 Pielus,
2080 850 2167 916 qui
2205 858 2262 901 et
2299 850 2549 914 Pylades,
2585 864 2710 915 quos

1653 927 1845 977 liberos
1866 929 2103 989 genuerit
2129 943 2230 979 non
2264 927 2536 993 reperitur.
2606 926 2714 976 Ha-

1653 1003 1827 1053 buisse
1852 1011 2026 1054 autem
2059 1013 2261 1055 certum
2295 1011 2378 1055 est
2400 1018 2465 1052 ex
2489 1017 2553 1052 eo
2577 1003 2713 1068 qnod

1655 1081 1937 1131 Pausanias
1960 1082 2143 1132 scribit
2174 1082 2451 1146 Pyrrhum,
2471 1080 2559 1145 qui
2598 1094 2713 1130 cum

1655 1159 1899 1208 Romanis
1956 1159 2144 1209 bellum
2216 1158 2396 1223 gessit,
2462 1156 2712 1221 originem

1653 1247 1793 1283 suam
1814 1234 2037 1284 adhunc
2063 1235 2314 1285 retulisse.

1718 1323 1797 1359 vt.
1830 1309 2015 1360 Alcon.
2051 1310 2221 1375 Hujus
2258 1308 2619 1373 progenitores
2640 1307 2717 1370 ig·

1653 1390 1923 1447 norantur‚
1945 1386 2041 1435 nisi
2072 1386 2210 1452 quod
2248 1390 2449 1435 constat
2481 1397 2598 1433 eum
2635 1381 2718 1432 fu·

1652 1461 1753 1513 isse
1776 1477 1841 1511 ex
1864 1463 1999 1513 Pieli
2021 1464 2262 1527 posteris.

1722 1554 1772 1589 v·
1806 1539 2060 1591 Admetus
2102 1541 2251 1605 Epiri
2284 1541 2416 1598 Rex,
2452 1538 2519 1587 ad
2563 1551 2719 1603 quem

1655 1618 2024 1668 Themistocles
2068 1616 2331 1682 confugit;
2374 1615 2609 1679 suscepit
2651 1629 2722 1664 ex

1661 1694 1852 1744 Phthia
1874 1694 2095 1757 conjuge
2118 1693 2424 1757 Arymbam.

1721 1784 1800 1819 tv.
1834 1769 2107 1834 Arymhas‚
2128 1769 2215 1834 qui
2238 1767 2459 1818 Athenis
2481 1767 2724 1818 eruditus

1656 1857 1993 1914 posteaquam
2015 1848 2081 1897 ad
2117 1862 2334 1912 regnum
2358 1846 2620 1910 pervenit,
2644 1847 2721 1895 le-

1657 1940 1749 1991 ges
1786 1933 1842 1976 et
1872 1931 2106 1975 senatum
2132 1937 2426 1989 annuosque
2447 1924 2724 1986 magistrae,

1658 2011 1741 2051 tus
1760 2012 1814 2052 et
1837 2001 2160 2066 Reipublicae
2177 1999 2391 2049 formam
2411 1999 2723 2061 composuit.

1655 2080 1887 2130 Vocatur
1910 2086 1966 2129 et
1984 2077 2326 2143 Tharymbas‚
2340 2085 2397 2128 et
2416 2076 2726 2141 Tharrytas,

1657 2164 1713 2207 et
1742 2157 2000 2221 Tharyps,
2020 2164 2074 2206 et
2106 2156 2380 2220 Tharipus‚
2404 2160 2459 2206 ut
2488 2153 2628 2205 solet
2667 2154 2722 2203 in

1657 2234 1964 2283 nominibus.

1724 2325 1811 2360 m.
1844 2309 2057 2366 Alcetas
2095 2309 2242 2372 Epiri
2279 2307 2415 2369 Rex,
2437 2307 2525 2372 qui
2561 2307 2723 2357 asuis

1658 2386 1836 2450 pulsus
1859 2391 1980 2448 post
1997 2385 2206 2436 exilium
2241 2383 2380 2448 apud
2413 2383 2724 2446 Dionysium

1656 2460 1847 2511 Siciliae
1870 2462 2161 2526 Tyrannum
2202 2460 2268 2532 ad
2292 2475 2501 2524 regnum
2541 2458 2725 2521 rediit,

1659 2537 1950 2600 procreavit
1972 2538 2372 2600 Neoptolemum
2393 2534 2727 2599 Olympiadis

1659 2624 1881 2682 patrem,
1903 2621 1959 2665 et
1975 2614 2265 2680 Arybbam.

1722 2706 1787 2743 11.
1822 2693 2197 2758 Neoptolemus
2235 2690 2389 2757 *Epiri
2430 2692 2547 2741 Rex
2601 2706 2725 2742 cum

1660 2769 1872 2836 Arybba
1894 2768 2058 2833 fratre
2083 2783 2295 2835 regnum
2329 2768 2572 2834 partitus,
2591 2768 2731 2819 libe·

1663 2862 1744 2897 ros
1778 2847 1958 2896 habuit
1995 2845 2372 2907 Alexandrum,
2408 2845 2496 2910 qui
2535 2845 2752 2909 Magnis

1664 2937 1890 2973 sororem
1928 2922 2259 2985 Cleopatram
2303 2922 2356 2969 in
2393 2920 2724 2970 matrimonio

1659 3002 1858 3063 habuit,
1880 3007 1935 3051 et
1955 3001 2092 3051 bello
2115 3002 2167 3051 in
2205 3001 2360 3051 ltalia
2393 3005 2542 3063 gesto
2565 3013 2725 3050 occu·

1658 3078 1773 3129 buit
1791 3095 1806 3140 ς
1839 3079 2259 3143 Neoptolemum,
2276 3076 2530 3142 Troadem
2553 3076 2728 3142 Aryb-

1658 3154 1741 3205 bae
1799 3161 1984 3219 patruo
2047 3162 2298 3220 nuptam;
2352 3154 2725 3218 Olympiadem

1655 3227 1942 3281 Alexandri
1965 3239 2203 3289 matrem,
2216 3237 2272 3281 et
2292 3230 2580 3293 Cadmiam,
2600 3246 2723 3296 quae

1644 3308 1870 3360 >insidias
1893 3325 1925 3359 a
1947 3309 2294 3373 Neoptolemo
2312 3307 2475 3359 fratre
2496 3308 2551 3357 in
2582 3308 2723 3372 Pyr·

1573 3413 1578 3414 ν
1657 3386 1801 3433 rhum
1822 3383 2071 3436 conflatas
2094 3385 2342 3450 prodidit.
2458 3385 2462 3390 ’

1726 3476 1767 3514 1.
1800 3463 2071 3530 Olympias
2121 3468 2241 3527 post
2281 3461 2571 3512 Alexandri
2625 3460 2724 3512 filii

1659 3547 1899 3602 mortem,
1925 3555 2043 3591 cum
2083 3543 2243 3591 multa
2282 3541 2370 3590 diu
2409 3539 2722 3591 ambitiosis-

1658 3620 1787 3669 sime
1803 3624 1957 3683 atque
1971 3617 2325 3669 crudelissime
2339 3616 2566 3679 fecisset,
2577 3617 2721 3682 Pyd-

1657 3710 1740 3745 nae
1779 3711 1811 3745 a
1846 3695 2134 3746 Cassandro
2175 3701 2333 3759 capta
2365 3699 2519 3760 atque
2555 3695 2721 3745 inter-

1654 3770 1799 3821 fecta
1819 3778 1916 3821 est.
2781 3767 2784 3772 ’

582 3926 885 3980 Alexander
901 3933 1126 3997 Magnus
1148 3950 1213 3986 ex
1231 3936 1452 3998 Barzine
1478 3936 1720 3987 Artabazi
1740 3935 1847 3986 filia
1868 3936 2051 4000 genuit
2073 3936 2352 3987 Herculem
2371 3953 2388 3998 ς
2420 3937 2507 4002 qui
2532 3945 2719 4002 postea

521 4022 656 4058 anno
695 4012 868 4061 aetatis
908 4014 1110 4065 decimo
1141 4023 1292 4067 sexto
1315 4033 1344 4067 a
1368 4018 1816 4083 Polysperchonte
1850 4017 2053 4078 occisus
2076 4023 2193 4066 est:
2231 4030 2297 4065 ex
2321 4017 2537 4066 Roxane
2572 4016 2720 4082 Oxy·

519 4097 650 4140 artae
676 4089 780 4141 filia
804 4091 1158 4145 Alexandrum
1181 4095 1505 4160 Postumum,
1520 4111 1672 4163 quem
1691 4096 1980 4147 Cassander
2001 4094 2267 4146 interfecit
2292 4111 2307 4145 t
2343 4109 2409 4144 ex
2427 4095 2718 4161 Cleophide

520 4169 728 4236 Regina
749 4171 931 4223 Indica
952 4174 1326 4242 Alexandrum,
1348 4177 1434 4243 qui
1458 4184 1641 4241 postea
1661 4177 1840 4233 matris
1863 4177 2134 4241 imperium
2159 4177 2342 4227 tenuit.
