2978 4933
857 396 1117 446 survi..
1171 398 1248 445 ιΝ
1300 398 1364 456 Q.
1418 397 1766 446 cun'rium
1822 398 1963 446 mn.
2013 400 2062 446 1.
2161 440 2166 463 ,
2465 380 2554 446 89

349 549 598 618 patrem,
627 558 702 599 ue
744 549 969 600 tantam
1020 540 1223 620 gloriae
1267 542 1645 602 occasionem
1694 561 1728 601 e
1774 541 2044 601 manibus
2094 541 2247 602 elabi
2296 540 2550 603 sineret:

346 657 540 716 eoque
569 636 812 697 tandem
841 637 1117 717 impulse,
1145 639 1369 719 primus
1400 640 1458 698 in
1484 639 1714 699 hostem
1742 639 2025 721 impetum
2053 639 2213 701 fecit.
2299 642 2355 700 7.
2389 639 2551 719 Pug-

347 745 556 793 natum
586 745 681 794 est
708 737 919 795 acriter
947 736 1225 815 ambigua
1269 737 1392 797 diu·
1417 738 1680 810 victoria,
1726 737 1916 798 donec
1964 737 2337 806 adolescens,
2375 756 2552 816 quem

349 851 488 890 cum
544 831 795 892 delectis
856 832 1024 892 alteri
1082 852 1369 894 cornuum
1441 836 1791 913 praesecerat
1846 844 2034 914 pater,
2093 853 2321 894 summa
2373 833 2554 894 animi

347 926 679 1008 viriumque
747 929 1129 990 contentione
1194 933 1508 1005 connixus,
1568 951 1739 992 sacra
1808 931 2219 992 Thebanorum
2276 929 2561 1001 cohorte}

257 1105 267 1113 ⁰
348 1044 489 1103 quae
540 1046 616 1085 ex
669 1025 905 1105 optimis
955 1028 1290 1100 constabat,
1350 1028 1481 1088 loco
1553 1039 1734 1102 mota,
1784 1029 2047 1090 victoriae
2096 1028 2250 1089 viam
2308 1025 2554 1106 aperuit.

352 1125 415 1182 8..
463 1123 619 1183 Nam
670 1134 731 1183 et
771 1124 1164 1185 Athenienses
1222 1122 1515 1186 sociorum
1563 1126 1900 1187 calamitate
1949 1126 2142 1199 fracti,
2183 1134 2453 1204 aestuque
2495 1132 2558 1182 et

347 1219 697 1281 vulneribus
727 1222 977 1301 fatigati,
1007 1242 1124 1282 non
1156 1225 1407 1302 amplius
1440 1225 1774 1285 sustinuere
1804 1223 2203 1284 Macedonum
2230 1224 2551 1300 impeturn:

351 1317 575 1398 quippe
605 1317 916 1399 Philippus
946 1320 1345 1390 aemulatione,
1373 1331 1434 1381 et
1474 1320 1701 1402 pudore
1735 1320 1786 1380 si
1823 1308 1946 1381 filio
1974 1319 2355 1380 adolescente
2386 1316 2553 1377 dete·-

351 1413 470 1483 ¹rior
497 1413 754 1486 videtur,
785 1415 981 1494 gravis
1011 1415 1539 1499 intolerandasque
1577 1419 1945 1479 incubuerat.
2029 1419 2087 1476 9.
2132 1418 2224 1477 Ita
2265 1414 2342 1474 de
2381 1412 2556 1496 liber·
2583 1415 2602 1432 ⁹

348 1521 477 1571 tate
508 1509 759 1570 Graecias
788 1511 903 1570 ista
929 1531 1131 1591 pugna
1159 1512 1460 1574 decretum
1491 1524 1602 1575 est.
1689 1514 2052 1575 Ceciderunt
2080 1534 2156 1574 ex
2175 1509 2555 1572 Atheniensi--

350 1607 469 1666 bus
500 1607 962 1688 amplius-mille,
991 1628 1169 1689 supra
1198 1609 1319 1671 duo
1348 1610 1535 1670 millia
1561 1612 1719 1690 capti
1746 1611 1942 1672 suere:
1987 1612 2284 1673 sociorum
2306 1625 2557 1688 quoque

352 1704 527 1764 multi
572 1715 677 1765 aut
720 1707 1045 1785 pugnando
1088 1717 1336 1767 mortem
1378 1709 1802 1781 occubuerunt,
1851 1718 1955 1769 aut
1996 1708 2112 1770 vivi
2161 1717 2451 1767 venerunt
2494 1705 2557 1763 in

349 1811 715 1879 potestatem
736 1802 995 1864 victoris.
1063 1806 1157 1864 10.
1186 1803 1416 1864 Missus
1438 1805 1708 1884 posthaec
1730 1806 1999 1866 Athenas
2021 1804 2394 1865 Alexander:
2420 1786 2560 1862 ‘'ve-

352 1897 520 1958 niam
548 1898 893 1959 delictorum
944 1919 1270 1980 pacemque
1318 1900 1784 1962 Atheniensibus
1832 1902 2170 1983 Philippum
2199 1900 2376 1961 dare’
2418 1919 2557 1980 pro·-

310 1982 694 2067 ‘nuntiavitx
733 2004 750 2030 ‘
778 1996 1043 2076 captivos
1072 1997 1248 2058 etiam
1279 1999 1461 2077 gratis
1494 1998 1774 2066 reddere;
1818 2018 1933 2060 nec
1960 2010 2179 2070 vetare,
2208 2000 2348 2078 quin
2377 1998 2560 2057 occisi

348 2093 795 2159 tumularentur
812 2092 851 2154 ε’
908 2096 1127 2176 quippe
1176 2116 1281 2155 rex
1322 2097 1589 2156 intentus
1631 2096 1690 2154 in
1748 2097 2051 2157 Persicum
2101 2095 2342 2170 bellum,
2391 2094 2561 2153 Grae-

352 2211 563 2252 corum
617 2192 794 2252 fidem
841 2203 1021 2273 atque
1080 2194 1295 2266 studia,
1350 2195 1668 2256 clementia
1712 2204 1773 2255 et
1813 2194 2218 2254 moderatione
2273 2210 2559 2271 provoca-

351 2288 510 2349 bat.¹¹
598 2291 691 2350 ll.
737 2291 988 2370 lmperio
1017 2301 1214 2352 tamen
1254 2294 1433 2353 maris
1469 2303 1538 2353 ,et
1581 2291 1904 2353 insularum
1934 2290 2328 2351 Athenienses
2356 2287 2556 2348 exuit:

354 2384 421 2443 in
451 2382 766 2446 Thebanos
796 2387 1068 2448 immitior
1084 2391 1116 2449 :¹
1156 2408 1405 2468 quorum
1434 2389 1634 2450 subita
1676 2388 2008 2450 defectione
2039 2388 2099 2447 in
2142 2405 2436 2447 summum
2470 2405 2564 2446 re-

355 2503 491 2541 rum
522 2487 781 2545 omnium
810 2485 1124 2547 discrimen
1157 2507 1220 2546 se
1250 2487 1573 2548 adductum
1619 2488 1806 2548 fuisse
1848 2489 2223 2554 meminerat;
2269 2504 2380 2545 nec
2396 2481 2561 2563 judi-

356 2582 541 2641 cabat
587 2581 882 2642 veteribus
928 2583 1128 2656 sociis,
1159 2596 1298 2664 post
1339 2584 1631 2645 beneficia
1672 2604 1803 2656 sua,
1852 2602 2093 2643 causam
2130 2583 2314 2642 fuisse
2355 2587 2565 2640 contra

357 2679 561 2757 ipsum
613 2699 747 2739 cum
777 2681 1241 2741 Atheniensibus
1284 2681 1600 2741 sentiendi.
1691 2684 1786 2741 12.
1832 2681 1990 2759 Ergo
2038 2699 2171 2739 cum
2209 2678 2413 2737 urbem
2456 2675 2564 2734 de-

359 2775 679 2851 didissent,
750 2778 1032 2859 praesidio
1090 2777 1487 2838 Macedonum
1539 2777 1846 2858 imposito,
1905 2775 2348 2854 interfectisque
2405 2792 2560 2853 quos

357 2875 617 2935 maxime
663 2874 888 2936 invisos
919 2886 1348 2955 suspectosque
1390 2874 1697 2947 habuerat,
1729 2873 1860 2933 aliis
1889 2872 2078 2932 solum
2109 2881 2333 2931 vertere
2353 2867 2563 2949 jussis,

358 2971 630 3033 reductis
686 2993 811 3032 suae
861 2973 1133 3032 factionis
1184 2973 1458 3033 exulibus
1513 2973 1891 3052 magistratus
1948 2979 2013 3030 et
2037 2968 2264 3049 judicia
2303 2965 2565 3028 tradidit.

367 3072 469 3130 13.
517 3070 799 3148 Reliquos
832 3068 1046 3132 deinde
1075 3072 1349 3149 populos,
1377 3071 1478 3150 qui
1521 3070 1806 3130 adversus
1847 3068 2042 3147 ipsum
2073 3083 2239 3126 arma
2263 3073 2565 3144 ceperant,

359 3166 576 3226 eodem
624 3167 882 3227 victoriae
926 3167 1149 3246 impetu
1198 3168 1555 3246 perdomuit.
1642 3167 1772 3227 Nec
1817 3164 2132 3246 quisquam
2170 3174 2298 3223 tota
2328 3160 2567 3221 Graecia

358 3274 581 3343 proeter
610 3261 978 3343 Spartanos*
1007 3275 1068 3324 et
1116 3265 1379 3325 Arcades
1423 3264 1844 3326 dominationis
1895 3262 2021 3342 ejus
2068 3277 2276 3342 expers
2314 3257 2567 3318 mansit:

362 3359 519 3419 alios
549 3360 747 3431 armis,
778 3359 924 3420 alios
952 3360 1160 3438 impari
1188 3361 1470 3422 societate
1498 3358 1756 3440 imperiis
1796 3359 1923 3419 suis
1965 3357 2250 3418 obnoxios
2287 3356 2565 3415 habebat.

370 3460 472 3517 14.
513 3456 701 3535 Igitur
729 3467 1026 3516 conventu
1071 3458 1249 3517 totius
1291 3457 1542 3524 Graeciae
1590 3454 1942 3517 Corinthum
1984 3454 2229 3527 indicto,
2260 3452 2377 3511 ‘de
2408 3449 2566 3512 bello

363 3552 570 3613 Persis
598 3553 941 3612 inferendo'
969 3553 1283 3614 disseruit:
1326 3561 1343 3590 ‘
1370 3553 1609 3614 obviam
1646 3551 1913 3613 eundum
1958 3569 2091 3610 esse
2130 3548 2421 3614 barbaris;
2464 3546 2570 3604 im·

363 3651 599 3730 perium
627 3651 787 3710 orbis
822 3651 1057 3709 immani
1110 3651 1384 3730 superbia
1435 3652 1557 3712 sibi
1590 3649 2049 3719 destinantibus,
2094 3659 2199 3706 aut
2242 3642 2567 3723 parendum

365 3767 622 3827 semper,
654 3757 759 3806 aut
812 3758 1040 3807 mature
1097 3749 1492 3808 resistendum
1542 3768 1697 3809 esse.
1790 3749 1885 3806 15.
1928 3747 2056 3804 Nec
2099 3742 2252 3803 enim
2293 3740 2408 3798 hoc
2449 3738 2568 3817 agi,

341 3843 591 3907 ‘bellum
620 3863 696 3903 an
740 3862 947 3923 pacem
975 3843 1231 3905 habeant
1262 3844 1495 3914 Graeci3
1541 3844 1648 3905 sed
1676 3853 1871 3903 utrum
1910 3840 1971 3899 in
2010 3836 2259 3899 hostiles
2302 3854 2477 3915 agros
2504 3833 2570 3896 id

435 4035 458 4068 f
475 4037 622 4088 Diod.
650 4040 686 4088 l.
710 4040 744 4088 l.
772 4041 910 4089 Plut.
931 4039 1084 4090 Alex.
1110 4053 1164 4102 p.
1185 4043 1299 4088 668.
1511 4038 1700 4088 AElian.
1728 4050 1806 4086 vr.
1827 4038 1875 4083 1.
1901 4039 1948 4083 8.

437 4124 464 4158 ¹
497 4116 854 4166 Justin.1x.4.
877 4123 924 4166 5.
1437 4117 1438 4120 ’
1575 4115 1600 4150 ¹⁸
1631 4114 1822 4167 Justiu.
1867 4126 1945 4162 ιι.
1992 4115 2043 4159 6.
2081 4114 2131 4159 3.
2176 4106 2386 4159 Arrian.
2432 4119 2471 4158 ι.
2519 4108 2574 4164 1.

439 4188 464 4221 h
499 4190 579 4240 ld.
604 4179 637 4242 ι’.
659 4192 694 4242 ι.
1512 4192 1661 4245 mod.
1689 4204 1808 4243 xv1.
1833 4205 1886 4255 p.
1904 4192 2021 4242 ssa.

439 4264 451 4298 ¹
484 4266 564 4318 Id.
587 4269 621 4320 l.
645 4270 679 4318 l.
721 4267 936 4320 Pausan·
962 4280 1038 4318 rx.
1061 4267 1220 4348 Diod.
1246 4282 1297 4335 p.
1316 4273 1430 4320 555.
