2978 4933
493 361 625 427 502
926 377 991 434 Q.
1039 372 1297 421 cunru
1353 371 1533 420 nuru
1584 371 1731 421 mn.
1778 373 1914 419 vn.
1967 373 2130 423 cAr.
2176 357 2242 423 1.

492 521 673 601 gerit,
705 539 858 584 cum
889 518 1196 583 Philotas
1236 524 1670 603 torqueretur,
1723 514 2117 603 aperuisse¹¹
2163 518 2341 602 fugae
2393 539 2701 586 causam.

495 625 596 688 14.
651 623 888 707 Nuper
943 627 1186 708 praeter
1240 622 1821 701 consuetudinem,
1879 620 2082 686 officii
2142 623 2388 705 specie,
2447 625 2701 687 amotis

491 727 751 807 longius
782 726 1040 803 ceteri8‚
1070 725 1449 791 admovisse
1480 730 1693 790 semet
1721 727 1914 810 ipsos
1938 724 2132 791 lateri
2160 744 2305 802 su0,
2330 725 2516 789 nulla
2537 745 2702 809 pro-

486 828 695 892 babili
724 847 927 893 causa
949 850 967 893 ε
989 840 1010 867 ·
1042 849 1247 913 seque
1271 830 1636 907 mirantem,
1682 830 1863 913 quod
1893 848 2022 894 nou
2050 828 2199 893 vice
2235 847 2365 893 sua
2390 827 2517 891 tali
2543 827 2704 892 fun-

491 938 795 1013 gerentur
837 930 1110 1010 officio!
1142 941 1212 997 et
1257 933 1409 1017 ipsa
1441 923 1913 1017 ‘trepidatione
1965 951 2196 998 eorum
2244 931 2702 1014 perterritum,

491 1030 793 1098 strenue¹
819 1034 908 1099 ad
938 1037 1317 1118 armigeros,
1346 1036 1462 1119 qui
1494 1037 1781 1119 proximi
1806 1035 2277 1120 sequebantur,
2297 1034 2699 1098 recessisse.

491 1136 599 1200 15.
646 1132 758 1199 Ad
786 1136 912 1201 hoc
960 1137 1304 1215 accedere,
1356 1138 1539 1224 quod
1585 1157 1737 1203 cum
1768 1136 2219 1220 AntiphaneS,
2247 1135 2470 1199 scriba
2502 1136 2699 1219 equi.-

489 1243 652 1316 tum,
683 1236 999 1322 Amyntae
1030 1239 1509 1320 denuntiasset,
1539 1241 1754 1326 pridie
1786 1261 1995 1325 quam
2013 1238 2305 1303 Philotae
2329 1238 2559 1304 scelus
2583 1238 2700 1301 de·

490 1340 890 1424 prehensum
921 1349 1123 1419 esset,
1171 1347 1289 1407 ‘ut
1339 1363 1429 1408 ex
1477 1344 1625 1408 suis
1656 1344 1849 1427 equis
1897 1325 2082 1408 more
2127 1340 2328 1406 solito
2368 1340 2560 1406 daret
2586 1343 2697 1418 iis,

490 1439 604 1525 qui
656 1443 1040 1508 amisissent
1087 1446 1297 1522 suos}
1351 1448 1639 1530 superbe
1688 1433 2148 1529 respondisse,
2203 1449 2222 1478 ‘
2246 1443 2379 1509 nisi
2421 1446 2698 1529 incepto

492 1542 859 1622 desisteret,
886 1546 1078 1610 brevi
1119 1546 1462 1627 sciturum,
1515 1548 1667 1632 quis
1715 1550 1867 1631 ipse
1916 1545 2145 1612 esset!
2229 1546 2347 1619 16.
2380 1546 2545 1611 Jam
2571 1547 2698 1611 lin-

492 1664 643 1727 guae
687 1647 1074 1713 violentiam
1122 1651 1695 1734 temeritatemque
1738 1651 2114 1728 verborum,
2164 1668 2321 1733 quae
2366 1648 2439 1712 in
2486 1658 2700 1717 semet

492 1749 711 1830 ipsum
733 1748 1209 1832 jacularentur,
1261 1737 1425 1817 nihil
1470 1753 1654 1817 aliud
1708 1773 1880 1831 esse,
1932 1772 2136 1837 quam
2185 1751 2459 1817 scelesti
2489 1754 2698 1816 animi

492 1849 776 1914 iudicem
807 1870 887 1916 ac
917 1859 1153 1917 testem
1182 1874 1198 1917 :
1237 1871 1400 1937 *quae
1432 1854 1497 1919 si
1528 1875 1685 1920 vera
1713 1858 1955 1933 essent,
1984 1854 2161 1919 idem
2188 1855 2516 1918 meruisse
2545 1875 2695 1933 eoS,

492 1952 671 2035 quod
703 1954 1054 2036 Philotan3
1100 1958 1159 2021 si
1186 1957 1381 2034 falsa,
1424 1960 1687 2042 exigere
1731 1959 1979 2041 ipsum,
2025 1965 2105 2020 ut
2150 1956 2499 2021 refellant?
2586 1958 2694 2023 17.

558 2141 580 2165 ‘
612 2136 876 2187 Accessisse
907 2140 969 2188 ad
1001 2139 1152 2201 ipsius
1182 2141 1326 2201 latus,
1357 2141 1488 2189 nulla
1520 2139 1771 2190 verisimili
1802 2141 1991 2190 ratione
2020 2143 2262 2192 adductos.

554 2196 587 2238 s
614 2200 752 2256 Quod
783 2209 922 2253 extra
954 2219 1089 2253 tuum
1121 2209 1302 2269 tempus
1334 2206 1430 2254 taIe
1461 2204 1728 2268 obsequium
1757 2207 2048 2257 exhiberent.

1413 2347 1772 2367 ΝΝΝΝΝΝΝΝ

496 2452 554 2500 de
578 2450 777 2501 Philota
798 2459 1089 2516 qum-eretur
1102 2471 1122 2513 ,⁰
1155 2455 1385 2506 Florent.
1410 2463 1463 2506 et
1486 2456 1632 2507 Leid.
1654 2473 1759 2507 cum
1779 2457 1837 2507 de
1851 2456 2059 2507 Phicotae
2079 2459 2403 2520 quereretur,-
2435 2455 2697 2506 Dama-um

492 2517 704 2567 Philota»
727 2524 1026 2581 torqueretur
1037 2535 1059 2578 ,⁸
1093 2521 1279 2583 reliqui
1305 2522 1460 2571 Grut.
1486 2530 1539 2570 et
1556 2523 1723 2585 Bong.
1741 2538 1846 2571 cum
1866 2524 1923 2571 de
1945 2521 2142 2572 Philota
2164 2528 2473 2584 quoereretur.
2522 2523 2695 2570 Frein-

495 2582 691 2632 shemio
716 2594 960 2645 suspecta
983 2594 1063 2635 est
1083 2600 1178 2634 vox
1189 2587 1332 2647 fugoe
1345 2603 1364 2643 ,-
1398 2602 1503 2652 qua
1522 2587 1695 2650 ejecta
1720 2588 1784 2637 ad
1802 2603 1989 2638 causam
2012 2588 2256 2650 supplet:
2293 2589 2308 2614 ‘
2330 2601 2424 2635 cur
2448 2586 2503 2634 in
2527 2601 2695 2636 secre-

494 2655 550 2696 to
574 2662 692 2698 cum
718 2650 927 2699 Philota
948 2649 1301 2701 fuisset.’—l4
1340 2652 1631 2718 Mer?officii
1653 2668 1797 2716 spem.
1865 2651 1988 2702 Ald.
2014 2651 2167 2702 Frob.
2193 2652 2329 2700 Mer.
2353 2652 2469 2699 Col.
2491 2661 2547 2700 et
2572 2652 2696 2701 Bas.

494 2715 671 2763 amoris
693 2729 787 2778 pro
810 2717 995 2765 amotis.
1061 2717 1216 2767 Voss.
1241 2721 1290 2766 2.
1308 2732 1448 2779 seque
1471 2723 1746 2767 imitantem.
1813 2719 1964 2767 Voss.
1986 2722 2034 2767 1.
2047 2718 2336 2778 fugerentur
2354 2717 2526 2781 officio.
2582 2718 2696 2765 Flo-

492 2785 629 2827 rent.
647 2781 797 2830 Leid.
819 2781 972 2831 Voss.
1000 2785 1045 2831 1.
1069 2786 1117 2832 2.
1156 2783 1295 2843 Dan.
1319 2783 1489 2845 Bong.
1515 2782 1753 2843 Gruter-i,
1777 2783 1889 2831 Pal.
1914 2787 1963 2834 2.
2002 2783 2157 2833 Frob.
2184 2782 2321 2831 Mer.
2345 2782 2468 2830 Bas.
2494 2790 2550 2830 et
2575 2782 2693 2832 Col.

491 2857 555 2891 ex
593 2842 736 2906 ipsa3
791 2846 906 2895 Pal.
942 2850 990 2895 3.
1029 2852 1075 2895 et
1109 2847 1213 2910 ὄρεα
1244 2847 1619 2910 perturbatione.
1685 2849 1835 2898 Voss.
1873 2852 1923 2897 2.
1968 2847 2197 2910 recepisse
2238 2860 2333 2909 pro
2370 2847 2695 2896 recessisse.—

494 2913 554 2955 15
593 2909 824 2960 Florent.
850 2911 996 2963 Leid.
1016 2913 1163 2961 Voss.
1191 2917 1234 2961 1.
1260 2917 1308 2962 2.
1332 2918 1386 2961 et
1410 2912 1630 2962 Gruteri
1652 2918 1827 2962 omnes
1849 2914 1931 2962 Ad
1948 2913 2065 2961 Iioec.
2133 2912 2241 2961 Elz.
2269 2921 2321 2961 et
2341 2911 2430 2959 alii
2452 2913 2695 2971 accidere,-

495 2972 648 3022 codd.
678 2990 799 3023 vero
837 2978 1072 3027 accedere.
1139 2977 1370 3027 Florem.
1405 2976 1555 3026 Leid.
1602 2979 1752 3027 Voss.
1798 2983 1841 3026 l.
1864 2983 1911 3028 2.
1945 2978 2079 3027 Dan.
2118 2977 2229 3026 Pal.
2269 2981 2317 3026 2.
2350 2977 2522 3040 Bong.
2561 2981 2607 3026 1.
2644 2982 2695 3025 et

491 3036 659 3097 Boug.
685 3039 1053 3099 Gruteri,cum
1078 3042 1273 3091 Venet.
1304 3049 1358 3091 et
1399 3043 1614 3092 Mediol.
1637 3043 2017 3106 Antiphatene33
2073 3042 2191 3090 Pal.
2232 3045 2277 3090 1.
2308 3040 2696 3104 Antiphon-aneu

494 3101 610 3150 Pal.
636 3108 684 3150 3.
707 3104 1084 3163 Antibarraneu
1123 3107 1263 3154 Pitb.
1287 3108 1657 3170 Antiphataues.
1727 3109 1855 3158 Pal.
1870 3114 1915 3158 l.
1940 3108 2137 3157 omittit
2158 3122 2296 3170 quum
2317 3115 2439 3155 ante
2463 3107 2691 3156 Philota».

492 3166 720 3217 Florent.
739 3169 877 3218 Pith.
902 3171 1141 3232 Bong.,2.
1162 3180 1216 3220 et
1238 3172 1374 3220 Dan.
1388 3174 1717 3234 deprehensus.
1753 3173 1903 3222 Voss.
1917 3177 1966 3222 2.
1988 3174 2126 3222 daret
2146 3173 2221 3221 hie
2239 3187 2259 3229 ,-
2290 3171 2526 3221 Florent.
2548 3173 2693 3221 Leid.

490 3231 645 3280 Voss.
668 3237 716 3283 1.
762 3234 931 3298 Bong.
957 3236 1098 3284 Dan.
1121 3243 1177 3286 et
1199 3237 1338 3287 Mer.
1362 3240 1534 3287 darent
1554 3238 1644 3287 his.
1711 3237 1818 3287 Pro
1838 3253 1945 3287 suos
1969 3238 2203 3286 Florent.
2231 3236 2372 3285 Leid.
2398 3237 2550 3285 Voss.
2575 3241 2621 3284 1.
2645 3241 2693 3286 2.

493 3302 546 3346 et
585 3296 804 3350 Gruteri
845 3315 1019 3351 omnes
1061 3317 1218 3365 equos.
1308 3303 1445 3353 Vide
1484 3304 1613 3353 Not.
1646 3303 1907 3356 Van—16
1939 3302 2109 3353 Amst.
2150 3305 2264 3351 Jam
2301 3303 2335 3351 l.
2380 3302 2690 3351 virulentiam.

1481 3451 1535 3500 N
1540 3450 1697 3502 OTAE

554 3560 578 3594 k
610 3561 890 3625 Aperuisse]
926 3561 1079 3613 Quod
1099 3562 1320 3612 Philotae
1342 3563 1554 3612 intimus
1636 3570 1808 3628 gatam
1831 3562 2108 3613 lectionem
2139 3562 2250 3612 sine
2284 3562 2440 3610 ullius
2475 3563 2689 3612 auctori-

490 3652 608 3687 cum
645 3644 802 3700 esset,
826 3638 1032 3687 aliunde
1054 3653 1155 3687 non
1180 3644 1451 3704 cognatus,
1474 3638 1552 3688 fu·
1636 3646 1742 3690 tate
1765 3639 1962 3689 codicis
1985 3639 2266 3689 solicitare.

491 3727 617 3778 gere
638 3714 692 3762 in
715 3713 815 3763 isto
844 3728 1015 3763 rerum
1040 3715 1259 3764 articulo
1281 3729 1382 3764 non
1402 3722 1551 3779 pote·
1698 3715 1714 3750 ¹
1744 3716 1972 3780 Strenue]
2005 3715 2224 3764 Monere
2254 3715 2506 3764 hactenus
2528 3716 2688 3765 omisi-

488 3796 592 3850 rat,
637 3791 761 3853 quin
804 3804 861 3839 se
904 3787 1200 3854 fratresque
1247 3790 1378 3841 adeo
1415 3806 1552 3857 suos,
1635 3806 1765 3850 mus,
1788 3793 1911 3856 quia
1931 3793 2057 3841 satis
2080 3806 2176 3856 per
2204 3806 2260 3841 se
2288 3800 2529 3854 apertum
2553 3795 2687 3842 vide·

491 3865 716 3915 Philotae
739 3866 971 3916 conscios
995 3868 1259 3930 proderet.
1321 3869 1455 3918 Sunt
1476 3876 1552 3919 ta·
1634 3869 1811 3933 batur,
1833 3871 1847 3897 ‘
1868 3876 2107 3919 strennus
2124 3866 2138 3889 ’
2164 3876 2219 3918 et
2249 3870 2266 3897 ‘
2284 3869 2525 3918 strenue’
2557 3868 2685 3932 apud

489 3956 610 3990 men
655 3943 742 4005 qui
782 3957 960 3992 vocem
993 3944 1134 4006 sugoe
1171 3945 1418 3995 intrusam
1458 3961 1553 4010 pu-
1633 3947 1871 3997 Curtium
1910 3951 2003 3995 ant
2033 3959 2243 4008 semper
2267 3951 2358 3994 ant
2391 3945 2685 4008 plerumque

492 4025 642 4079 tent;
690 4027 745 4067 et
765 4021 1005 4082 aperuisse
1025 4036 1213 4070 caumm
1235 4012 1465 4072 referant
1486 4023 1553 4072 ad
1633 4024 1773 4074 idem
1823 4037 1934 4073 esse
1986 4036 2047 4072 ac
2092 4026 2108 4052 ‘
2127 4020 2300 4072 celer’
2336 4022 2445 4070 sive
2489 4022 2506 4049 ‘
2526 4036 2685 4086 prom·

490 4101 750 4145 secretum
795 4097 921 4145 illud
976 4112 1091 4147 cum
1138 4098 1351 4149 Philota
1394 4102 1554 4151 collo·
1636 4101 1758 4164 tus,'
1778 4110 1836 4152 et
1866 4103 1881 4128 ‘
1904 4100 2147 4150 celeriter
2160 4099 2195 4161 ς’
2229 4100 2369 4165 quod
2396 4100 2480 4150 hIc
2513 4100 2684 4165 praeci·

490 4172 687 4236 quium,
709 4172 857 4237 cujus
879 4187 1084 4222 caueam
1108 4174 1229 4239 fuga
1254 4176 1553 4228 Polemonis
1632 4193 1733 4241 pue
1756 4179 1926 4228 locum
1948 4176 2119 4227 habet.

491 4248 772 4300 detexerit.
826 4249 932 4299 Sed
956 4249 1080 4299 nihil
1101 4265 1317 4303 necesse
1340 4263 1420 4305 est
1442 4255 1551 4323 yul-
