2978 4933
867 383 983 432 or..
1032 382 1220 431 cxn.
1262 365 1329 430 2.
1406 381 1475 429 A.
1525 379 1648 429 cn.
1695 379 1767 428 N.
1814 361 1963 427 331.
2387 360 2516 427 :379

309 552 459 600 rore
483 532 790 598 retineret
818 530 901 596 ad
922 532 1198 615 propius
1229 527 1601 614 periculum
1634 539 2022 592 conversum
2052 543 2331 607 agmen:
2356 537 2382 575 e
2411 524 2519 589 sin

312 642 533 701 autem
562 636 713 719 ipse
737 634 997 700 hostem
1025 633 1437 714 fefellisset,'·
1482 639 1552 698 et
1579 633 1830 697 saltum
1872 633 2316 713 occupasset3
2363 648 2519 693 cum

309 740 782 824 trepidantium
815 739 1250 804 barbarorum
1283 737 1645 803 tumultum
1666 732 2060 800 exaudisset
2089 733 2521 814 [persequen-

309 844 476 907 tium
506 843 786 926 regem],
815 842 886 907 id
914 845 1136 927 ipsum
1164 843 1313 920 iter,
1344 862 1481 926 quo
1510 840 1730 924 pridie
1753 836 1936 922 pulsi
1964 836 2254 913 fuerant,
2286 854 2369 898 ne
2399 834 2520 897 du-

306 946 550 1011 bitaret
603 944 895 1029 ingredi:
951 946 1206 1029 quippe
1262 964 1554 1037 vacuum
1607 944 1774 1021 fore,
1825 939 2136 1004 hostibus
2184 939 2254 1002 in
2311 945 2523 1002 semet

308 1046 611 1113 aversis?
697 1050 805 1113 17.
853 1048 1012 1140 Ipse
1036 1047 1235 1113 tertia
1262 1043 1528 1131 vigilia¹
1560 1044 1790 1110 silenti
1821 1042 2104 1126 agmine,
2128 1061 2210 1106 ac
2240 1061 2324 1104 ne
2354 1042 2522 1106 tuba

308 1149 585 1235 quidem
620 1149 785 1216 dato
833 1151 1047 1234 signo,
1094 1151 1311 1235 pergit
1354 1149 1442 1215 ad
1491 1149 2021 1215 demonstratum
2048 1146 2175 1210 iter
2205 1144 2520 1210 callium:

307 1259 331 1288 ‘
356 1254 562 1319 tridui
592 1255 909 1320 alimenta
939 1259 1206 1338 portare
1224 1252 1242 1278 '
1275 1254 1557 1318 militem
1578 1252 1882 1342 Jusserat
1909 1250 2146 1315 leviter
2173 1255 2532 1313 armatum.

308 1355 425 1422 18.
468 1357 605 1422 Sed
648 1365 895 1442 praeter
939 1358 1163 1423 invias
1202 1377 1402 1443 rupes
1449 1377 1532 1422 ac
1572 1361 1913 1441 praerupta
1941 1373 2139 1431 saxa,
2167 1352 2524 1434 vestigium

310 1460 603 1526 subinde
632 1462 959 1540 fallentia,
987 1463 1110 1525 nix
1139 1462 1549 1526 cumulatam
1583 1465 1783 1523 vento
1814 1455 2256 1540 ingredientes
2286 1453 2536 1537 fatiga--

307 1565 479 1630 bat:
524 1566 782 1650 quippe
827 1565 1006 1630 velut
1042 1565 1114 1629 in
1158 1563 1397 1629 foveas
1426 1563 1632 1628 delati
1659 1560 2178 1642 hauriebantur;
2210 1564 2280 1622 et
2303 1577 2455 1622 cum
2482 1577 2527 1621 a

311 1669 894 1735 cotmnilitonibus
952 1669 1364 1747 levarentur,
1423 1667 1782 1733 trahebant
1836 1664 2051 1746 magis
2101 1661 2215 1746 adj
2225 1664 2524 1738 uvante3‚

310 1791 525 1856 quam
572 1771 1036 1856 sequebantur.
1121 1771 1228 1836 19.
1278 1771 1443 1836 Nox
1492 1787 1761 1854 quoquc
1808 1771 1876 1831 et
1918 1766 2147 1849 ignota
2189 1762 2396 1844 regin,
2441 1781 2528 1825 ac

308 1875 490 1953 dux,
512 1875 841 1939 incertum
886 1893 971 1938 an
1019 1874 1186 1940 satis
1227 1871 1469 1952 fiduS,·‘
1510 1869 2055 1954 multiplicabant
2083 1875 2379 1930 metum:
2424 1865 2529 1928 ‘si

314 1977 636 2058 custodes
660 1977 1007 2044 fefellisset
1023 1998 1042 2059 ;
1061 1984 1088 2012 ¹¹
1121 1977 1321 2062 quasi
1348 1975 1819 2041 feras'bestias
1844 1973 2040 2056 ipsos
2063 1988 2268 2055 posse
2299 1967 2543 2051 depre---

316 2081 561 2148 hendi:
607 2102 695 2146 ex
715 2082 914 2148 unius
943 2081 1208 2166 captivi
1245 2080 1352 2147 vel
1378 2079 1516 2144 fide
1565 2077 1673 2143 vel
1704 2077 1927 2142 anima
1946 2073 2236 2157 pendere
2268 2075 2337 2135 et
2352 2069 2538 2152 regis

383 2291 413 2325 8
445 2283 719 2336 Distinet-et
732 2285 937 2336 hostium
953 2287 1112 2351 copias
1128 2288 1190 2351 in*
1200 2285 1459 2337 discrimen
1476 2282 1680 2334 vicinius
1700 2281 1925 2330 intentos.

389 2346 416 2381 ¹²
450 2346 561 2414 Ipse
581 2353 641 2400 ab
661 2352 792 2401 hoste
811 2357 1080 2416 conspectus
1101 2368 1192 2402 uon
1214 2357 1367 2418 esset.
1459 2348 1477 2383 ὖ
1508 2351 1588 2400 De
1608 2363 1699 2414 quo
1721 2345 1999 2408 dubitabant
2021 2338 2370 2407 satfflfideth
2390 2338 2529 2387 esset.

1243 2511 1623 2537 ”W

315 2635 512 2698 verbs,
559 2634 939 2699 persequentium
988 2648 1170 2696 reg-em,
1220 2631 1361 2681 haud
1397 2627 1656 2681 immerito
1706 2640 1802 2690 pro
1838 2626 2151 2689 glossemate
2197 2614 2533 2669 habuerunt-³

321 2706 485 2753 (ἔειπε.
554 2701 724 2750 Amst.
742 2702 962 2765 persequi
981 2700 1051 2758 id,
1076 2699 1265 2748 omisso
1286 2712 1464 2758 regem.
1501 2697 1636 2744 Mer.
1657 2694 1720 2741 ad
1740 2696 1893 2756 ipsum
1913 2690 2042 2746 iret,·
2074 2688 2224 2735 Voss.
2249 2688 2296 2733 1.
2317 2683 2359 2731 it
2381 2682 2537 2745 ipsum

314 2770 439 2819 iter.
478 2767 622 2815 Voss.
659 2771 708 2815 2.
733 2766 931 2816 omittit
951 2781 1056 2829 quo.
1091 2765 1203 2814 Col.
1237 2770 1293 2812 et
1316 2763 1454 2811 Mer.
1489 2776 1573 2809 nec
1607 2758 1760 2812 dubit.
1794 2755 1966 2805 Amst.
2009 2760 2064 2802 et
2097 2748 2264 2813 Lugd.
2286 2747 2537 2798 omittunt

315 2833 668 2895 ingredi.—l7
704 2832 857 2881 Voss.
882 2836 930 2883 1.
959 2832 1024 2879 ad
1044 2831 1478 2886 demonstrantum;
1511 2826 1663 2874 Voss.
1686 2827 1735 2872 2.
1768 2824 1833 2871 od
1852 2819 2281 2870 demonstrandum.
2345 2812 2463 2864 Pal.
2490 2816 2539 2861 1.

316 2902 423 2949 ite·-
442 2909 607 2948 cuv'um
627 2898 939 2947 callem—18
972 2896 1199 2945 Florent.
1225 2892 1374 2943 Leid.
1396 2893 1551 2941 Voss.
1575 2895 1622 2939 l.
1657 2892 1796 2938 vento
1817 2883 2148 2947 ingredientis.
2185 2881 2302 2930 Pal.
2321 2882 2369 2929 1.
2387 2876 2539 2927 omit-

320 2966 401 3014 tit
429 2965 483 3013 in
500 2965 692 3024 foveas.
759 2963 995 3011 Florent.
1028 2959 1179 3010 Leid.
1213 2960 1366 3008 Voss.
1392 2962 1438 3008 1.
1472 2965 1527 3006 et
1560 2957 1733 3017 Bong.
1765 2968 1797 3002 α
1818 2969 1861 3002 c.
1881 2951 2257 3006 adlevarentur5
2289 2943 2458 2994 Anfst.
2482 2948 2540 2992 et

320 3031 496 3093 Lugd.
518 3045 549 3077 a
569 3045 613 3077 c.
647 3029 987 3078 allevarentur.
1054 3026 1242 3075 Multae
1277 3022 1401 3074 edd.
1428 3031 1551 3071 ante
1588 3019 1821 3069 Freinsh.
1854 3030 1992 3081 quam
2026 3011 2539 3077 ammomum—19

319 3096 480 3150 Voss.
501 3099 547 3144 2.
569 3092 690 3143 Ald.
716 3094 885 3143 Colin.
906 3092 1111 3156 Grypb.
1140 3091 1254 3141 Col.
1277 3090 1395 3138 Bas.
1414 3096 1470 3138 et
1492 3088 1626 3136 Mer.
1650 3086 1860 3135 incertus
1881 3097 1944 3131 an
1960 3080 2117 3137 satis,-
2153 3077 2270 3126 Pal.
2303 3080 2354 3128 1.
2383 3074 2540 3123 incer-

323 3167 410 3211 tus
429 3177 492 3210 an
521 3160 568 3209 si
586 3160 741 3215 satis,-
774 3159 929 3207 VosS.
954 3162 1001 3206 1.
1027 3155 1174 3206 Leid.
1204 3156 1440 3205 Floreat.
1476 3154 1645 3215 Bong.
1674 3151 1865 3212 aliique
1890 3145 2044 3197 codd.
2067 3148 2300 3193 incertum
2320 3156 2384 3189 an
2403 3138 2540 3188 sotis.

323 3228 505 3287 Amst.
529 3236 585 3275 et
608 3223 776 3288 Lugd.
800 3224 897 3274 nisi
914 3224 1130 3271 custodes
1140 3221 1430 3282 fefellisset,-
1464 3218 1623 3267 Frob.
1648 3221 1703 3264 et
1725 3214 1836 3263 Elz.
1853 3213 1897 3261 si
1916 3212 2130 3261 custodes
2144 3223 2236 3257 non
2245 3204 2506 3267 fefellisset
2521 3220 2542 3261 ,-

325 3294 485 3341 Voss.
509 3296 558 3341 2.
593 3294 637 3339 si
658 3295 813 3339 custos
834 3289 1075 3349 sffelisset
1088 3303 1108 3346 ,·
1152 3287 1266 3335 aliae
1292 3284 1412 3334 edd.
1432 3284 1478 3333 si
1496 3283 1708 3332 custodes
1727 3278 2034 3339 fefellissent.
2067 3276 2235 3333 Βοῦς.
2257 3268 2542 3334 deprehendi

321 3372 484 3423 posse.
518 3357 747 3406 Florent.
781 3354 928 3405 Leid.
957 3354 1104 3403 VosS.
1144 3358 1188 3403 1.
1221 3357 1272 3403 2.
1308 3352 1444 3399 Dan.
1480 3349 1596 3398 Pal.
1630 3350 1680 3396 1.
1703 3344 1826 3395 Ald.
1855 3341 2022 3392 Colin.
2046 3338 2248 3404 Gryph.
2282 3338 2405 3385 Bas.
2428 3333 2541 3385 Col.

1325 3480 1543 3534 NOTAE

332 3609 501 3660 ander
522 3608 697 3657 hostes
719 3604 1011 3667 fefellisset,
1034 3601 1193 3672 anab
1225 3601 1284 3651 iis
1310 3600 1399 3650 de·
1479 3604 1770 3649 extremum
1789 3590 2137 3645 Novembrem
2155 3588 2307 3651 gesta
2325 3595 2439 3633 esse
2452 3595 2541 3646 ap-

333 3695 510 3737 tectus
534 3682 705 3734 foret?
1219 3673 1227 3680 ”
1479 3682 1664 3743 μανείς
1697 3688 1795 3722 nec
1818 3685 1942 3721 vero
1975 3682 2147 3718 rerum
2181 3679 2214 3713 a
2244 3675 2417 3728 pugna
2443 3657 2544 3709 Ar-

400 3763 413 3797 ¹
451 3764 614 3814 Tertia
646 3760 839 3825 vigilia]
889 3759 972 3810 Ad
1014 3757 1235 3808 mediam
1276 3769 1403 3805 noc·-
1480 3754 1651 3805 belica
1669 3758 1930 3815 gestarum
1955 3744 2088 3795 ratio
2107 3742 2247 3807 prius
2265 3738 2546 3801 contigisse

335 3851 464 3905 tem,
485 3842 574 3891 lib.
600 3855 693 3891 111.
718 3854 837 3903 cap.
859 3842 909 3889 8.
960 3834 1153 3899 Tridui]
1176 3835 1416 3885 Centum
1484 3831 1697 3897 patitur,
1714 3840 1816 3891 quo
1835 3825 1950 3873 loco
1968 3828 2176 3871 utemur
2192 3814 2345 3876 infra,
2361 3828 2479 3878 cap.
2494 3817 2544 3864 6.

334 3920 648 3981 stadiorum,
667 3918 763 3965 hoc
796 3922 898 3977 est,
922 3914 1077 3978 paulo
1112 3912 1228 3976 plus
1250 3923 1403 3975 quam
1484 3923 1601 3959 cum
1626 3905 1693 3955 de
1718 3903 1733 3931 ‘
1759 3896 2036 3963 'vergiliis'
2059 3909 2228 3947 sermo
2250 3893 2370 3943 erit.

336 3996 616 4048 duodecim
640 3993 929 4043 milliarium
950 3990 1052 4040 fuit
1073 3990 1157 4039 ille
1177 3987 1404 4038 Alexan·
1550 3991 1575 4017 ¹¹
1610 3971 1911 4042 FesellissetJ'
1937 3975 2126 4042 Lycius
2148 3972 2387 4037 captivus
2407 3985 2422 4030 3
2449 3968 2548 4030 vel,

337 4073 420 4144 dri
439 4074 715 4133 circuitus,
734 4071 778 4121 si
797 4069 1018 4120 Arriano
1040 4067 1327 4128 credimus3
1349 4070 1405 4115 et
1485 4068 1545 4112 ut
1580 4059 1667 4110 alii
1688 4076 1701 4109 ε
1743 4057 1838 4107 nisi
1870 4055 2083 4103 custodes
2102 4048 2409 4112 fefellissent,
2438 4045 2472 4095 i.
2496 4059 2546 4093 e.

335 4154 480 4204 intra
510 4151 641 4201 duos
670 4148 783 4199 dies
817 4145 1118 4197 confectum
1140 4144 1254 4209 ipse
1276 4144 1405 4192 Cur·
1486 4136 1605 4189 Nisi
1641 4133 1990 4186 Macedonum
2027 4140 2290 4178 accessum
2319 4120 2549 4172 custodi-

341 4231 449 4281 tius
474 4226 726 4279 ostendit.
1484 4215 1582 4265 bus
1604 4210 1833 4264 Persicis
1860 4207 2124 4259 occultum
2146 4218 2259 4255 esse
2280 4199 2547 4262 continge·

302 4364 309 4370 ,
407 4313 443 4340 ¹¹·
469 4305 578 4355 Nico
592 4300 851 4365 cumulata]
873 4300 1005 4351 Haec
1024 4313 1147 4365 ergo
1161 4311 1263 4348 non
1284 4302 1407 4346 ante
1489 4298 1593 4342 ret.
