2978 4933
457 342 546 408 92
1253 362 1309 407 J.
1361 359 1863 423 Pnnmsmffln

459 512 553 563 tos
582 502 804 584 imperii
832 504 1077 563 aemulos
1119 503 1447 576 habiturus,
1495 523 1736 584 operam
1763 504 1952 576 daret,
1983 523 2101 583 quo
2131 505 2397 564 omnibus
2436 504 2652 565 melior

459 601 970 681 praestantiorque,
1001 620 1119 661 non
1162 603 1238 661 ob
1267 601 1608 680 Philippum
1652 611 1899 680 patrem,
1929 600 2035 660 sed
2062 621 2135 659 ex
2162 620 2271 661 suo
2299 602 2524 674 meritc,
2551 621 2655 660 re-

461 717 587 756 rum
625 698 797 778 potiri
826 691 1188 758 videretur.'¹
1284 702 1376 758 14.
1419 698 1577 757 Cum
1602 709 1799 759 autem
1827 699 1903 757 ob
1931 697 2038 758 has
2068 698 2403 777 similesque
2431 718 2657 758 causas

425 819 431 826 ·
463 794 667 854 crebra
722 793 1048 854 inciderent
1092 796 1310 875 jurgia,
1360 815 1474 855 nec
1526 796 1776 876 abrupta
1829 795 2008 855 semel
2063 795 2472 856 benevolentia
2523 795 2658 853 fido

464 890 677 950 affectu
698 891 1089 960 coalesceret:
1136 891 1211 952 ad
1241 894 1505 953 extrema
1530 892 1792 971 prolapsi
1824 903 1982 965 sunt,
2012 894 2314 973 praecipua
2343 891 2657 971 Olympia-

463 987 553 1047 dis
582 988 879 1060 violentia,
907 990 966 1047 in
998 1008 1118 1068 qua
1142 991 1574 1052 contumaciam
1602 1010 1778 1051 sexus
1807 992 2105 1070 ingenium
2122 1002 2353 1051 vastum
2384 1001 2444 1049 et
2470 988 2657 1048 vehe-

462 1105 627 1146 mens
657 1085 808 1145 virili
836 1087 1055 1146 scelere
1083 1087 1143 1146 in
1172 1088 1493 1150 vindictam
1523 1091 1807 1150 armabat.
1877 1090 2290 1173 stimulaverat
2315 1108 2386 1148 ea
2413 1086 2658 1146 fratrem

464 1182 890 1257 Alexandrum,
930 1197 995 1244 ut
1026 1185 1300 1265 Philippo
1329 1187 1552 1246 bellum
1592 1187 1833 1246 faceret.
1921 1188 2015 1245 15.
2061 1185 2129 1244 ld
2170 1205 2244 1245 ne
2283 1184 2476 1243 alieno
2503 1193 2657 1241 tem-

455 1300 605 1360 pore
634 1283 901 1362 excipere
931 1295 1261 1363 cogeretur,
1288 1284 1541 1345 callidus
1588 1304 1712 1356 rex,
1742 1303 2081 1363 quanquam
2123 1284 2339 1344 viribus
2381 1282 2519 1363 plus
2543 1299 2664 1361 po-

465 1388 638 1450 terat,
683 1381 911 1441 firmata
955 1402 1061 1461 per
1109 1402 1325 1443 novam
1369 1383 1716 1443 affinitatem
1780 1383 1974 1459 gratia
2025 1381 2369 1461 praevenire.
2401 1379 2660 1451 studuit,

468 1472 768 1554 desponsa
797 1479 1053 1558 Epirotoe
1083 1479 1402 1541 Alexandri
1433 1497 1735 1559 germana,
1767 1477 2143 1558 Cleopatra.m
2229 1479 2322 1536 16.
2367 1476 2463 1535 Ad
2505 1476 2663 1535 istas

467 1573 703 1650 nuptias
749 1574 1131 1638 celebrandas
1176 1577 1554 1638 finitimarum
1609 1576 1875 1655 gentium
1926 1573 2134 1654 reguli,
2195 1572 2662 1652 Graecarumque

469 1668 767 1731 civitatum
798 1674 980 1753 legati
1011 1677 1348 1754 frequentes
1377 1677 1559 1753 AEgas
1587 1681 2015 1735 convenerant:
2058 1672 2121 1730 id
2151 1671 2429 1751 oppidum
2459 1671 2667 1749 elege-

465 1778 561 1827 rat
589 1767 917 1850 Philippus,
956 1791 1074 1832 non
1123 1774 1249 1833 sine
1278 1773 1540 1853 quodam
1569 1773 1765 1833 omine
1806 1790 2030 1843 eorum,
2071 1789 2207 1848 quse
2251 1779 2460 1848 postea
2500 1768 2661 1828 acei-

469 1863 641 1934 dere;
685 1887 820 1927 nam
863 1869 944 1928 ibi
988 1869 1393 1935 Macedonum
1426 1890 1599 1949 reges
1629 1868 1861 1949 sepeliri
1886 1886 2015 1929 mos
2044 1873 2213 1926 erat.¹’
2301 1867 2395 1925 17.
2443 1864 2668 1923 Ferunt

375 2022 378 2025 ,
467 1962 646 2022 etiam
676 1964 1010 2046 Apollinem
1033 1967 1392 2047 Delphicum
1432 1967 1508 2028 de
1545 1966 1703 2028 bello
1732 1965 1972 2027 Persico
2001 1962 2336 2026 consulenti
2366 1973 2663 2023 maturum

464 2059 768 2123 interitum
798 2065 1103 2125 cecinisse.
1187 2063 1308 2124 Sed
1338 2065 1699 2143 ambiguum,
1727 2073 1795 2122 ut
1826 2080 1955 2121 mos
1994 2058 2270 2132 oraculis,
2309 2078 2683 2145 responsum«

467 2154 782 2237 Philippus
813 2162 888 2222 ad
921 2164 1298 2223 barbarorum
1328 2162 1570 2222 exitium
1598 2160 1820 2221 blanda
1847 2157 2325 2238 interpretatione
2352 2160 2662 2217 traxeram

467 2253 608 2314 Alia
651 2276 888 2337 quoque
934 2260 1245 2338 praesagia,
1292 2280 1428 2338 quae
1478 2269 1605 2319 tum
1652 2277 1825 2318 nemo
1868 2240 2380 2326 animadverterat,
2415 2266 2659 2313 eventus

472 2353 840 2413 monstravit.
931 2356 1024 2413 18.
1069 2355 1211 2414 Erat
1237 2354 1387 2419 iuter
1414 2353 1696 2421 custodes
1724 2353 1870 2433 regii
1890 2353 2151 2434 corporis
2180 2352 2507 2412 Pausanias
2531 2352 2665 2431 qui-

473 2444 635 2520 dam,
681 2469 854 2528 quem
900 2451 960 2516 in
1012 2452 1286 2513 solatium
1331 2462 1596 2534 acceptae
1630 2455 1720 2513 ab
1751 2451 1955 2515 Attalo
1982 2450 2232 2531 injuriae,
2270 2471 2372 2511 rex
2416 2451 2473 2509 in
2524 2470 2663 2510 eum

474 2542 776 2626 dignitatis
828 2548 1076 2628 gradum
1127 2561 1509 2631 provexerat:
1553 2552 1771 2632 quippe
1819 2549 2174 2614 Pausaniam
2217 2548 2452 2607 Attalus
2502 2565 2665 2607 mero

465 2653 750 2705 onustum
803 2645 1044 2710 nefariis
1101 2648 1480 2710 convivarum
1528 2648 1799 2717 ludibriis
1847 2656 2221 2726 exposuerat.
2327 2647 2421 2705 19.
2470 2645 2663 2725 Hujus
2740 2659 2745 2662 ’

407 2733 414 2736 ’
465 2739 757 2810 ‚ultionem
787 2764 919 2803 cum
953 2763 988 2802 a
1015 2764 1152 2823 rege
1179 2755 1425 2823 peteret,
1454 2745 1739 2807 honorem
1768 2745 2017 2825 accepit.
2091 2743 2321 2804 Etenim
2353 2743 2664 2823 Philippus

471 2838 660 2906 ,virum
690 2850 972 2918 spectatae
1004 2839 1060 2898 in
1093 2842 1250 2902 bello
1280 2843 1661 2915 fortitudinis,
1707 2842 1781 2903 ad
1811 2843 1925 2903 hoc
1954 2861 2141 2921 nuper
2168 2841 2499 2920 propinqua
2535 2841 2662 2902 affi-

475 2934 659 2995 nitate
688 2935 1068 3013 conjunctum
1097 2938 1307 3017 punire
1338 2938 1488 2998 adeo
1518 2958 1635 3002 non
1666 2939 1964 3011 sustinuit,
1993 2948 2059 3003 ut
2083 2939 2326 3019 insuper
2363 2938 2664 3017 copiarum

475 3031 631 3109 parti
659 3032 1002 3110 praefectum
1029 3051 1164 3100 cum
1193 3034 1582 3100 Parmenione
1629 3044 1690 3096 et
1734 3036 1992 3116 Amynta
2021 3035 2081 3093 in
2110 3035 2312 3094 Asiam
2347 3034 2663 3114 praemitte-

476 3135 618 3201 ret,⁰
655 3147 833 3209 opera
884 3130 1011 3209 ejus
1058 3150 1273 3191 usurus
1316 3132 1378 3190 in
1415 3132 1790 3214 expeditione
1820 3131 2081 3210 Persica.
2129 3134 2265 3192 -20.
2308 3131 2666 3192 Pausaniam

481 3236 676 3284 autem
709 3236 998 3306 rogatum,
1044 3234 1060 3263 ‘
1089 3239 1154 3288 ut
1186 3229 1300 3307 ipsi
1328 3230 1806 3309 temporibusque
1835 3228 2175 3308 reipublicae
2205 3226 2465 3287 dolorem
2494 3247 2665 3287 suum

471 3324 887 3397 condonaret?
915 3326 1191 3387 comitate
1210 3326 1449 3407 alloquii
1471 3334 1534 3388 et
1549 3327 1885 3405 honestipre
1910 3324 2205 3404 stipendio
2226 3324 2458 3402 placare
2486 3344 2666 3384 cona-

473 3431 578 3482 tus
624 3433 743 3490 est.
820 3423 940 3488 Sed
992 3424 1343 3485 adolescens
1399 3426 1678 3505 majorem
1730 3422 2122 3488 contumeliae,
2172 3440 2350 3500 quam
2398 3423 2668 3494 beneficii

480 3519 766 3580 rationem
812 3519 1047 3581 habuit:
1113 3521 1432 3600 odiumque
1481 3523 1556 3581 ab
1602 3531 1840 3582 auctore
1881 3519 2131 3599 injurias,
2170 3519 2231 3589 in
2271 3519 2666 3598 negligentem

479 3616 609 3696 ejus
638 3617 928 3677 vindicem
958 3618 1263 3679 convertit.
1349 3621 1448 3678 21.
1496 3618 1645 3677 Cum
1675 3617 1745 3676 iis
1775 3617 1976 3688 etiam,
2005 3634 2154 3693 quos
2180 3614 2453 3676 infensos
2481 3615 2667 3677 Attali

477 3713 705 3786 domui,
734 3735 843 3786 nec
875 3714 1148 3794 Philippo
1192 3716 1520 3786 concordes
1569 3735 1701 3788 esse
1744 3723 2016 3786 noverat,
2060 3711 2307 3782 consilia
2346 3714 2673 3773 communi-

481 3831 649 3872 casse
677 3832 796 3872 non
826 3823 1039 3892 proeter
1066 3813 1350 3874 rationem
1378 3812 1664 3872 creditum
1693 3818 1849 3879 est;¹'
1878 3820 2191 3890 postquam
2219 3808 2293 3867 ab
2317 3807 2673 3888 Olympiade

548 4019 560 4050 ¹
601 4020 737 4068 Plnt.
763 4020 1021 4083 Apophth.
1045 4037 1092 4070 c.
1114 4027 1193 4071 33.
1315 4065 1320 4072 .
1686 4029 1708 4073 ἡ
1746 4019 1905 4069 Diod.
1925 4020 2011 4069 1.1.
2037 4018 2262 4070 Pansau.
2286 4030 2412 4065 vm.

549 4101 584 4126 ¹²¹
621 4095 776 4144 Diod.
799 4096 903 4147 Sic.
923 4110 1039 4146 xvr.
1063 4114 1112 4160 p.
1136 4102 1249 4148 ⁶51.
1684 4103 1712 4132 α
1742 4096 1902 4145 Diod.
1944 4108 2060 4148 xvr.
2105 4109 2157 4157 p.
2201 4097 2315 4142 381.
2355 4090 2673 4142 Justin.1x.

548 4171 741 4219 nmio.
785 4172 924 4223 Hist.
970 4175 1212 4224 Nat.1V.
1257 4178 1334 4226 10.
1379 4173 1540 4225 Athe·
1621 4177 1739 4229 508·

486 4260 630 4297 umus
651 4251 834 4300 15214.
1684 4255 1710 4292 Ρ
1744 4247 1886 4300 Pluto
1910 4244 2063 4304 Alex·
2081 4260 2134 4313 p·
2150 4249 2266 4300 669·
