2978 4933
2312 386 2442 453 173

250 541 631 629 Typhonisj
667 556 933 630 quoque
983 550 1232 630 specus
1284 552 1356 609 et
1402 541 1809 629 Corycium*
1832 593 1837 597 -
1858 542 2123 625 nemus,
2151 545 2270 611 ubi
2295 550 2439 612 cro·

248 665 402 712 cum
431 647 757 730 gignitur3
775 649 1222 731 ceteraque,
1199 668 1268 711 m
1299 648 1545 731 quibus
1574 648 1739 712 nihil
1756 655 2013 731 praeter
2037 647 2287 714 famam
2317 648 2444 713 du-

247 754 572 816 taverat.
619 750 729 814 11.
772 747 1151 815 Alexander
1175 751 1412 816 fauces
1429 751 1603 835 jugi,
1635 771 1785 835 quae
1841 755 1863 785 ‘
1895 745 2165 836 Pylae’1
2206 750 2443 835 appel-

246 848 497 927 lautur,
553 850 850 916 intravit.
940 851 1438 936 Contemplatus
1494 852 1800 918 locorum
1854 853 2046 931 situS,
2094 871 2221 917 non
2271 852 2444 917 alias

247 953 467 1032 magis
498 952 748 1018 dicitur
776 953 1143 1018 admiratus
1173 972 1323 1019 esse
1352 953 1737 1020 felicitatem
1765 974 1988 1019 suam:
2049 959 2072 993 ‘
2093 954 2291 1020 obrui
2318 975 2447 1039 pos

249 1052 462 1117 tuisse
481 1054 586 1118 vel
615 1055 802 1118 saxis
820 1052 840 1080 ⁹
869 1053 1327 1133 confitebatur,
1355 1058 1378 1090 ‘
1412 1056 1472 1120 si
1503 1055 1808 1134 fuissent,
1840 1056 1956 1139 qui
1983 1056 2053 1120 in
2080 1057 2442 1121 subeuntes

247 1153 743 1236 propellerent.’
828 1156 934 1220 12.
982 1155 1120 1220 Iter
1169 1156 1302 1221 vix·
1338 1161 1692 1241 quaternos
1742 1156 2054 1241 capiebat
2110 1163 2441 1222 armatos:

249 1252 523 1320 dorsum
552 1257 794 1323 montis
823 1257 1227 1323 imminebat
1239 1260 1393 1338 viae,
1417 1279 1552 1323 non
1575 1265 1873 1343 angustae
1895 1258 2118 1338 modo,
2148 1259 2269 1323 sed
2296 1259 2443 1343 ple-

246 1373 533 1442 rumque
582 1368 963 1462 praeruptae,
997 1362 1245 1427 crebris
1293 1362 1781 1426 oberrantibus
1787 1362 1971 1439 rivis,
2002 1361 2120 1445 qui
2152 1379 2243 1424 ex
2272 1359 2446 1424 radi-

251 1459 446 1525 cibus
477 1454 803 1529 montium
845 1472 1135 1531 manant.
1221 1466 1332 1531 13.
1370 1465 1672 1531 Thracas
1694 1472 1747 1499 ¹¹²
1788 1471 2010 1529 tamen
2061 1463 2309 1527 leviter
2340 1482 2447 1528 ar·-

244 1565 514 1627 matos‘
536 1563 950 1648 praecedere’
964 1565 1282 1649 jusserat,
1306 1572 1327 1602 ‘
1344 1569 1757 1652 scrutarique
1780 1567 2014 1645 ealles,
2033 1584 2118 1630 ne
2141 1565 2446 1630 occultus

243 1659 471 1728 hostis
483 1665 562 1729 ‘in
582 1667 940 1731 subeuntes
956 1674 1332 1751 erumperet
1347 1667 1389 1749 ς’
1418 1670 1910 1752 sagittariorum
1927 1687 2194 1751 quoque
2208 1686 2445 1735 manus

247 1773 703 1848 occupaverat
717 1766 999 1850 jugum3
1035 1768 1329 1855 intentos
1349 1789 1557 1834 arcus
1583 1770 1947 1846 habebant,
1977 1769 2236 1848 moniti,-
2266 1772 2287 1802 ‘
2311 1786 2446 1834 non

247 1865 376 1940 iter
402 1869 599 1950 ipsos
626 1869 820 1947 inire,
861 1868 981 1934 sed
1012 1869 1357 1953 praelium?
1395 1916 1400 1921 ,
1441 1873 1550 1936 14.
1597 1872 1756 1937 Hoc
1785 1871 1987 1937 modo
2031 1873 2270 1953 agmen
2297 1890 2446 1956 per-

719 440 729 449 .
816 402 935 449 01..
982 369 1144 449 oxi.
1183 385 1282 449 4..
1322 401 1398 449 Α.
1445 400 1568 450 cn.
1614 400 1688 453 Ν.
1731 383 1883 452 333.

1172 2034 1497 2055 ‘moeno‘
1501 2035 1529 2054 O

247 2125 446 2178 Limen·
467 2133 516 2178 et
542 2127 822 2179 Thebesthi:
847 2130 1008 2194 pontis
1028 2145 1142 2196 qnos
1157 2145 1298 2194 pecus
1324 2131 1631 2191 Corintinm3
1665 2135 1832 2196 Bong.
1857 2132 1903 2182 1.
1928 2132 1984 2183 et'
2002 2135 2152 2182 Voss.
2178 2137 2225 2183 1.
2257 2132 2449 2183 Limesi

246 2199 296 2243 et
324 2193 572 2243 Thebesti:
601 2194 762 2256 pontis
792 2209 967 2258 quoque
996 2211 1068 2259 sp.
1100 2196 1363 2244 comitium.
1365 2200 1493 2245 —11
1531 2199 1670 2246 Dan.
1705 2198 1842 2247 Pitb.
1876 2197 2447 2260 Put.130ng.2.1.ei‹t.

249 2264 310 2308 et
334 2258 491 2307 Voss.
515 2263 562 2308 1.
596 2261 716 2320 quod
736 2259 905 2322 Pyla,
937 2260 1092 2308 Voss.
1129 2262 1188 2309 2.
1210 2275 1314 2322 quoe
1344 2261 1470 2322 phile
1501 2263 1782 2325 appellatur.
1849 2263 1998 2312 Voss.
2031 2265 2077 2311 2.
2112 2269 2167 2311 et
2189 2261 2310 2310 Ald.
2333 2264 2450 2318 loco·

244 2336 358 2370 rum
376 2321 540 2372 sitnm.
597 2323 726 2372 Mox
752 2324 963 2372 verbum
985 2339 1070 2373 eon
1128 2324 1309 2373 ebatur
1315 2325 1668 2374 Freinshemio
1695 2326 1899 2376 videtur
1921 2329 2204 2389 glossema3
2239 2326 2448 2377 Curtius

244 2387 388 2435 enim
414 2386 541 2435 illud
564 2387 805 2436 omittere
828 2388 978 2436 solet.
1093 2403 1215 2450 o.ng
1237 2387 1319 2464 qni
1350 2390 1634 2448 subeuntem
1668 2390 1790 2440 Bas.
1823 2389 1905 2453 qui
1936 2391 1989 2440 vi
2018 2362 2299 2449 subeun'te33
2334 2390 2449 2439 Pal.

245 2455 292 2500 1.
316 2451 407 2514 qui
428 2451 531 2501 sub.
551 2453 895 2516 perpellerent;
926 2452 1081 2501 Voss.
1102 2457 1149 2503 2.
1169 2453 1252 2517 qui
1271 2452 1373 2503 sub.
1392 2456 1711 2518 percellerent.
1715 2459 1843 2505 -13
1879 2454 2089 2505 Trochus
2108 2455 2278 2519 Bong.
2303 2455 2448 2506 Leid.

248 2524 305 2565 et
340 2517 500 2566 Voss.
532 2518 825 2581 scrutarique
858 2517 997 2565 colles
1034 2518 1150 2566 Pal.
1189 2523 1236 2567 1.
1258 2532 1316 2566 ne
1338 2521 1534 2569 occultis
1566 2520 1715 2572 Leid.
1737 2521 1952 2570 manibus
1987 2523 2290 2582 occupaverat
2310 2520 2449 2572 Mer.

246 2591 421 2630 manns
443 2581 712 2643 occupabat
719 2582 833 2640 Pal.
852 2585 900 2629 1.
937 2580 1317 2630 Freinshemius
1343 2584 1480 2646 conj.
1501 2599 1642 2633 manu
1658 2589 1977 2647 occupaverat.
2013 2584 2127 2634 Pal.
2153 2588 2201 2633 1.
2229 2584 2330 2631 rati
2352 2598 2449 2647 pro

246 2645 444 2696 moniti.
480 2597 617 2694 Mer.
635 2636 824 2694 Fauch.
849 2646 1015 2709 Bong.
1038 2649 1085 2694 l.
1105 2647 1233 2694 inter
1252 2646 1395 2708 ipsos.
1397 2652 1528 2697 -14
1561 2649 1658 2697 Ed.
1683 2649 1794 2698 Col.
1818 2663 1971 2713 quam
1988 2647 2262 2711 Schragius
2287 2647 2446 2698 vidit.

1235 2789 1449 2843 NOTAE

305 2888 324 2933 i
365 2886 630 2953 Qphonis]
679 2887 980 2953 Typhonem
1014 2887 1184 2952 poetae
1216 2877 1309 2939 Gi·

247 2973 465 3025 gantum
489 2965 543 3013 in
566 2978 776 3013 numero
808 2971 1080 3027 reponunt,
1103 2978 1253 3027 quem
1278 2979 1310 3013 a

245 3040 381 3091 Jove
399 3042 561 3091 ictum
576 3037 785 3088 fulmine
804 3046 859 3088 et
874 3038 1115 3102 imposito
1135 3047 1311 3088 monte

247 3130 563 3181 oppressum
595 3116 839 3179 expirare
870 3114 1036 3177 ignes,
1060 3119 1116 3162 ut
1144 3114 1311 3163 Ence-

246 3195 427 3245 ladum
460 3194 709 3258 aliosque,
749 3192 1063 3243 fabulantur.
1128 3194 1209 3242 Ex
1247 3208 1311 3243 eo

195 3289 200 3294 ·
244 3271 383 3327 nata*
412 3269 642 3333 fingendi
675 3270 902 3337 occasio,
928 3270 1067 3333 quod
1100 3269 1312 3333 spiritus

249 3362 317 3402 ex
347 3345 563 3396 intimis
606 3345 856 3398 montium
900 3345 1179 3395 visceribus
1221 3360 1311 3394 an·

248 3424 450 3488 trisque
484 3429 818 3485 erumpentes
865 3418 1055 3471 tei-ram
1090 3422 1311 3485 agitent,

250 3499 565 3563 quandoque
582 3505 638 3547 et
654 3498 802 3561 ignes
820 3496 1137 3546 accendant:
1158 3495 1318 3559 τύφων

246 3576 391 3624 euim
414 3573 618 3625 Graecis
634 3573 939 3636 procellosum
960 3570 1192 3622 turbinem
1213 3573 1315 3637 sig-

250 3652 460 3709 nificat.

279 3765 282 3768 ¹
316 3725 341 3759 Β
378 3726 657 3792 Corycium]
693 3727 924 3791 Corycus
967 3725 1163 3775 Ciliciae
1198 3737 1316 3790 pro-

248 3807 570 3856 montorium
611 3819 731 3855 cum
775 3803 969 3870 oppido
1014 3807 1316 3867 cognomine

250 3882 319 3930 ad
355 3881 472 3945 ejus
519 3880 757 3929 radicem.
821 3880 991 3941 Supra
1028 3880 1208 3928 urbem
1240 3880 1316 3928 vi-

252 3957 391 4021 ginti
425 3970 454 4005 a
493 3956 622 4022 mari
652 3956 849 4013 stadiis,
872 3955 958 4004 ubi
991 3955 1212 4005 maxima
1233 3962 1318 4006 est

250 4032 449 4097 Coryci
489 4031 729 4094 altitudo,
770 4032 825 4080 in
866 4028 1319 4096 profundissimam

251 4120 348 4157 seu
370 4107 678 4164 convallem,
700 4122 790 4157 seu
812 4119 1086 4158 cavernam
1110 4105 1321 4169 dixeris,

252 4195 405 4231 mous
456 4182 566 4246 ipse
620 4181 862 4244 dehiscit,
915 4196 1068 4247 quam
1118 4181 1317 4231 crebris

255 4272 505 4324 asperam
527 4260 681 4323 saxis,
702 4255 1039 4324 virgultisque
1056 4257 1322 4323 consitam,

1387 2891 1405 2919 ‘
1426 2891 1698 2953 Corycium
1719 2889 1915 2940 nemus’
1931 2890 2215 2955 appellant,
2230 2887 2319 2939 ubi
2337 2903 2451 2939 cro·

1389 2980 1504 3015 cum
1544 2966 1767 3029 gignitur
1799 2966 2068 3030 optimum.
2149 2965 2256 3014 Per
2293 2966 2450 3014 imam

1390 3041 1505 3105 ejus
1542 3052 1744 3106 partem
1781 3042 1951 3092 aditus
1991 3049 2071 3092 est
2095 3040 2160 3090 ad
2183 3041 2450 3106 Typhonis

1390 3125 1593 3167 autrum
1618 3117 1767 3181 longo
1789 3125 1844 3167 et
1866 3118 2085 3167 obscuro
2113 3131 2323 3167 recessu
2346 3122 2451 3165 ter·

1391 3194 1559 3257 ribile,
1588 3195 1640 3243 iu
1664 3210 1766 3259 qno
1790 3193 2011 3244 demissa
2043 3192 2214 3243 omnia
2249 3190 2452 3258 confes·

1393 3272 1485 3321 tim
1527 3272 1808 3321 exanimari
1844 3271 2073 3320 tradunt.
2138 3271 2300 3319 Plura
2331 3268 2450 3319 vide

1392 3347 1530 3409 apud
1565 3348 1742 3397 Sti-ab.
1777 3348 1866 3397 lib.
1890 3360 2007 3395 xiv.
2041 3353 2098 3396 et
2137 3346 2352 3395 Salmas.
2384 3343 2451 3392 ad

1396 3422 1557 3473 Solini
1583 3438 1695 3485 cap.
1714 3428 1794 3473 38.

1457 3496 1472 3529 ¹
1505 3500 1670 3564 Pyloe]
1723 3500 1786 3549 Id
1835 3506 1936 3561 est,
1974 3503 2161 3563 portae,
2202 3502 2263 3545 ut
2295 3510 2453 3560 snpra

1397 3583 1516 3638 cap.
1539 3579 1589 3624 4.

1458 3659 1498 3683 ¹¹²
1535 3649 1761 3712 Thracas]
1796 3647 2038 3709 Thracia,
2084 3645 2226 3708 cujus
2268 3615 2451 3693 incolae
2527 3704 2531 3711 Ι

1397 3726 1624 3778 Thraces
1666 3724 1912 3788 appellati
1964 3729 2102 3783 suut,
2144 3735 2176 3768 a
2224 3720 2452 3768 Meridie

1397 3800 1757 3850 Macedoniam
1791 3808 1845 3847 et
1865 3798 2028 3859 AEgoei
2064 3797 2218 3845 maris
2249 3800 2454 3860 partem

1393 3878 1622 3939 attingit,
1662 3875 1728 3924 ab
1772 3873 1992 3930 Oriente
2036 3874 2455 3936 Hellespontum.

1395 3950 1791 4016 Propontidem,
1810 3956 1867 4000 et
1900 3948 2242 4013 Bosphorum,
2263 3962 2295 3997 a
2325 3948 2456 4011 Sep-

1399 4026 1673 4077 temtrioue
1733 4024 1989 4096 Moesiam,
2043 4024 2108 4073 ab
2162 4021 2453 4074 Occidente

1397 4112 1622 4153 montem
1645 4103 1903 4170 Haemum.
1972 4100 2143 4151 Hodie
2172 4098 2456 4148 Romaim
2536 4089 2541 4094 ’

1398 4178 1610 4238 dicuut;
1636 4179 1685 4226 in
1706 4193 1810 4243 qua
1828 4176 2315 4240 Constantinopolis,
2329 4173 2454 4223 olim

1399 4257 1727 4321 Byzantium.
