<?xml version="1.0" encoding="UTF-8"?>
<!DOCTYPE html PUBLIC "-//W3C//DTD XHTML 1.0 Transitional//EN"
    "http://www.w3.org/TR/xhtml1/DTD/xhtml1-transitional.dtd">
<html xmlns="http://www.w3.org/1999/xhtml" xml:lang="en" lang="en">
 <head>
  <title>
</title>
<meta http-equiv="Content-Type" content="text/html;charset=utf-8" />
  <meta name='ocr-system' content='tesseract 3.04.00' />
  <meta name='ocr-capabilities' content='ocr_page ocr_carea ocr_par ocr_line ocrx_word'/>
</head>
<body>
  <div class='ocr_page' id='page_1' title='image "./quinticurtiiruf03rufugoog_0044.png"; bbox 0 0 2978 4933; ppageno 0'>
   <div class='ocr_carea' id='block_1_1' title="bbox 460 389 1832 453">
    <p class='ocr_par' dir='ltr' id='par_1_1' title="bbox 460 389 1832 453">
     <span class='ocr_line' id='line_1_1' title="bbox 460 389 1832 453; baseline -0.006 0"><span class='ocrx_word' id='word_1_1' title='bbox 460 389 548 453; x_wconf 73' lang='lat'><strong>20</strong></span> <span class='ocrx_word' id='word_1_2' title='bbox 1274 396 1832 448; x_wconf 70' lang='lat' dir='ltr'><strong>rnonncomsuA</strong></span> 
     </span>
    </p>
   </div>
   <div class='ocr_carea' id='block_1_2' title="bbox 455 540 2668 1651">
    <p class='ocr_par' dir='ltr' id='par_1_2' title="bbox 455 540 2668 1651">
     <span class='ocr_line' id='line_1_2' title="bbox 463 540 2668 622; baseline -0.004 -7"><span class='ocrx_word' id='word_1_3' title='bbox 463 542 820 615; x_wconf 89' lang='lat' dir='ltr'><strong>Scribonia</strong></span> <span class='ocrx_word' id='word_1_4' title='bbox 875 541 922 610; x_wconf 83' lang='lat' dir='ltr'><strong>J</strong></span> <span class='ocrx_word' id='word_1_5' title='bbox 925 542 1177 622; x_wconf 86' lang='lat' dir='ltr'><strong>uliam,-</strong></span> <span class='ocrx_word' id='word_1_6' title='bbox 1206 561 1300 609; x_wconf 83' lang='lat' dir='ltr'><strong>ex</strong></span> <span class='ocrx_word' id='word_1_7' title='bbox 1352 542 1552 608; x_wconf 86' lang='lat' dir='ltr'><strong>Livia</strong></span> <span class='ocrx_word' id='word_1_8' title='bbox 1607 541 1775 606; x_wconf 86' lang='lat' dir='ltr'><strong>nihil</strong></span> <span class='ocrx_word' id='word_1_9' title='bbox 1822 540 2180 611; x_wconf 87' lang='lat' dir='ltr'><strong>liberorum</strong></span> <span class='ocrx_word' id='word_1_10' title='bbox 2237 542 2439 620; x_wconf 79' lang='lat' dir='ltr'><strong>tulit,r</strong></span> <span class='ocrx_word' id='word_1_11' title='bbox 2475 560 2668 613; x_wconf 27' lang='lat' dir='ltr'><strong>cum.</strong></span> 
     </span>
     <span class='ocr_line' id='line_1_3' title="bbox 462 642 2649 730; baseline -0.003 -16"><span class='ocrx_word' id='word_1_12' title='bbox 462 649 756 714; x_wconf 81' lang='lat' dir='ltr'><strong>maxime</strong></span> <span class='ocrx_word' id='word_1_13' title='bbox 788 653 1082 730; x_wconf 89' lang='lat' dir='ltr'><strong>cuperet.</strong></span> <span class='ocrx_word' id='word_1_14' title='bbox 1150 644 1461 729; x_wconf 84' lang='lat' dir='ltr'><strong>Nepotes</strong></span> <span class='ocrx_word' id='word_1_15' title='bbox 1488 666 1576 712; x_wconf 84' lang='lat' dir='ltr'><strong>ex</strong></span> <span class='ocrx_word' id='word_1_16' title='bbox 1605 642 1911 728; x_wconf 83' lang='lat' dir='ltr'><strong>Agrippa</strong></span> <span class='ocrx_word' id='word_1_17' title='bbox 1938 650 2072 709; x_wconf 88' lang='lat' dir='ltr'><strong>tres</strong></span> <span class='ocrx_word' id='word_1_18' title='bbox 2099 645 2356 724; x_wconf 88' lang='lat' dir='ltr'><strong>habuit,</strong></span> <span class='ocrx_word' id='word_1_19' title='bbox 2385 645 2649 723; x_wconf 87' lang='lat' dir='ltr'><strong>Caium,</strong></span> 
     </span>
     <span class='ocr_line' id='line_1_4' title="bbox 460 743 2652 835; baseline -0 -20"><span class='ocrx_word' id='word_1_20' title='bbox 460 750 740 815; x_wconf 88' lang='lat' dir='ltr'><strong>Lucium</strong></span> <span class='ocrx_word' id='word_1_21' title='bbox 770 755 836 814; x_wconf 90' lang='lat' dir='ltr'><strong>et</strong></span> <span class='ocrx_word' id='word_1_22' title='bbox 862 747 1252 835; x_wconf 80' lang='lat' dir='ltr'><strong>Agrippam,</strong></span> <span class='ocrx_word' id='word_1_23' title='bbox 1283 747 1366 812; x_wconf 91' lang='lat' dir='ltr'><strong>de</strong></span> <span class='ocrx_word' id='word_1_24' title='bbox 1413 748 1658 831; x_wconf 86' lang='lat' dir='ltr'><strong>quibus</strong></span> <span class='ocrx_word' id='word_1_25' title='bbox 1690 746 1928 814; x_wconf 89' lang='lat' dir='ltr'><strong>Caium</strong></span> <span class='ocrx_word' id='word_1_26' title='bbox 1956 754 2026 811; x_wconf 90' lang='lat' dir='ltr'><strong>et</strong></span> <span class='ocrx_word' id='word_1_27' title='bbox 2055 746 2334 819; x_wconf 87' lang='lat' dir='ltr'><strong>Lucium</strong></span> <span class='ocrx_word' id='word_1_28' title='bbox 2356 743 2652 830; x_wconf 44' lang='lat' dir='ltr'><strong>,adopta-</strong></span> 
     </span>
     <span class='ocr_line' id='line_1_5' title="bbox 463 846 2647 942; baseline -0.001 -25"><span class='ocrx_word' id='word_1_29' title='bbox 463 853 565 925; x_wconf 79' lang='lat' dir='ltr'><strong>vit</strong></span> <span class='ocrx_word' id='word_1_30' title='bbox 590 852 880 942; x_wconf 87' lang='lat' dir='ltr'><strong>quidem,</strong></span> <span class='ocrx_word' id='word_1_31' title='bbox 918 873 1041 936; x_wconf 87' lang='lat' dir='ltr'><strong>per</strong></span> <span class='ocrx_word' id='word_1_32' title='bbox 1071 871 1293 916; x_wconf 83' lang='lat' dir='ltr'><strong>assem</strong></span> <span class='ocrx_word' id='word_1_33' title='bbox 1330 846 1398 916; x_wconf 86' lang='lat' dir='ltr'><strong>et</strong></span> <span class='ocrx_word' id='word_1_34' title='bbox 1436 850 1676 918; x_wconf 88' lang='lat' dir='ltr'><strong>libram</strong></span> <span class='ocrx_word' id='word_1_35' title='bbox 1705 855 1920 916; x_wconf 79' lang='lat' dir='ltr'><strong>emtos</strong></span> <span class='ocrx_word' id='word_1_36' title='bbox 1950 870 1994 915; x_wconf 87' lang='lat' dir='ltr'><strong>a</strong></span> <span class='ocrx_word' id='word_1_37' title='bbox 2027 858 2244 934; x_wconf 87' lang='lat' dir='ltr'><strong>patre,</strong></span> <span class='ocrx_word' id='word_1_38' title='bbox 2274 851 2396 916; x_wconf 87' lang='lat' dir='ltr'><strong>sed</strong></span> <span class='ocrx_word' id='word_1_39' title='bbox 2420 852 2647 918; x_wconf 87' lang='lat' dir='ltr'><strong>laetum</strong></span> 
     </span>
     <span class='ocr_line' id='line_1_6' title="bbox 460 945 2658 1039; baseline -0.002 -18"><span class='ocrx_word' id='word_1_40' title='bbox 460 976 612 1021; x_wconf 92' lang='lat' dir='ltr'><strong>eum</strong></span> <span class='ocrx_word' id='word_1_41' title='bbox 643 963 843 1039; x_wconf 89' lang='lat' dir='ltr'><strong>atque</strong></span> <span class='ocrx_word' id='word_1_42' title='bbox 884 954 1195 1019; x_wconf 87' lang='lat' dir='ltr'><strong>fidentem</strong></span> <span class='ocrx_word' id='word_1_43' title='bbox 1226 954 1355 1019; x_wconf 86' lang='lat' dir='ltr'><strong>hac</strong></span> <span class='ocrx_word' id='word_1_44' title='bbox 1403 954 1642 1019; x_wconf 92' lang='lat' dir='ltr'><strong>sobole</strong></span> <span class='ocrx_word' id='word_1_45' title='bbox 1684 954 1949 1018; x_wconf 83' lang='lat' dir='ltr'><strong>fortuna</strong></span> <span class='ocrx_word' id='word_1_46' title='bbox 1987 945 2295 1019; x_wconf 79' lang='lat' dir='ltr'><strong>destituit</strong></span> <span class='ocrx_word' id='word_1_47' title='bbox 2321 955 2443 1032; x_wconf 87' lang='lat' dir='ltr'><strong>ita,</strong></span> <span class='ocrx_word' id='word_1_48' title='bbox 2473 960 2550 1017; x_wconf 90' lang='lat' dir='ltr'><strong>ut</strong></span> <span class='ocrx_word' id='word_1_49' title='bbox 2575 953 2658 1025; x_wconf 54' lang='lat' dir='ltr'><strong>iu,</strong></span> 
     </span>
     <span class='ocr_line' id='line_1_7' title="bbox 459 1053 2648 1141; baseline -0.001 -19"><span class='ocrx_word' id='word_1_50' title='bbox 459 1057 916 1141; x_wconf 84' lang='lat' dir='ltr'><strong>duodeviginti</strong></span> <span class='ocrx_word' id='word_1_51' title='bbox 955 1055 1279 1120; x_wconf 89' lang='lat' dir='ltr'><strong>mensium</strong></span> <span class='ocrx_word' id='word_1_52' title='bbox 1310 1056 1537 1140; x_wconf 88' lang='lat' dir='ltr'><strong>spatio</strong></span> <span class='ocrx_word' id='word_1_53' title='bbox 1568 1056 1867 1121; x_wconf 86' lang='lat' dir='ltr'><strong>amiserit</strong></span> <span class='ocrx_word' id='word_1_54' title='bbox 1905 1057 2163 1132; x_wconf 88' lang='lat' dir='ltr'><strong>ambos,</strong></span> <span class='ocrx_word' id='word_1_55' title='bbox 2198 1053 2369 1121; x_wconf 89' lang='lat' dir='ltr'><strong>Caio</strong></span> <span class='ocrx_word' id='word_1_56' title='bbox 2398 1057 2467 1120; x_wconf 91' lang='lat' dir='ltr'><strong>in</strong></span> <span class='ocrx_word' id='word_1_57' title='bbox 2514 1055 2648 1140; x_wconf 86' lang='lat' dir='ltr'><strong>Ly·-</strong></span> 
     </span>
     <span class='ocr_line' id='line_1_8' title="bbox 457 1157 2644 1241; baseline -0.001 -16"><span class='ocrx_word' id='word_1_58' title='bbox 457 1161 589 1241; x_wconf 90' lang='lat' dir='ltr'><strong>cia,</strong></span> <span class='ocrx_word' id='word_1_59' title='bbox 661 1160 879 1227; x_wconf 90' lang='lat' dir='ltr'><strong>Lucio</strong></span> <span class='ocrx_word' id='word_1_60' title='bbox 953 1157 1285 1223; x_wconf 80' lang='lat' dir='ltr'><strong>Massiliae</strong></span> <span class='ocrx_word' id='word_1_61' title='bbox 1345 1157 1697 1225; x_wconf 78' lang='lat' dir='ltr'><strong>defunctis,</strong></span> <span class='ocrx_word' id='word_1_62' title='bbox 1781 1157 1957 1224; x_wconf 91' lang='lat' dir='ltr'><strong>Tum</strong></span> <span class='ocrx_word' id='word_1_63' title='bbox 2012 1158 2279 1224; x_wconf 87' lang='lat' dir='ltr'><strong>tertium</strong></span> <span class='ocrx_word' id='word_1_64' title='bbox 2337 1163 2644 1241; x_wconf 82' lang='lat' dir='ltr'><strong>nepotem</strong></span> 
     </span>
     <span class='ocr_line' id='line_1_9' title="bbox 457 1258 2647 1346; baseline -0.002 -19"><span class='ocrx_word' id='word_1_65' title='bbox 457 1261 850 1346; x_wconf 86' lang='lat' dir='ltr'><strong>Agrippam,</strong></span> <span class='ocrx_word' id='word_1_66' title='bbox 891 1261 1220 1344; x_wconf 89' lang='lat' dir='ltr'><strong>simulque</strong></span> <span class='ocrx_word' id='word_1_67' title='bbox 1265 1260 1647 1343; x_wconf 86' lang='lat' dir='ltr'><strong>privignum</strong></span> <span class='ocrx_word' id='word_1_68' title='bbox 1691 1258 2026 1325; x_wconf 86' lang='lat' dir='ltr'><strong>Tiberium</strong></span> <span class='ocrx_word' id='word_1_69' title='bbox 2073 1260 2447 1343; x_wconf 82' lang='lat' dir='ltr'><strong>adoptavit.</strong></span> <span class='ocrx_word' id='word_1_70' title='bbox 2504 1260 2647 1329; x_wconf 74' lang='lat' dir='ltr'><strong>‚Ex</strong></span> 
     </span>
     <span class='ocr_line' id='line_1_10' title="bbox 456 1360 2647 1449; baseline -0.002 -20"><span class='ocrx_word' id='word_1_71' title='bbox 456 1366 696 1449; x_wconf 87' lang='lat' dir='ltr'><strong>quibus</strong></span> <span class='ocrx_word' id='word_1_72' title='bbox 732 1360 1103 1446; x_wconf 87' lang='lat' dir='ltr'><strong>Agrippam</strong></span> <span class='ocrx_word' id='word_1_73' title='bbox 1129 1362 1317 1425; x_wconf 85' lang='lat' dir='ltr'><strong>brevi</strong></span> <span class='ocrx_word' id='word_1_74' title='bbox 1345 1362 1432 1427; x_wconf 92' lang='lat' dir='ltr'><strong>ob</strong></span> <span class='ocrx_word' id='word_1_75' title='bbox 1460 1361 1792 1444; x_wconf 87' lang='lat' dir='ltr'><strong>ingenium</strong></span> <span class='ocrx_word' id='word_1_76' title='bbox 1824 1360 2274 1427; x_wconf 84' lang='lat' dir='ltr'><strong>sordidumac</strong></span> <span class='ocrx_word' id='word_1_77' title='bbox 2307 1361 2498 1426; x_wconf 83' lang='lat' dir='ltr'><strong>ferox</strong></span> <span class='ocrx_word' id='word_1_78' title='bbox 2526 1362 2647 1425; x_wconf 82' lang='lat' dir='ltr'><strong>ab·</strong></span> 
     </span>
     <span class='ocr_line' id='line_1_11' title="bbox 456 1462 2645 1552; baseline -0.002 -22"><span class='ocrx_word' id='word_1_79' title='bbox 456 1467 730 1552; x_wconf 85' lang='lat' dir='ltr'><strong>dicavit,</strong></span> <span class='ocrx_word' id='word_1_80' title='bbox 761 1470 829 1530; x_wconf 90' lang='lat' dir='ltr'><strong>et</strong></span> <span class='ocrx_word' id='word_1_81' title='bbox 857 1463 1021 1549; x_wconf 87' lang='lat' dir='ltr'><strong>quid</strong></span> <span class='ocrx_word' id='word_1_82' title='bbox 1050 1464 1137 1528; x_wconf 92' lang='lat' dir='ltr'><strong>de</strong></span> <span class='ocrx_word' id='word_1_83' title='bbox 1166 1464 1442 1535; x_wconf 89' lang='lat' dir='ltr'><strong>Tiberio</strong></span> <span class='ocrx_word' id='word_1_84' title='bbox 1488 1462 1873 1547; x_wconf 83' lang='lat' dir='ltr'><strong>speraverit,</strong></span> <span class='ocrx_word' id='word_1_85' title='bbox 1900 1462 2009 1526; x_wconf 82' lang='lat' dir='ltr'><strong>vel</strong></span> <span class='ocrx_word' id='word_1_86' title='bbox 2043 1463 2199 1528; x_wconf 89' lang='lat' dir='ltr'><strong>inde</strong></span> <span class='ocrx_word' id='word_1_87' title='bbox 2228 1469 2439 1548; x_wconf 88' lang='lat' dir='ltr'><strong>patet,</strong></span> <span class='ocrx_word' id='word_1_88' title='bbox 2464 1463 2645 1547; x_wconf 88' lang='lat' dir='ltr'><strong>quod</strong></span> 
     </span>
     <span class='ocr_line' id='line_1_12' title="bbox 455 1565 2644 1651; baseline -0.001 -19"><span class='ocrx_word' id='word_1_89' title='bbox 455 1568 895 1650; x_wconf 87' lang='lat' dir='ltr'><strong>ingemiscens</strong></span> <span class='ocrx_word' id='word_1_90' title='bbox 922 1566 1174 1651; x_wconf 79' lang='lat' dir='ltr'><strong>saepius</strong></span> <span class='ocrx_word' id='word_1_91' title='bbox 1203 1567 1618 1651; x_wconf 84' lang='lat' dir='ltr'><strong>proclamare</strong></span> <span class='ocrx_word' id='word_1_92' title='bbox 1646 1566 1895 1631; x_wconf 88' lang='lat' dir='ltr'><strong>soleret</strong></span> <span class='ocrx_word' id='word_1_93' title='bbox 1922 1565 2090 1630; x_wconf 87' lang='lat' dir='ltr'><strong>illud</strong></span> <span class='ocrx_word' id='word_1_94' title='bbox 2118 1565 2401 1631; x_wconf 89' lang='lat' dir='ltr'><strong>Homeri</strong></span> <span class='ocrx_word' id='word_1_95' title='bbox 2422 1572 2443 1600; x_wconf 87' lang='lat'>⁸</span> <span class='ocrx_word' id='word_1_96' title='bbox 2471 1566 2540 1641; x_wconf 90' lang='lat' dir='ltr'><strong>in</strong></span> <span class='ocrx_word' id='word_1_97' title='bbox 2569 1584 2644 1649; x_wconf 85' lang='lat' dir='ltr'><strong>se</strong></span> 
     </span>
    </p>
   </div>
   <div class='ocr_carea' id='block_1_3' title="bbox 328 1689 763 1741">
    <p class='ocr_par' dir='ltr' id='par_1_3' title="bbox 328 1689 763 1741">
     <span class='ocr_line' id='line_1_13' title="bbox 328 1689 763 1741; baseline 0 -6"><span class='ocrx_word' id='word_1_98' title='bbox 328 1738 331 1741; x_wconf 16' lang='grc' dir='ltr'><strong>Δ</strong></span> <span class='ocrx_word' id='word_1_99' title='bbox 456 1689 719 1735; x_wconf 70' lang='lat' dir='ltr'><strong>versum</strong></span> <span class='ocrx_word' id='word_1_100' title='bbox 747 1691 763 1735; x_wconf 75' lang='grc' dir='ltr'><strong>Ξ</strong></span> 
     </span>
    </p>
   </div>
   <div class='ocr_carea' id='block_1_4' title="bbox 449 1771 2666 2468">
    <p class='ocr_par' dir='ltr' id='par_1_4' title="bbox 449 1771 2666 2468">
     <span class='ocr_line' id='line_1_14' title="bbox 594 1771 2238 1861; baseline 0.002 -26"><span class='ocrx_word' id='word_1_101' title='bbox 594 1856 599 1857; x_wconf 13' lang='lat'><em>7</em></span> <span class='ocrx_word' id='word_1_102' title='bbox 629 1771 746 1835; x_wconf 63' lang='lat' dir='ltr'><strong>AYO’</strong></span> <span class='ocrx_word' id='word_1_103' title='bbox 779 1771 978 1850; x_wconf 74' lang='grc' dir='ltr'>ὄφελον</span> <span class='ocrx_word' id='word_1_104' title='bbox 1007 1771 1236 1859; x_wconf 74' lang='grc' dir='ltr'><em>ἄγαμός</em></span> <span class='ocrx_word' id='word_1_105' title='bbox 1263 1775 1314 1838; x_wconf 81' lang='grc' dir='ltr'><strong>τ’</strong></span> <span class='ocrx_word' id='word_1_106' title='bbox 1347 1771 1555 1857; x_wconf 77' lang='grc' dir='ltr'><strong><em>ἔμεναι,</em></strong></span> <span class='ocrx_word' id='word_1_107' title='bbox 1582 1771 1789 1861; x_wconf 73' lang='grc' dir='ltr'><strong><em>ἄγονός</em></strong></span> <span class='ocrx_word' id='word_1_108' title='bbox 1818 1774 1873 1837; x_wconf 81' lang='grc' dir='ltr'><strong>τ’</strong></span> <span class='ocrx_word' id='word_1_109' title='bbox 1905 1771 2238 1838; x_wconf 77' lang='grc' dir='ltr'><strong><em>ἀπολέσθαι.</em></strong></span> 
     </span>
     <span class='ocr_line' id='line_1_15' title="bbox 456 1874 2638 1969; baseline -0.001 -31"><span class='ocrx_word' id='word_1_110' title='bbox 456 1875 753 1941; x_wconf 86' lang='lat' dir='ltr'><strong>Fuerunt</strong></span> <span class='ocrx_word' id='word_1_111' title='bbox 804 1885 1053 1960; x_wconf 85' lang='lat' dir='ltr'><strong>praeter</strong></span> <span class='ocrx_word' id='word_1_112' title='bbox 1104 1898 1210 1953; x_wconf 87' lang='lat' dir='ltr'><strong>ea,</strong></span> <span class='ocrx_word' id='word_1_113' title='bbox 1260 1879 1405 1969; x_wconf 16' lang='lat' dir='ltr'><strong>qui*</strong></span> <span class='ocrx_word' id='word_1_114' title='bbox 1433 1879 1785 1954; x_wconf 86' lang='lat' dir='ltr'><strong>traderent,</strong></span> <span class='ocrx_word' id='word_1_115' title='bbox 1837 1875 2214 1960; x_wconf 86' lang='lat' dir='ltr'><strong>Augustum</strong></span> <span class='ocrx_word' id='word_1_116' title='bbox 2256 1874 2481 1958; x_wconf 90' lang='lat' dir='ltr'><strong>palam</strong></span> <span class='ocrx_word' id='word_1_117' title='bbox 2513 1891 2638 1944; x_wconf 87' lang='lat' dir='ltr'><strong>nec</strong></span> 
     </span>
     <span class='ocr_line' id='line_1_16' title="bbox 453 1975 2666 2065; baseline -0 -24"><span class='ocrx_word' id='word_1_118' title='bbox 453 1975 952 2044; x_wconf 85' lang='lat' dir='ltr'><strong>dissimulanter</strong></span> <span class='ocrx_word' id='word_1_119' title='bbox 973 2040 977 2045; x_wconf 84' lang='grc'><strong>,</strong></span> <span class='ocrx_word' id='word_1_120' title='bbox 999 2000 1251 2044; x_wconf 90' lang='lat' dir='ltr'><strong>morum</strong></span> <span class='ocrx_word' id='word_1_121' title='bbox 1295 1981 1442 2065; x_wconf 89' lang='lat' dir='ltr'><strong>ejus</strong></span> <span class='ocrx_word' id='word_1_122' title='bbox 1491 1980 1830 2045; x_wconf 84' lang='lat' dir='ltr'><strong>diritatem</strong></span> <span class='ocrx_word' id='word_1_123' title='bbox 1877 1979 2045 2043; x_wconf 90' lang='lat' dir='ltr'><strong>adeo</strong></span> <span class='ocrx_word' id='word_1_124' title='bbox 2082 1977 2522 2061; x_wconf 84' lang='lat' dir='ltr'><strong>improbasse,</strong></span> <span class='ocrx_word' id='word_1_125' title='bbox 2569 1978 2643 2038; x_wconf 86' lang='lat' dir='ltr'><strong>ut</strong></span> <span class='ocrx_word' id='word_1_126' title='bbox 2655 2015 2666 2040; x_wconf 66' lang='lat'>2</span> 
     </span>
     <span class='ocr_line' id='line_1_17' title="bbox 449 2081 2641 2165; baseline -0 -23"><span class='ocrx_word' id='word_1_127' title='bbox 449 2097 924 2163; x_wconf 85' lang='lat' dir='ltr'><strong>nonnunquam</strong></span> <span class='ocrx_word' id='word_1_128' title='bbox 952 2081 1372 2147; x_wconf 89' lang='lat' dir='ltr'><strong>remissiores</strong></span> <span class='ocrx_word' id='word_1_129' title='bbox 1416 2082 1891 2165; x_wconf 86' lang='lat' dir='ltr'><strong>hilarioresque</strong></span> <span class='ocrx_word' id='word_1_130' title='bbox 1941 2098 2275 2155; x_wconf 87' lang='lat' dir='ltr'><strong>sermones</strong></span> <span class='ocrx_word' id='word_1_131' title='bbox 2322 2096 2641 2161; x_wconf 80' lang='lat' dir='ltr'><strong>superve-</strong></span> 
     </span>
     <span class='ocr_line' id='line_1_18' title="bbox 449 2180 2640 2268; baseline -0.001 -23"><span class='ocrx_word' id='word_1_132' title='bbox 449 2180 670 2247; x_wconf 85' lang='lat' dir='ltr'><strong>niente</strong></span> <span class='ocrx_word' id='word_1_133' title='bbox 699 2202 782 2247; x_wconf 91' lang='lat' dir='ltr'><strong>eo</strong></span> <span class='ocrx_word' id='word_1_134' title='bbox 813 2183 1278 2268; x_wconf 74' lang='lat' dir='ltr'><strong>abrumperet.t</strong></span> <span class='ocrx_word' id='word_1_135' title='bbox 1362 2184 1635 2250; x_wconf 84' lang='lat' dir='ltr'><strong>Saevam</strong></span> <span class='ocrx_word' id='word_1_136' title='bbox 1679 2185 1881 2248; x_wconf 91' lang='lat' dir='ltr'><strong>etiam</strong></span> <span class='ocrx_word' id='word_1_137' title='bbox 1926 2202 2007 2247; x_wconf 91' lang='lat' dir='ltr'><strong>ac</strong></span> <span class='ocrx_word' id='word_1_138' title='bbox 2055 2181 2301 2247; x_wconf 88' lang='lat' dir='ltr'><strong>lentam</strong></span> <span class='ocrx_word' id='word_1_139' title='bbox 2332 2187 2640 2244; x_wconf 88' lang='lat' dir='ltr'><strong>naturam</strong></span> 
     </span>
     <span class='ocr_line' id='line_1_19' title="bbox 451 2282 2638 2368; baseline 0 -24"><span class='ocrx_word' id='word_1_140' title='bbox 451 2303 536 2345; x_wconf 86' lang='lat' dir='ltr'><strong>ne</strong></span> <span class='ocrx_word' id='word_1_141' title='bbox 576 2285 647 2345; x_wconf 90' lang='lat' dir='ltr'><strong>in</strong></span> <span class='ocrx_word' id='word_1_142' title='bbox 690 2304 906 2366; x_wconf 87' lang='lat' dir='ltr'><strong>puero</strong></span> <span class='ocrx_word' id='word_1_143' title='bbox 956 2286 1219 2366; x_wconf 85' lang='lat' dir='ltr'><strong>quidem</strong></span> <span class='ocrx_word' id='word_1_144' title='bbox 1266 2289 1590 2351; x_wconf 89' lang='lat' dir='ltr'><strong>latentem</strong></span> <span class='ocrx_word' id='word_1_145' title='bbox 1639 2286 2005 2368; x_wconf 88' lang='lat' dir='ltr'><strong>respiciens</strong></span> <span class='ocrx_word' id='word_1_146' title='bbox 2049 2282 2421 2366; x_wconf 77' lang='lat' dir='ltr'><strong>AugustuS,</strong></span> <span class='ocrx_word' id='word_1_147' title='bbox 2466 2282 2638 2345; x_wconf 83' lang='lat' dir='ltr'><strong>hanc</strong></span> 
     </span>
     <span class='ocr_line' id='line_1_20' title="bbox 453 2382 2641 2468; baseline 0 -22"><span class='ocrx_word' id='word_1_148' title='bbox 453 2384 675 2451; x_wconf 87' lang='lat' dir='ltr'><strong>emisit</strong></span> <span class='ocrx_word' id='word_1_149' title='bbox 701 2403 936 2448; x_wconf 86' lang='lat' dir='ltr'><strong>vocem</strong></span> <span class='ocrx_word' id='word_1_150' title='bbox 969 2404 1007 2449; x_wconf 87' lang='lat' dir='ltr'><strong>a</strong></span> <span class='ocrx_word' id='word_1_151' title='bbox 1041 2386 1471 2451; x_wconf 88' lang='lat' dir='ltr'><strong>cubiculariis</strong></span> <span class='ocrx_word' id='word_1_152' title='bbox 1502 2382 1860 2468; x_wconf 83' lang='lat' dir='ltr'><strong>exceptam</strong></span> <span class='ocrx_word' id='word_1_153' title='bbox 1889 2404 1906 2449; x_wconf 77' lang='lat' dir='ltr'><strong>t</strong></span> <span class='ocrx_word' id='word_1_154' title='bbox 1969 2384 2288 2448; x_wconf 86' lang='lat' dir='ltr'><strong>Miserum</strong></span> <span class='ocrx_word' id='word_1_155' title='bbox 2319 2384 2641 2468; x_wconf 83' lang='lat' dir='ltr'><strong>populum</strong></span> 
     </span>
    </p>
   </div>
   <div class='ocr_carea' id='block_1_5' title="bbox 451 2484 2776 2572">
    <p class='ocr_par' dir='ltr' id='par_1_5' title="bbox 451 2484 2776 2572">
     <span class='ocr_line' id='line_1_21' title="bbox 451 2484 2776 2572; baseline 0.002 -23"><span class='ocrx_word' id='word_1_156' title='bbox 451 2484 848 2567; x_wconf 85' lang='lat' dir='ltr'><strong>Romanum,</strong></span> <span class='ocrx_word' id='word_1_157' title='bbox 879 2489 996 2572; x_wconf 91' lang='lat' dir='ltr'><strong>qui</strong></span> <span class='ocrx_word' id='word_1_158' title='bbox 1039 2489 1166 2552; x_wconf 91' lang='lat' dir='ltr'><strong>sub</strong></span> <span class='ocrx_word' id='word_1_159' title='bbox 1214 2496 1354 2553; x_wconf 90' lang='lat' dir='ltr'><strong>tam</strong></span> <span class='ocrx_word' id='word_1_160' title='bbox 1399 2487 1593 2552; x_wconf 90' lang='lat' dir='ltr'><strong>lentis</strong></span> <span class='ocrx_word' id='word_1_161' title='bbox 1623 2486 1915 2551; x_wconf 87' lang='lat' dir='ltr'><strong>maxillis</strong></span> <span class='ocrx_word' id='word_1_162' title='bbox 1960 2487 2101 2550; x_wconf 88' lang='lat' dir='ltr'><strong>erit.</strong></span> <span class='ocrx_word' id='word_1_163' title='bbox 2188 2484 2639 2567; x_wconf 85' lang='lat' dir='ltr'><strong>Expugnatus</strong></span> <span class='ocrx_word' id='word_1_164' title='bbox 2763 2547 2776 2554; x_wconf 72' lang='grc'>,</span> 
     </span>
    </p>
   </div>
   <div class='ocr_carea' id='block_1_6' title="bbox 384 2586 2643 4101">
    <p class='ocr_par' dir='ltr' id='par_1_6' title="bbox 384 2586 2643 3585">
     <span class='ocr_line' id='line_1_22' title="bbox 449 2586 2643 2675; baseline -0 -25"><span class='ocrx_word' id='word_1_165' title='bbox 449 2588 765 2671; x_wconf 88' lang='lat' dir='ltr'><strong>precibus</strong></span> <span class='ocrx_word' id='word_1_166' title='bbox 823 2590 1062 2655; x_wconf 87' lang='lat' dir='ltr'><strong>uxoris</strong></span> <span class='ocrx_word' id='word_1_167' title='bbox 1119 2590 1625 2675; x_wconf 88' lang='lat' dir='ltr'><strong>adoptationem</strong></span> <span class='ocrx_word' id='word_1_168' title='bbox 1682 2590 1828 2674; x_wconf 91' lang='lat' dir='ltr'><strong>ejus</strong></span> <span class='ocrx_word' id='word_1_169' title='bbox 1878 2607 2009 2653; x_wconf 90' lang='lat' dir='ltr'><strong>non</strong></span> <span class='ocrx_word' id='word_1_170' title='bbox 2068 2588 2298 2652; x_wconf 89' lang='lat' dir='ltr'><strong>abnuit</strong></span> <span class='ocrx_word' id='word_1_171' title='bbox 2352 2586 2643 2670; x_wconf 81' lang='lat' dir='ltr'><strong>quidem,</strong></span> 
     </span>
     <span class='ocr_line' id='line_1_23' title="bbox 450 2689 2636 2777; baseline 0 -25"><span class='ocrx_word' id='word_1_172' title='bbox 450 2708 741 2773; x_wconf 90' lang='lat' dir='ltr'><strong>eumque</strong></span> <span class='ocrx_word' id='word_1_173' title='bbox 771 2692 1112 2760; x_wconf 75' lang='lat' dir='ltr'><strong>haeredem</strong></span> <span class='ocrx_word' id='word_1_174' title='bbox 1141 2694 1436 2777; x_wconf 87' lang='lat' dir='ltr'><strong>scripsit,</strong></span> <span class='ocrx_word' id='word_1_175' title='bbox 1466 2694 1756 2772; x_wconf 78' lang='lat' dir='ltr'><strong>sedita,</strong></span> <span class='ocrx_word' id='word_1_176' title='bbox 1799 2700 1879 2757; x_wconf 89' lang='lat' dir='ltr'><strong>ut</strong></span> <span class='ocrx_word' id='word_1_177' title='bbox 1907 2695 2250 2774; x_wconf 88' lang='lat' dir='ltr'><strong>augeretur</strong></span> <span class='ocrx_word' id='word_1_178' title='bbox 2289 2689 2444 2753; x_wconf 91' lang='lat' dir='ltr'><strong>inde</strong></span> <span class='ocrx_word' id='word_1_179' title='bbox 2490 2709 2636 2754; x_wconf 90' lang='lat' dir='ltr'><strong>sus-</strong></span> 
     </span>
     <span class='ocr_line' id='line_1_24' title="bbox 451 2792 2638 2878; baseline -0 -23"><span class='ocrx_word' id='word_1_180' title='bbox 451 2795 637 2875; x_wconf 89' lang='lat' dir='ltr'><strong>picio</strong></span> <span class='ocrx_word' id='word_1_181' title='bbox 683 2794 1121 2876; x_wconf 83' lang='lat' dir='ltr'><strong>opinantium,</strong></span> <span class='ocrx_word' id='word_1_182' title='bbox 1175 2795 1660 2878; x_wconf 88' lang='lat' dir='ltr'><strong>Imperatorem</strong></span> <span class='ocrx_word' id='word_1_183' title='bbox 1700 2796 2109 2859; x_wconf 88' lang='lat' dir='ltr'><strong>necessitate</strong></span> <span class='ocrx_word' id='word_1_184' title='bbox 2163 2792 2377 2874; x_wconf 89' lang='lat' dir='ltr'><strong>magis</strong></span> <span class='ocrx_word' id='word_1_185' title='bbox 2434 2810 2638 2875; x_wconf 90' lang='lat' dir='ltr'><strong>quam</strong></span> 
     </span>
     <span class='ocr_line' id='line_1_25' title="bbox 439 2890 2638 2976; baseline -0.001 -18"><span class='ocrx_word' id='word_1_186' title='bbox 439 2893 703 2976; x_wconf 87' lang='lat' dir='ltr'><strong>judicio</strong></span> <span class='ocrx_word' id='word_1_187' title='bbox 726 2916 811 2960; x_wconf 91' lang='lat' dir='ltr'><strong>ea</strong></span> <span class='ocrx_word' id='word_1_188' title='bbox 831 2896 1091 2960; x_wconf 87' lang='lat' dir='ltr'><strong>fecisse.</strong></span> <span class='ocrx_word' id='word_1_189' title='bbox 1133 2896 1548 2964; x_wconf 87' lang='lat' dir='ltr'><strong>Testamenti</strong></span> <span class='ocrx_word' id='word_1_190' title='bbox 1569 2904 1792 2963; x_wconf 88' lang='lat' dir='ltr'><strong>autem</strong></span> <span class='ocrx_word' id='word_1_191' title='bbox 1814 2896 2075 2960; x_wconf 91' lang='lat' dir='ltr'><strong>initium</strong></span> <span class='ocrx_word' id='word_1_192' title='bbox 2098 2894 2264 2958; x_wconf 87' lang='lat' dir='ltr'><strong>fuit:</strong></span> <span class='ocrx_word' id='word_1_193' title='bbox 2297 2890 2638 2970; x_wconf 82' lang='lat' dir='ltr'><strong>Quianam</strong></span> 
     </span>
     <span class='ocr_line' id='line_1_26' title="bbox 448 2995 2637 3080; baseline -0 -21"><span class='ocrx_word' id='word_1_194' title='bbox 448 2996 718 3061; x_wconf 89' lang='lat' dir='ltr'><strong>sinistra</strong></span> <span class='ocrx_word' id='word_1_195' title='bbox 744 2998 1015 3065; x_wconf 89' lang='lat' dir='ltr'><strong>fortuna</strong></span> <span class='ocrx_word' id='word_1_196' title='bbox 1045 2999 1282 3065; x_wconf 89' lang='lat' dir='ltr'><strong>Caium</strong></span> <span class='ocrx_word' id='word_1_197' title='bbox 1312 3007 1383 3067; x_wconf 92' lang='lat' dir='ltr'><strong>et</strong></span> <span class='ocrx_word' id='word_1_198' title='bbox 1422 3000 1707 3066; x_wconf 90' lang='lat' dir='ltr'><strong>Lucium</strong></span> <span class='ocrx_word' id='word_1_199' title='bbox 1736 2999 1910 3063; x_wconf 89' lang='lat' dir='ltr'><strong>filios</strong></span> <span class='ocrx_word' id='word_1_200' title='bbox 1948 2997 2108 3062; x_wconf 91' lang='lat' dir='ltr'><strong>mihi</strong></span> <span class='ocrx_word' id='word_1_201' title='bbox 2139 2996 2407 3080; x_wconf 87' lang='lat' dir='ltr'><strong>eripuit,</strong></span> <span class='ocrx_word' id='word_1_202' title='bbox 2435 2995 2637 3058; x_wconf 90' lang='lat' dir='ltr'><strong>Tibe-</strong></span> 
     </span>
     <span class='ocr_line' id='line_1_27' title="bbox 444 3097 2635 3185; baseline 0 -24"><span class='ocrx_word' id='word_1_203' title='bbox 444 3099 584 3162; x_wconf 89' lang='lat' dir='ltr'><strong>rius</strong></span> <span class='ocrx_word' id='word_1_204' title='bbox 616 3097 853 3163; x_wconf 87' lang='lat' dir='ltr'><strong>Caesar</strong></span> <span class='ocrx_word' id='word_1_205' title='bbox 883 3100 1159 3166; x_wconf 84' lang='lat' dir='ltr'><strong>mihiex</strong></span> <span class='ocrx_word' id='word_1_206' title='bbox 1206 3106 1393 3185; x_wconf 90' lang='lat' dir='ltr'><strong>parte</strong></span> <span class='ocrx_word' id='word_1_207' title='bbox 1439 3101 1718 3166; x_wconf 89' lang='lat' dir='ltr'><strong>dimidia</strong></span> <span class='ocrx_word' id='word_1_208' title='bbox 1748 3106 1823 3168; x_wconf 78' lang='lat' dir='ltr'><strong>et,</strong></span> <span class='ocrx_word' id='word_1_209' title='bbox 1859 3098 2420 3168; x_wconf 84' lang='lat' dir='ltr'><strong>sextantehaeres</strong></span> <span class='ocrx_word' id='word_1_210' title='bbox 2466 3103 2635 3168; x_wconf 85' lang='lat' dir='ltr'><strong>esto.</strong></span> 
     </span>
     <span class='ocr_line' id='line_1_28' title="bbox 444 3197 2638 3287; baseline 0 -23"><span class='ocrx_word' id='word_1_211' title='bbox 444 3197 674 3285; x_wconf 89' lang='lat' dir='ltr'><strong>Atque</strong></span> <span class='ocrx_word' id='word_1_212' title='bbox 704 3202 786 3266; x_wconf 90' lang='lat' dir='ltr'><strong>de</strong></span> <span class='ocrx_word' id='word_1_213' title='bbox 815 3202 1117 3282; x_wconf 80' lang='lat' dir='ltr'><strong>homine,</strong></span> <span class='ocrx_word' id='word_1_214' title='bbox 1136 3222 1336 3287; x_wconf 86' lang='lat' dir='ltr'><strong>quem</strong></span> <span class='ocrx_word' id='word_1_215' title='bbox 1360 3203 1708 3286; x_wconf 88' lang='lat' dir='ltr'><strong>Augustus</strong></span> <span class='ocrx_word' id='word_1_216' title='bbox 1736 3222 1871 3267; x_wconf 91' lang='lat' dir='ltr'><strong>non</strong></span> <span class='ocrx_word' id='word_1_217' title='bbox 1892 3202 2174 3266; x_wconf 90' lang='lat' dir='ltr'><strong>electum</strong></span> <span class='ocrx_word' id='word_1_218' title='bbox 2189 3217 2423 3277; x_wconf 81' lang='lat' dir='ltr'><strong>unum,</strong></span> <span class='ocrx_word' id='word_1_219' title='bbox 2438 3217 2638 3282; x_wconf 90' lang='lat' dir='ltr'><strong>quem</strong></span> 
     </span>
     <span class='ocr_line' id='line_1_29' title="bbox 384 3300 2635 3386; baseline -0.001 -21"><span class='ocrx_word' id='word_1_220' title='bbox 384 3329 387 3332; x_wconf 44' lang='grc'>“</span> <span class='ocrx_word' id='word_1_221' title='bbox 443 3302 802 3385; x_wconf 87' lang='lat' dir='ltr'><strong>plurimum</strong></span> <span class='ocrx_word' id='word_1_222' title='bbox 832 3304 1155 3385; x_wconf 86' lang='lat' dir='ltr'><strong>diligeret,</strong></span> <span class='ocrx_word' id='word_1_223' title='bbox 1185 3304 1305 3374; x_wconf 79' lang='lat' dir='ltr'><strong>sed</strong></span> <span class='ocrx_word' id='word_1_224' title='bbox 1322 3306 1623 3370; x_wconf 90' lang='lat' dir='ltr'><strong>relictum</strong></span> <span class='ocrx_word' id='word_1_225' title='bbox 1640 3324 1729 3369; x_wconf 83' lang='lat' dir='ltr'><strong>ex</strong></span> <span class='ocrx_word' id='word_1_226' title='bbox 1746 3304 2052 3370; x_wconf 89' lang='lat' dir='ltr'><strong>omnibus</strong></span> <span class='ocrx_word' id='word_1_227' title='bbox 2072 3309 2269 3386; x_wconf 87' lang='lat' dir='ltr'><strong>atque</strong></span> <span class='ocrx_word' id='word_1_228' title='bbox 2287 3300 2635 3385; x_wconf 77' lang='lat' dir='ltr'><strong>praelatum</strong></span> 
     </span>
     <span class='ocr_line' id='line_1_30' title="bbox 442 3403 2627 3488; baseline 0.001 -23"><span class='ocrx_word' id='word_1_229' title='bbox 442 3406 749 3487; x_wconf 90' lang='lat' dir='ltr'><strong>nequiori</strong></span> <span class='ocrx_word' id='word_1_230' title='bbox 776 3407 1024 3471; x_wconf 90' lang='lat' dir='ltr'><strong>invitus</strong></span> <span class='ocrx_word' id='word_1_231' title='bbox 1061 3406 1389 3471; x_wconf 76' lang='lat' dir='ltr'><strong>haeredem</strong></span> <span class='ocrx_word' id='word_1_232' title='bbox 1423 3406 1844 3484; x_wconf 85' lang='lat' dir='ltr'><strong>instituerat,</strong></span> <span class='ocrx_word' id='word_1_233' title='bbox 1878 3403 2151 3470; x_wconf 85' lang='lat' dir='ltr'><strong>Curtius</strong></span> <span class='ocrx_word' id='word_1_234' title='bbox 2197 3403 2627 3488; x_wconf 79' lang='lat' dir='ltr'><strong>scripsisset:</strong></span> 
     </span>
     <span class='ocr_line' id='line_1_31' title="bbox 447 3506 1582 3585; baseline 0.003 -17"><span class='ocrx_word' id='word_1_235' title='bbox 447 3506 629 3571; x_wconf 87' lang='lat' dir='ltr'><strong>absit</strong></span> <span class='ocrx_word' id='word_1_236' title='bbox 657 3508 858 3571; x_wconf 90' lang='lat' dir='ltr'><strong>modo</strong></span> <span class='ocrx_word' id='word_1_237' title='bbox 887 3508 1168 3585; x_wconf 82' lang='lat' dir='ltr'><strong>invidia,</strong></span> <span class='ocrx_word' id='word_1_238' title='bbox 1194 3510 1316 3571; x_wconf 86' lang='lat' dir='ltr'><strong>&amp;c.</strong></span> <span class='ocrx_word' id='word_1_239' title='bbox 1577 3577 1582 3582; x_wconf 67' lang='grc'><strong>,</strong></span> 
     </span>
    </p>

    <p class='ocr_par' dir='ltr' id='par_1_7' title="bbox 441 3606 2635 4101">
     <span class='ocr_line' id='line_1_32' title="bbox 530 3606 2635 3692; baseline 0 -21"><span class='ocrx_word' id='word_1_240' title='bbox 530 3606 880 3674; x_wconf 89' lang='lat' dir='ltr'><strong>Ausonius</strong></span> <span class='ocrx_word' id='word_1_241' title='bbox 933 3609 1218 3692; x_wconf 87' lang='lat' dir='ltr'><strong>Popma,</strong></span> <span class='ocrx_word' id='word_1_242' title='bbox 1266 3607 1515 3682; x_wconf 83' lang='lat' dir='ltr'><strong>Jacob.</strong></span> <span class='ocrx_word' id='word_1_243' title='bbox 1547 3608 1964 3684; x_wconf 81' lang='lat' dir='ltr'><strong>Perizonius,</strong></span> <span class='ocrx_word' id='word_1_244' title='bbox 1996 3613 2062 3673; x_wconf 92' lang='lat' dir='ltr'><strong>et</strong></span> <span class='ocrx_word' id='word_1_245' title='bbox 2091 3608 2227 3685; x_wconf 90' lang='lat' dir='ltr'><strong>alii,</strong></span> <span class='ocrx_word' id='word_1_246' title='bbox 2255 3607 2372 3692; x_wconf 92' lang='lat' dir='ltr'><strong>qui</strong></span> <span class='ocrx_word' id='word_1_247' title='bbox 2403 3608 2491 3672; x_wconf 89' lang='lat' dir='ltr'><strong>ad</strong></span> <span class='ocrx_word' id='word_1_248' title='bbox 2516 3607 2635 3672; x_wconf 87' lang='lat' dir='ltr'><strong>Ti-</strong></span> 
     </span>
     <span class='ocr_line' id='line_1_33' title="bbox 442 3708 2633 3795; baseline 0 -23"><span class='ocrx_word' id='word_1_249' title='bbox 442 3708 611 3774; x_wconf 89' lang='lat' dir='ltr'><strong>berii</strong></span> <span class='ocrx_word' id='word_1_250' title='bbox 663 3718 961 3795; x_wconf 90' lang='lat' dir='ltr'><strong>tempora</strong></span> <span class='ocrx_word' id='word_1_251' title='bbox 1008 3709 1313 3776; x_wconf 87' lang='lat' dir='ltr'><strong>Curtium</strong></span> <span class='ocrx_word' id='word_1_252' title='bbox 1359 3711 1669 3789; x_wconf 89' lang='lat' dir='ltr'><strong>referunt,</strong></span> <span class='ocrx_word' id='word_1_253' title='bbox 1720 3711 1919 3776; x_wconf 91' lang='lat' dir='ltr'><strong>meris</strong></span> <span class='ocrx_word' id='word_1_254' title='bbox 1972 3710 2353 3774; x_wconf 89' lang='lat' dir='ltr'><strong>nominibus</strong></span> <span class='ocrx_word' id='word_1_255' title='bbox 2404 3710 2633 3793; x_wconf 87' lang='lat' dir='ltr'><strong>potius</strong></span> 
     </span>
     <span class='ocr_line' id='line_1_34' title="bbox 441 3809 2635 3897; baseline 0.001 -25"><span class='ocrx_word' id='word_1_256' title='bbox 441 3809 730 3875; x_wconf 89' lang='lat' dir='ltr'><strong>nituntur</strong></span> <span class='ocrx_word' id='word_1_257' title='bbox 784 3820 986 3897; x_wconf 91' lang='lat' dir='ltr'><strong>atque</strong></span> <span class='ocrx_word' id='word_1_258' title='bbox 1028 3813 1392 3893; x_wconf 84' lang='lat' dir='ltr'><strong>confidunt,</strong></span> <span class='ocrx_word' id='word_1_259' title='bbox 1443 3834 1646 3897; x_wconf 86' lang='lat' dir='ltr'><strong>quam</strong></span> <span class='ocrx_word' id='word_1_260' title='bbox 1695 3814 2088 3878; x_wconf 87' lang='lat' dir='ltr'><strong>auctoritate</strong></span> <span class='ocrx_word' id='word_1_261' title='bbox 2136 3811 2350 3877; x_wconf 88' lang='lat' dir='ltr'><strong>Curtii</strong></span> <span class='ocrx_word' id='word_1_262' title='bbox 2395 3813 2635 3896; x_wconf 88' lang='lat' dir='ltr'><strong>ipsius.</strong></span> 
     </span>
     <span class='ocr_line' id='line_1_35' title="bbox 445 3910 2631 3998; baseline 0.002 -23"><span class='ocrx_word' id='word_1_263' title='bbox 445 3910 727 3977; x_wconf 89' lang='lat' dir='ltr'><strong>Scilicet</strong></span> <span class='ocrx_word' id='word_1_264' title='bbox 750 3913 1052 3979; x_wconf 87' lang='lat' dir='ltr'><strong>Curtium</strong></span> <span class='ocrx_word' id='word_1_265' title='bbox 1071 3923 1368 3982; x_wconf 88' lang='lat' dir='ltr'><strong>nostrum</strong></span> <span class='ocrx_word' id='word_1_266' title='bbox 1398 3918 1743 3981; x_wconf 88' lang='lat' dir='ltr'><strong>invenisse</strong></span> <span class='ocrx_word' id='word_1_267' title='bbox 1772 3921 2013 3998; x_wconf 90' lang='lat' dir='ltr'><strong>putant</strong></span> <span class='ocrx_word' id='word_1_268' title='bbox 2042 3916 2114 3979; x_wconf 89' lang='lat' dir='ltr'><strong>in</strong></span> <span class='ocrx_word' id='word_1_269' title='bbox 2138 3915 2363 3980; x_wconf 88' lang='lat' dir='ltr'><strong>Taciti</strong></span> <span class='ocrx_word' id='word_1_270' title='bbox 2389 3913 2631 3981; x_wconf 91' lang='lat' dir='ltr'><strong>Annal.</strong></span> 
     </span>
     <span class='ocr_line' id='line_1_36' title="bbox 449 4015 2631 4101; baseline 0.002 -24"><span class='ocrx_word' id='word_1_271' title='bbox 449 4030 559 4082; x_wconf 77' lang='lat' dir='ltr'><strong>xl.</strong></span> <span class='ocrx_word' id='word_1_272' title='bbox 589 4015 694 4080; x_wconf 80' lang='lat'><strong>20.</strong></span> <span class='ocrx_word' id='word_1_273' title='bbox 732 4022 796 4081; x_wconf 89' lang='lat' dir='ltr'><strong>et</strong></span> <span class='ocrx_word' id='word_1_274' title='bbox 833 4017 941 4082; x_wconf 78' lang='lat'><strong>21.</strong></span> <span class='ocrx_word' id='word_1_275' title='bbox 972 4026 1043 4081; x_wconf 91' lang='lat' dir='ltr'><strong>et</strong></span> <span class='ocrx_word' id='word_1_276' title='bbox 1073 4020 1142 4082; x_wconf 90' lang='lat' dir='ltr'><strong>in</strong></span> <span class='ocrx_word' id='word_1_277' title='bbox 1174 4020 1389 4101; x_wconf 84' lang='lat' dir='ltr'><strong>titulis</strong></span> <span class='ocrx_word' id='word_1_278' title='bbox 1423 4019 1624 4084; x_wconf 87' lang='lat' dir='ltr'><strong>codd.</strong></span> <span class='ocrx_word' id='word_1_279' title='bbox 1656 4019 1829 4083; x_wconf 90' lang='lat' dir='ltr'><strong>Mss.</strong></span> <span class='ocrx_word' id='word_1_280' title='bbox 1864 4018 2071 4082; x_wconf 93' lang='lat' dir='ltr'><strong>libelli</strong></span> <span class='ocrx_word' id='word_1_281' title='bbox 2113 4017 2503 4085; x_wconf 89' lang='lat' dir='ltr'><strong>Suetoniaui</strong></span> <span class='ocrx_word' id='word_1_282' title='bbox 2546 4018 2631 4082; x_wconf 88' lang='lat' dir='ltr'><strong>de</strong></span> 
     </span>
    </p>
   </div>
   <div class='ocr_carea' id='block_1_7' title="bbox 444 4160 2230 4303">
    <p class='ocr_par' dir='ltr' id='par_1_8' title="bbox 444 4160 2230 4303">
     <span class='ocr_line' id='line_1_37' title="bbox 510 4160 2062 4232; baseline 0.003 -23"><span class='ocrx_word' id='word_1_283' title='bbox 510 4167 527 4191; x_wconf 57' lang='grc' dir='ltr'><strong><em>Τ</em></strong></span> <span class='ocrx_word' id='word_1_284' title='bbox 557 4160 768 4212; x_wconf 80' lang='lat' dir='ltr'><strong>Sueten.-</strong></span> <span class='ocrx_word' id='word_1_285' title='bbox 802 4163 993 4215; x_wconf 80' lang='lat' dir='ltr'><strong>Octav.</strong></span> <span class='ocrx_word' id='word_1_286' title='bbox 1022 4169 1103 4215; x_wconf 79' lang='lat'><strong>63.</strong></span> <span class='ocrx_word' id='word_1_287' title='bbox 1125 4179 1265 4232; x_wconf 77' lang='lat' dir='ltr'><strong>seqq.</strong></span> <span class='ocrx_word' id='word_1_288' title='bbox 1329 4166 1497 4217; x_wconf 84' lang='lat' dir='ltr'><strong>Tacit.</strong></span> <span class='ocrx_word' id='word_1_289' title='bbox 1640 4171 1662 4197; x_wconf 80' lang='lat'>⁸</span> <span class='ocrx_word' id='word_1_290' title='bbox 1693 4164 1844 4212; x_wconf 85' lang='lat' dir='ltr'><strong>Iliad.</strong></span> <span class='ocrx_word' id='word_1_291' title='bbox 1868 4178 1957 4213; x_wconf 90' lang='grc' dir='ltr'>ιιι.</span> <span class='ocrx_word' id='word_1_292' title='bbox 1979 4169 2062 4214; x_wconf 82' lang='grc'><strong>40.</strong></span> 
     </span>
     <span class='ocr_line' id='line_1_38' title="bbox 444 4234 2230 4303; baseline 0.001 -20"><span class='ocrx_word' id='word_1_293' title='bbox 444 4234 626 4286; x_wconf 82' lang='lat' dir='ltr'><strong>Annal.</strong></span> <span class='ocrx_word' id='word_1_294' title='bbox 654 4252 686 4286; x_wconf 93' lang='grc' dir='ltr'><strong>ι.</strong></span> <span class='ocrx_word' id='word_1_295' title='bbox 711 4242 758 4286; x_wconf 86' lang='grc'><strong>6.</strong></span> <span class='ocrx_word' id='word_1_296' title='bbox 781 4253 926 4303; x_wconf 84' lang='lat' dir='ltr'><strong>seqq.</strong></span> <span class='ocrx_word' id='word_1_297' title='bbox 1108 4258 1126 4265; x_wconf 81' lang='grc'><strong><em>·</em></strong></span> <span class='ocrx_word' id='word_1_298' title='bbox 1644 4241 1661 4272; x_wconf 69' lang='lat'>²</span> <span class='ocrx_word' id='word_1_299' title='bbox 1693 4241 1905 4290; x_wconf 79' lang='lat' dir='ltr'><strong>Sueten.</strong></span> <span class='ocrx_word' id='word_1_300' title='bbox 1924 4239 2099 4290; x_wconf 87' lang='lat' dir='ltr'><strong>Tiber.</strong></span> <span class='ocrx_word' id='word_1_301' title='bbox 2117 4243 2198 4287; x_wconf 75' lang='lat'><strong>21.</strong></span> <span class='ocrx_word' id='word_1_302' title='bbox 2227 4275 2230 4284; x_wconf 77' lang='grc'>,</span> 
     </span>
    </p>
   </div>
  </div>
 </body>
</html>
