2978 4933
2353 394 2492 458 539

243 550 601 632 pellatur,
630 552 700 616 in
728 555 1008 634 gratiam
1042 553 1305 617 Xerxis
1345 553 1779 618 violaverant.
1866 553 1974 619 29.
2002 553 2255 619 -Mores
2285 554 2491 637 patrii

243 654 580 718 nondum
611 657 1078 736 exoleverant3
1124 656 1242 720 sed
1266 656 1409 740 Jam
1439 654 1819 739 bilingues¹¹
1847 665 2059 734 erant,
2091 658 2419 741 paulatim
2444 676 2488 721 a

245 757 658 823 domestico
688 763 965 823 externo
987 761 1170 844 [que]
1200 779 1505 825 sermone
1536 759 1916 843 degener-ee.
2005 760 2257 841 Magno
2287 759 2489 840 igitur

245 860 528 940 gaudio
560 881 779 943 regem
813 863 1183 944 excipiunt,
1215 862 1450 926 urbem
1492 881 1696 944 seque
1727 860 2056 925 dedentes.
2143 861 2270 924 Ille
2315 864 2336 894 ‘
2356 859 2489 924 Mi-

244 962 510 1040 lesios,
565 964 679 1046 qui
725 964 905 1047 apud
953 965 1173 1048 ipsum
1219 966 1601 1041 militarent,
1650 963 2041 1029 convocari'
2077 964 2292 1047 jubet.
2377 963 2489 1027 30.

244 1063 506 1129 Vetus
549 1067 776 1131 odium
826 1067 1081 1132 Milesii
1126 1068 1437 1149 gerebant
1477 1067 1545 1131 in
1595 1065 2121 1131 Branchidarum
2171 1074 2491 1149 gentem.⁰

251 1167 584 1233 Proditis
603 1179 631 1219 P
674 1190 852 1253 erg0,
897 1175 916 1204 ‘
941 1171 1084 1234 sive
1111 1170 1400 1252 injuriae,
1425 1170 1568 1233 sive
1598 1169 1875 1251 originis
1906 1169 2293 1233 meminisse
2324 1169 2494 1232 mal-

248 1269 432 1347 lent,
494 1271 777 1336 liberum
832 1274 914 1338 de
978 1271 1416 1337 Branchidis'
1478 1273 1808 1356 permittit
1852 1278 1873 1307 ‘
1907 1270 2290 1336 arbitrium.’
2377 1271 2488 1336 31.

248 1371 716 1438 Variantibus
762 1375 1008 1439 deinde
1057 1375 1433 1452 sententiiS,
1481 1379 1503 1410 ⁸
1528 1395 1601 1439 se
1635 1376 1859 1459 ipsum
1897 1374 2493 1453 consideraturum,-

250 1476 461 1558 quod
494 1477 823 1560 optimum
852 1478 1035 1544 sactu
1068 1476 1291 1555 esset‚'
1319 1477 1633 1543 ostendit.
1686 1479 1968 1544 Postero
1999 1477 2107 1542 die
2137 1497 2491 1542 occurren-

824 411 941 458 οι..
989 408 1177 457 exn.
1221 390 1287 455 3.
1362 407 1431 455 A.
1481 406 1603 455 cn.
1655 407 1724 455 N.
1769 390 1920 455 329.

1203 1627 1438 1648 OOOO‘m
1443 1627 1563 1649 ‘00‘

252 1706 422 1757 Leid.
441 1708 594 1757 Voss.
624 1714 665 1759 l.
689 1718 743 1758 et
770 1712 909 1759 Dan.
926 1713 1102 1773 templa
1122 1713 1259 1775 quod.
1296 1713 1448 1761 Voss.
1468 1717 1514 1761 1.
1534 1715 1585 1761 2.
1607 1711 1833 1761 Florent.
1858 1711 2006 1761 Leid.
2032 1712 2116 1760 alii
2141 1716 2195 1760 et
2221 1712 2488 1775 pleraeque

254 1772 392 1824 edd.
419 1773 726 1837 Didymeon
747 1776 903 1825 Frob.
928 1776 1157 1838 Didyma.
1191 1777 1421 1826 Florent.
1443 1777 1591 1825 Leid.
1613 1777 1762 1827 Voss.
1784 1781 1830 1827 1.
1847 1777 2017 1838 Bong.
2034 1780 2082 1825 2.
2099 1784 2154 1825 et
2169 1776 2326 1826 Grnt.
2345 1776 2487 1825 Groe-

250 1838 392 1886 ciam
415 1838 613 1888 Xerxes
627 1840 918 1898 violaveram
943 1840 1077 1890 Dan.
1092 1841 1305 1903 gratiam
1325 1843 1516 1892 Xerxes
1526 1842 1934 1892 violaverat.—29
1950 1842 2100 1892 Voss,
2119 1846 2168 1891 2.
2187 1848 2242 1891 et
2260 1843 2423 1904 Βοῦς.
2440 1845 2490 1892 1.

253 1902 441 1951 Mores
455 1903 655 1965 patrios.
700 1906 928 1955 Florent.
947 1906 1092 1955 Leid.
1111 1913 1167 1955 et
1183 1906 1326 1956 Voss.
1340 1911 1389 1957 2.
1403 1908 1677 1956 exoluerunt
1689 1923 1708 1964 ;
1732 1908 1884 1956 Voss.
1906 1912 1951 1956 l.
1970 1907 2105 1955 Dan.
2123 1914 2179 1957 et
2194 1908 2362 1969 Bong.
2379 1910 2424 1955 l.
2441 1910 2494 1955 2.

255 1970 573 2017 exsolverunt
590 1985 611 2027 ,-
632 1971 793 2019 ceteri
815 1973 1108 2020 exolverunt.
1141 1972 1298 2021 Voss.
1315 1975 1362 2021 1.
1379 1980 1434 2021 ct
1454 1974 1589 2022 Dan.
1606 1971 1852 2033 bilinguis.
1888 1971 2020 2021 Edd.
2037 1970 2151 2022 fere
2168 1986 2346 2021 omnes
2368 1979 2495 2021 ante

257 2031 597 2081 Schmieder.
635 2040 938 2098 externoque,
971 2036 1107 2100 quod
1132 2037 1287 2086 Voss.
1311 2040 1360 2087 2.
1384 2037 1611 2097 omittit3
1648 2037 1813 2099 Bong.
1833 2037 1984 2087 Voss.
2006 2040 2055 2086 1.
2080 2038 2319 2088 Floreat.
2339 2035 2492 2087 Leid.

256 2097 414 2146 Mer.
433 2104 489 2148 et
504 2097 651 2149 Mod.
671 2105 887 2162 externo,
908 2104 922 2129 ⁶
942 2100 993 2152 h.
1011 2114 1060 2150 e.
1081 2116 1176 2166 per
1194 2109 1466 2152 externum
1483 2102 1804 2153 sermonem.'
1825 2102 2113 2154 Schmieder.
2134 2103 2283 2152 Voss.
2303 2106 2353 2152 2.
2368 2102 2497 2152 aeci·

252 2163 413 2237 pingit
433 2163 488 2212 in
501 2163 627 2213 urbe.
662 2166 792 2214 Mox
810 2166 946 2215 idem
966 2167 1133 2218 codex
1153 2184 1168 2218 z
1191 2181 1297 2216 eum
1316 2167 1579 2218 militarent
1591 2182 1609 2224 ‚⁰
1631 2166 1859 2217 Florent.
1878 2167 2021 2217 Leid.
2037 2178 2093 2217 et
2103 2169 2250 2217 Voss.
2272 2173 2296 2216 l
2309 2202 2323 2217 .
2341 2167 2496 2230 ipsum

255 2227 541 2278 militarent
555 2244 575 2286 ,-
609 2231 789 2279 multae
814 2231 937 2280 edd.
963 2238 1093 2281 vett.
1115 2232 1138 2281 i
1290 2233 1716 2283 muccinium—30
1751 2233 1986 2282 Floreat.
2012 2232 2159 2282 Leid.
2186 2234 2339 2282 Voss.
2363 2234 2410 2280 1.
2442 2235 2496 2280 2.

258 2297 320 2341 et
358 2293 545 2356 vulgg.
570 2302 692 2343 aute
722 2295 955 2345 Freinsh.
990 2296 1125 2347 miles
1148 2296 1381 2359 gerebam
1417 2300 1586 2360 Bong.
1628 2302 1674 2348 l.
1704 2297 1839 2347 miles
1869 2297 1911 2348 ii
1943 2298 2193 2359 gerebant.
2260 2298 2498 2346 Floreat.

258 2356 421 2408 Leid.
447 2359 599 2408 Voss.
624 2362 673 2409 1.
694 2360 830 2412 Dan.
850 2362 1019 2424 Bong.
1036 2367 1086 2414 2.
1107 2370 1165 2412 et
1189 2363 1380 2413 Faucb.
1402 2362 1788 2414 Brachioedamm
1800 2379 1821 2422 ,-
1859 2363 2005 2412 Voss.
2030 2367 2079 2413 2.
2100 2362 2455 2413 Brachidarum
2472 2376 2496 2419 ,-

255 2421 419 2475 Pith.
458 2422 900 2486 brachiumdarum3
935 2426 1059 2480 Ald.
1097 2428 1503 2480 Branchidarum.
1575 2428 1723 2480 Voss.
1760 2435 1806 2479 l.
1839 2428 2063 2480 Proditis
2094 2443 2208 2492 ergo
2243 2428 2321 2478 liis
2345 2429 2450 2477 siue
2471 2441 2494 2487 ,⁶

257 2488 422 2538 Voss.
446 2493 500 2539 2.
537 2490 837 2541 Proditionis
858 2507 971 2554 ergo
991 2494 1121 2552 sive,·
1155 2495 1272 2544 Pal.
1299 2500 1344 2546 1.
1380 2503 1436 2545 et
1460 2497 1601 2547 Dan.
1622 2495 1840 2546 Perditis
1859 2510 1973 2557 ergo
1997 2496 2095 2544 sive
2114 2511 2134 2553 ,-
2170 2495 2345 2557 vulgg.
2369 2499 2497 2543 ante

265 2552 515 2603 Freinsb.
557 2555 854 2606 Proditionis
885 2573 1012 2618 ergo.
1080 2559 1182 2607 His
1202 2560 1299 2608 sive
1315 2576 1336 2618 ,·
1371 2561 1606 2610 Florent.
1632 2560 1781 2610 Leid.
1806 2558 1928 2609 Ald.
1952 2559 2107 2608 Frob.
2130 2560 2267 2608 Mer.
2290 2559 2413 2608 Bas.
2437 2564 2495 2606 et

264 2618 388 2668 Col.
415 2625 477 2668 ut
500 2621 552 2668 in
575 2628 745 2671 textu.
803 2623 953 2672 Leid.
975 2627 1030 2670 et
1056 2621 1179 2673 Ald.
1212 2627 1271 2673 de
1293 2625 1701 2675 Broneidis.—31
1739 2624 1904 2686 Lugd.
1928 2621 2101 2673 Amst.
2125 2623 2243 2671 alii:
2276 2622 2389 2685 quid
2412 2636 2494 2685 op-

261 2683 460 2733 timum.
527 2686 760 2736 Florent.
783 2688 935 2736 Voss·
968 2691 1020 2737 2.
1055 2688 1197 2755 Pith,
1220 2697 1275 2739 et
1300 2690 1469 2754 Bong.
1505 2693 1552 2738 1.
1575 2689 1768 2750 factum
1790 2694 1910 2738 esset
1923 2705 1942 2746 ,·
1977 2695 2032 2738 et
2069 2687 2140 2738 ita
2164 2688 2217 2737 iu
2241 2689 2378 2736 Dan.
2398 2684 2495 2735 sed

1268 2817 1481 2869 NOTAE

262 2912 468 2965 minum
505 2913 801 2965 locorumve
846 2915 1009 2964 ducta
1052 2912 1343 2964 nominibus

265 3006 365 3055 per
412 2993 509 3042 εἳον
549 2989 784 3042 flectere.
866 2989 1043 3056 Atque
1087 2990 1345 3053 Origenes

263 3068 362 3119 lib.
385 3083 434 3120 ι.
468 3076 647 3119 contra
687 3067 897 3119 Celsum
932 3068 1168 3132 appellat
1204 3069 1346 3118 Διδυ-

265 3148 425 3206 usion.
491 3147 735 3197 Ceterum
766 3144 884 3195 huic
906 3145 1022 3195 loco
1046 3145 1348 3210 temploque

267 3226 422 3288 prius
459 3237 642 3273 nomen
678 3220 779 3272 fuit
814 3223 1142 3284 Branchidae,
1177 3236 1345 3285 arum,

271 3316 433 3367 quem
451 3300 719 3364 Didymeon
731 3314 753 3357 ,-
777 3306 837 3349 ut
850 3314 914 3349 ex
934 3300 1106 3349 Plinio
1122 3314 1182 3349 ec
1201 3299 1348 3351 Mela

272 3384 511 3428 constat.

337 3461 365 3487 ¹¹
398 3451 679 3516 Risimus]
709 3453 829 3503 Non
854 3452 993 3516 quod
1012 3458 1229 3516 utraque
1250 3452 1347 3502 lin-

275 3545 381 3595 gua
417 3537 707 3593 uterentur,
727 3529 1030 3580 Graecorum
1056 3537 1111 3580 et
1131 3529 1347 3592 Sogdia·

275 3621 493 3668 norum3
526 3606 615 3656 sed
642 3607 777 3671 quod
801 3622 868 3656 ex
904 3605 1150 3657 ambabus
1173 3605 1348 3656 mixtis

276 3685 440 3735 tertia
458 3682 696 3748 quaedam
721 3691 971 3747 corrupte
990 3683 1260 3733 existeret.

343 3770 367 3794 ⁰
403 3760 629 3823 Gentem
665 3759 834 3823 Hujus
870 3761 1011 3810 vocis
1034 3759 1241 3809 diversa
1262 3774 1347 3809 ec·

278 3837 456 3902 ceptio
478 3843 578 3888 est.
627 3836 779 3899 Saepe
801 3835 1069 3888 nationem
1090 3835 1350 3899 integram

280 3913 575 3980 significan
610 3918 668 3963 ut
706 3927 824 3964 cum
865 3912 1057 3962 dicitur
1100 3913 1348 3978 Scythice

279 4005 431 4054 gens,
452 3990 699 4055 AEgyptia
716 4004 860 4053 gens,
877 3990 1064 4042 Italica
1083 4004 1229 4053 gens,
1245 3993 1347 4041 διο.

162 4100 176 4108 κ
282 4067 403 4118 Nisi
424 4065 562 4117 forte
594 4069 746 4117 latius
786 4067 954 4117 adhuc
990 4068 1174 4131 patet‘
1194 4066 1348 4130 gens’

282 4157 435 4208 quem
458 4151 473 4175 ‘
492 4143 671 4207 natio,’
694 4149 754 4193 ut
773 4144 979 4207 quidem
1004 4157 1071 4193 ex
1093 4145 1170 4194 bis
1191 4144 1353 4195 Tullii

285 4218 351 4269 de
366 4221 491 4273 Nat.
509 4220 674 4270 Deor.
691 4219 865 4283 colligi
884 4219 1119 4270 videtur:
1142 4221 1158 4248 ‘
1175 4220 1353 4271 Deum

217 4362 236 4371 l
286 4309 386 4347 non
410 4311 593 4348 curare
622 4296 853 4361 singulos
888 4295 1138 4371 homines,
1167 4311 1265 4349 nec
1284 4298 1358 4350 ci-

1424 2914 1636 2970 vitates.
1680 2926 1779 2963 nec
1831 2912 2090 2975 nationes,
2131 2925 2230 2962 nec
2276 2909 2499 2975 gentes?

1426 2990 1548 3040 Hoc
1572 2996 1729 3053 pacto
1763 3002 1890 3051 gens
1923 2988 2217 3038 contineret
2238 2986 2500 3050 nationes,

1426 3075 1484 3119 ut
1524 3068 1669 3120 natio
1706 3069 1948 3119 civitates
1982 3067 2092 3117 sive
2129 3067 2369 3132 populos,
2399 3071 2500 3119 &e-

1428 3144 1550 3195 Alia
1569 3144 1807 3211 quadam
1830 3152 1911 3194 est
1927 3148 1943 3174 ⁶
1963 3144 2161 3208 gentis’
2184 3143 2502 3206 significatio

1426 3221 1600 3271 minus
1623 3221 1817 3284 ampla,
1837 3235 1955 3271 cum
1992 3221 2045 3269 in
2078 3220 2250 3284 aliqua
2282 3220 2502 3269 civitate

1431 3290 1604 3361 plures
1625 3298 1691 3347 ab
1716 3311 1819 3346 uno
1849 3297 2024 3360 capite
2054 3295 2232 3344 ductae
2268 3294 2500 3355 familiae,

1428 3389 1531 3423 una
1552 3377 1569 3404 ‘
1588 3372 1744 3437 geus'
1764 3375 2021 3423 dicuntur.
2066 3372 2152 3421 Sic
2171 3371 2292 3420 olim
2317 3372 2497 3420 Romae

1428 3451 1445 3479 ‘
1470 3465 1597 3513 gens
1624 3449 1823 3512 Fabia,’
1853 3452 1867 3476 ‘
1883 3463 2007 3511 gens
2030 3445 2312 3508 Cornelie,'
2338 3447 2353 3476 ‘
2371 3462 2501 3511 gene

1427 3526 1461 3577 J
1467 3524 1609 3589 ulia‚'
1628 3529 1726 3576 Sec.
1773 3524 2069 3576 Posterior-e
2091 3538 2240 3573 sensu
2260 3524 2500 3573 Branchi·

1426 3604 1596 3653 darum
1627 3609 1819 3667 gentem
1856 3603 1961 3653 dici
2006 3601 2167 3663 facile,
2200 3601 2366 3667 quivis
2408 3616 2501 3666 eg·

1429 3687 1623 3729 noscet.

1492 3765 1520 3799 1’
1552 3755 1799 3820 Proditis]
1836 3755 2077 3818 Milesiis,
2098 3768 2227 3819 quos
2248 3754 2499 3804 Branchi-

1428 3834 1511 3885 ‹1ae
1537 3834 1896 3898 prodiderant,
1916 3833 2135 3882 liberam
2159 3831 2409 3896 relinquit
2428 3831 2501 3882 de

1429 3910 1493 3960 iis
1531 3909 1844 3960 decernendi
1889 3914 2234 3974 potestatem:
2271 3907 2379 3956 sive
2419 3909 2502 3956 in-

1419 3986 1576 4053 juria
1591 3986 1886 4037 meminisse
1914 3986 1981 4036 ad
2001 3985 2370 4049 ulciscendum,
2387 3986 2501 4035 sive

1427 4065 1482 4114 in
1522 4062 1743 4128 gratiam
1777 4062 2008 4128 originis,
2053 4064 2263 4128 (Mileto
2302 4061 2501 4127 qnippe

1430 4141 1637 4193 oriundi
1680 4140 1874 4206 erant‚)
1910 4141 2175 4205 ignoscere
2220 4136 2499 4203 proditori·

1430 4217 1527 4269 bus
1550 4217 1782 4268 mallent.
