2978 4933
533 379 621 444 52
708 453 711 456 ,
1066 392 1373 442 ,1111110111
1422 394 1521 442 DE
1570 393 1855 473 Qumjro
1903 395 2206 446 01111110.

750 700 775 713 ,
815 628 1121 696 Valentis
1147 628 1447 695 Acidalii
1475 627 1790 695 Animad.
1824 629 1911 693 ad
1945 627 2160 696 Curtii
2182 631 2300 697 lib.
2333 648 2435 698 lv,

620 781 726 847 De
761 779 988 846 Curtio
1031 781 1230 846 miror
1275 801 1463 865 saepe
1507 801 1973 865 nonnunquam
2021 789 2092 848 et
2137 781 2471 867 indignor,
2521 781 2726 847 doleo

535 884 801 967 quidem
831 902 1113 968 semper,
1140 890 1438 948 nontam
1476 884 1664 967 quod
1710 885 1796 949 ad
1840 905 2076 950 manus
2125 894 2393 953 nostras
2425 885 2738 969 pervenit

533 993 872 1071 corruptus
903 986 1005 1051 sic
1049 992 1119 1051 et
1148 987 1479 1068 vitiosus;
1526 988 1673 1054 haec
1722 990 1901 1054 enim
1954 1008 2113 1077 sane
2167 1009 2319 1054 cum
2371 989 2732 1066 omnibus;

529 1108 653 1155 nec
683 1090 866 1175 quod
893 1096 1034 1154 tam
1065 1090 1296 1154 multis
1318 1090 1495 1156 locis
1525 1093 1792 1158 mutilus
1839 1112 1920 1158 ac
1965 1094 2168 1169 lacer,
2219 1092 2366 1158 haec
2396 1111 2551 1158 cum
2581 1090 2729 1174 ple-

530 1193 795 1276 risque:
841 1212 962 1257 nec
1008 1193 1186 1277 quod
1227 1194 1502 1277 integris
1546 1196 1737 1260 libris
1789 1204 1860 1261 et
1906 1196 2079 1280 ipsis
2112 1195 2284 1260 adeo
2317 1194 2548 1280 primis
2593 1212 2728 1258 ceu

532 1296 751 1378 capite
782 1301 1167 1377 truncatus;
1212 1297 1363 1360 haec
1410 1317 1681 1383 quoque
1727 1318 1882 1362 cum
1923 1296 2154 1362 multis
2180 1296 2554 1361 communis
2593 1294 2731 1378 ipsi

528 1397 836 1475 fortuna:
882 1418 1081 1484 quam
1132 1400 1316 1483 quod
1362 1420 1485 1464 nec
1537 1406 1747 1464 ortum
1789 1401 1931 1484 ejus
1974 1400 2141 1464 satis
2172 1407 2382 1476 certo,
2410 1417 2529 1462 nec
2560 1405 2731 1462 aeta-

529 1505 669 1563 tem
700 1521 835 1584 qua
863 1502 1133 1579 vixerit,
1164 1522 1246 1567 ac
1277 1503 1645 1585 scripserit,
1691 1502 1939 1569 scimus
1984 1501 2122 1566 ullo
2165 1501 2401 1565 modo:
2444 1519 2601 1583 quae
2627 1499 2731 1563 illi

416 1610 421 1611 ’
528 1608 754 1667 tamen
800 1603 957 1688 ipsa
1001 1625 1154 1670 sors
1197 1625 1331 1670 non
1374 1606 1579 1671 etiam
1633 1606 1901 1671 omnino
1940 1606 2038 1670 sic
2082 1605 2473 1689 peculiariS,
2503 1597 2576 1667 ut
2607 1621 2730 1686 pa·

529 1724 669 1769 rem
713 1708 1103 1792 sociumque
1146 1707 1392 1775 babeat
1442 1709 1815 1773 neminem:
1861 1708 1981 1773 illa
2023 1715 2240 1772 autem
2278 1709 2398 1772 vix
2450 1706 2727 1771 omnino

530 1826 918 1895 quenquam
949 1811 1300 1876 calamitas
1325 1816 1514 1876 extra
1543 1808 1845 1875 Curtium
1892 1809 2153 1888 afflixit,
2197 1818 2272 1873 ut
2321 1809 2727 1893 reliquorum

530 1912 933 1997 scriptorum
965 1934 1158 1978 nemo
1188 1914 1598 1979 mentionem
1632 1913 1778 1996 ejus
1821 1932 2129 1996 usquam,
2178 1913 2287 1976 vel
2315 1932 2454 1976 uno
2488 1914 2723 1989 verbo,

530 2021 774 2081 certam
822 2017 977 2081 dico
1028 2018 1433 2082 mentionem
1482 2024 1555 2079 et
1602 2016 2077 2092 indubitatam,
2124 2015 2355 2093 faciat,
2385 2015 2473 2080 ad
2518 2035 2724 2080 unum

527 2120 834 2183 omnibus
896 2120 1301 2198 tacentibuS,
1363 2118 1565 2202 quasi
1615 2117 1699 2181 de
1756 2124 2113 2202 compacto
2173 2124 2247 2182 ut
2300 2119 2727 2202 conspirasse

528 2221 878 2288 videantur
926 2222 1014 2286 ad
1065 2222 1616 2305 supprimendum
1667 2220 1956 2285 hominis
1999 2226 2280 2298 nomen,
2332 2220 2420 2285 ad
2473 2220 2727 2285 famam

530 2341 806 2405 prorsus
844 2314 1386 2409 opprimendam.
1475 2324 1560 2387 In
1610 2322 1742 2387 hoc
1802 2324 1954 2407 quis
2004 2343 2136 2387 non
2161 2322 2525 2389 indoleat?
2570 2325 2727 2408 quis

525 2443 666 2490 non·
688 2426 964 2491 miretur
989 2435 1057 2492 et
1085 2427 1458 2510 indignetur
1480 2428 1510 2490 ‘t

795 2609 904 2696 Ex
932 2629 1143 2697 Ericii
1172 2629 1452 2697 Puteani
1482 2631 1552 2696 in
1582 2627 1671 2709 Q.
1701 2628 2006 2696 Curtium
2037 2629 2464 2695 Praefatione.

612 2781 803 2845 Illam
865 2790 1086 2847 tamen
1149 2784 1551 2862 Historiam,
1608 2784 1771 2868 quia
1827 2783 2216 2848 Sallustium
2267 2783 2717 2868 Tacitumque

528 2903 739 2966 nuper
768 2885 1090 2968 explicui,
1121 2885 1193 2949 in
1224 2885 1457 2950 Curtio
1500 2907 1673 2952 nunc
1705 2906 1971 2971 quoque
2000 2888 2332 2969 experiar,
2365 2885 2560 2968 digno
2582 2905 2723 2951 me-

526 2986 801 3050 hercule
833 2988 1102 3051 aui-ibus
1132 2990 1426 3053 omnium
1472 3000 1537 3052 et
1583 2991 1798 3055 oculis
1843 2990 2225 3071 Scriptore3
2276 2989 2395 3070 qui
2425 3008 2511 3052 an
2534 2989 2727 3052 facili

528 3090 1006 3153 sententiarum
1051 3090 1351 3153 acumine
1395 3091 1656 3155 erudiat
1707 3092 2004 3168 suaviuS,
2045 3109 2127 3154 an
2171 3090 2446 3166 mollitis
2473 3090 2724 3173 eloquii

521 3191 861 3256 illecebris
916 3192 1196 3257 delectet
1237 3194 1489 3270 utilius,
1537 3194 1688 3277 jure
1737 3195 2026 3260 dubites·
2136 3195 2276 3259 Suo
2309 3200 2378 3257 et
2406 3192 2593 3257 illius
2626 3194 2727 3257 in-

527 3295 726 3377 genio
757 3296 979 3359 bonus
1021 3299 1123 3358 est
1165 3315 1361 3377 quem
1410 3295 1790 3381 descripsit,
1833 3301 1898 3360 et
1932 3315 2249 3379 ‘magnum
2281 3295 2520 3360 iterum
2564 3296 2728 3360 fecit

526 3417 723 3480 quem
772 3396 1084 3460 celebrat.
1171 3396 1460 3461 Prorsus
1506 3396 1878 3463 Alexandri
1922 3397 2163 3462 famam
2216 3396 2480 3462 Curtius
2524 3398 2728 3462 susti-

522 3504 674 3564 net:
723 3498 1043 3583 quicquid
1074 3511 1325 3578 narrat,
1356 3500 1517 3584 quia
1545 3507 1699 3584 post
1728 3502 1928 3578 alioS,
1955 3500 2314 3565 stabilivit:
2359 3505 2434 3565 ut
2477 3502 2728 3563 ceteris

529 3602 922 3682 crederetur,
982 3600 1400 3680 Callistheni,
1459 3601 1874 3680 Aristobulo,
1925 3602 2322 3679 Ptolemaeo,
2379 3620 2560 3667 unus
2598 3602 2718 3667 ille
2785 3674 2796 3687 ⁸

521 3703 720 3772 fecit:
766 3711 836 3769 et
882 3704 1082 3768 fidem
1127 3703 1359 3770 Graeci
1402 3707 1820 3784 invenerunt,
1876 3706 2039 3789 quia
2082 3704 2255 3769 idem
2302 3704 2481 3787 stylo
2528 3724 2728 3787 argu-

525 3815 820 3872 mentum
854 3808 1138 3872 Latinus
1165 3808 1483 3875 absolvit.
1575 3808 1670 3874 Ut
1702 3809 1978 3874 liberius
2022 3806 2275 3891 aliquid
2305 3806 2552 3884 dicam,
2585 3814 2726 3892 tam

527 3910 794 3992 elegans
844 3909 1268 3994 prudensque
1319 3912 1604 3996 scriptor
1650 3912 1943 3976 mendax
1991 3929 2144 3975 esse
2190 3929 2330 3974 non
2369 3911 2612 3992 potuit,
2655 3918 2730 3988 et

515 4010 662 4094 jam
705 4010 1036 4076 credimus
1080 4013 1399 4098 quicquid
1429 4014 1778 4079 Arrianus
1808 4012 2123 4092 tradidit3
2176 4011 2476 4077 Curtium
2528 4032 2728 4078 secu-

528 4123 639 4177 tus
667 4119 793 4177 est.
882 4112 1100 4177 Immo
1146 4114 1484 4180 credimus
1514 4115 1905 4182 Alexandro
1947 4115 2113 4179 nihil
2157 4113 2424 4207 difficile
2466 4114 2727 4198 fuisse3
2781 4185 2784 4188 ,

524 4214 671 4280 fieri
701 4235 898 4300 posse
928 4213 1200 4284 Curtius
1236 4222 1512 4299 censuit,
1544 4228 1608 4286 et
1635 4220 1719 4285 ad
1750 4227 2058 4306 posteros
2087 4218 2480 4283 transmisit.
2777 4224 2782 4233 '
