2978 4933
402 343 408 347 ’
498 345 627 412 130
1289 360 1345 409 J.
1398 357 1906 409 rnnmsussuu

498 504 681 565 duum
730 511 875 574 erat,
924 502 1160 582 legatus
1207 520 1409 564 eorum
1440 499 1516 561 ad
1545 500 1946 571 adulationem
1976 502 2266 583 confugit,
2293 520 2416 582 qua
2441 505 2681 566 maxime

498 600 952 682 expugnabilem
1000 610 1192 671 norat,
1236 600 1503 678 dixitque
1555 598 1885 660 ‘dedecere
1930 600 2163 660 culmen
2207 600 2417 680 ipsius,
2463 602 2514 660 si
2560 603 2683 662 Diis

500 697 724 778 aliquid
768 709 1164 773 consecraret,
1203 718 1338 759 cum
1379 698 1507 779 ipse
1539 698 1703 760 Deus
1733 709 1933 758 esset:
1975 716 2112 757 nam
2150 717 2285 758 eum
2311 696 2591 759 honorem
2617 700 2685 758 ab

496 796 834 857 hominibus
862 795 1063 856 haberi
1089 795 1303 876 potiori
1331 794 1602 857 naturae!
1683 797 1782 854 35.
1826 795 1914 854 Ea
1941 793 2146 873 gloriae
2191 795 2496 856 contentio
2540 795 2685 857 inter

497 895 820 954 maximum
867 913 1065 973 regem
1112 906 1171 954 et
1216 913 1392 953 unam
1438 894 1731 954 civitatem
1781 893 1937 952 suit:
1982 893 2367 954 obtinuerunt
2410 893 2683 973 Ephesii:

496 1003 560 1053 et
585 990 920 1050 maluerunt
941 990 1169 1069 ingenti
1195 990 1450 1070 pecunia
1474 1009 1697 1062 carere,
1724 1009 1901 1071 quam
1931 989 2240 1049 instaurati
2282 991 2487 1070 templi
2517 990 2684 1051 titulo

495 1088 621 1169 regi
650 1086 879 1148 cedere.
964 1088 1060 1147 36.
1105 1086 1258 1145 Nam
1287 1095 1544 1165 quantos
1572 1086 1631 1146 in
1657 1086 1717 1146 id
1747 1106 1896 1166 opus
1925 1096 2154 1147 sumtus
2181 1086 2565 1161 contulerint,
2593 1086 2679 1146 vel

498 1206 573 1247 ex
590 1205 710 1246 una
736 1184 940 1245 tabula
960 1184 1249 1244 aestimare
1273 1184 1431 1257 licet,
1462 1204 1642 1263 quam
1670 1183 1749 1244 ibi
1779 1183 2222 1260 dedicaverunt,
2263 1185 2473 1265 viginti
2502 1185 2686 1245 talen-

496 1285 572 1345 tis
603 1283 727 1343 auri
752 1282 1093 1343 redemtam.
1176 1281 1517 1342 Alexander
1543 1292 1689 1356 erat,
1717 1283 1937 1342 fulmen
1967 1291 2198 1357 tenens,
2226 1302 2401 1362 quem
2433 1282 2686 1342 inimita-

496 1381 600 1441 bili
650 1379 996 1440 dexteritate
1043 1378 1283 1457 Apelles
1325 1388 1698 1457 expresserat
1716 1399 1734 1448 ς
1754 1377 1779 1412 ‘¹
1819 1388 2071 1458 quatuor
2116 1389 2347 1441 tantum
2394 1374 2687 1445 coloribus

497 1498 666 1549 usuS‚
693 1496 813 1557 quo
840 1475 1029 1555 majus
1056 1475 1256 1554 peritis
1285 1476 1631 1537 miraculum
1654 1486 1835 1538 esset.

581 1574 719 1633 VII.
809 1576 862 1632 1.
908 1574 1031 1632 Sub
1055 1572 1213 1633 idem
1244 1582 1473 1656 tempus
1517 1575 1741 1655 antiqui
1790 1574 2119 1655 splendoris
2160 1576 2362 1637 sedem
2405 1575 2692 1656 Smyrnaei

498 1681 867 1751 receperunt,
892 1681 1208 1752 postquam
1238 1672 1535 1752 Lydorum
1567 1672 1744 1733 armis
1772 1674 1974 1734 excisa
2001 1683 2196 1734 vetere
2221 1674 2520 1756 Smyrna,⁸
2545 1693 2694 1753 qua-
2698 1724 2701 1729 .

498 1765 889 1851 dringentos
872 1789 976 1848 per
1005 1788 1195 1831 annos
1221 1767 1458 1829 vicatim
1485 1768 1937 1837 habitavissent.
2021 1770 2303 1831 Restituit
2329 1790 2463 1831 eam
2491 1789 2594 1833 rex
2612 1770 2694 1829 vi-

497 1867 648 1947 ginti
676 1868 855 1928 ferme
884 1867 1089 1928 stadiis
1111 1866 1291 1926 asolo
1321 1866 1584 1945 antiquae
1607 1866 1788 1937 urbis,
1819 1866 2045 1927 somnio
2077 1868 2358 1929 monitus.
2360 1867 2384 1902 ¹³
2437 1868 2496 1927 2.
2528 1866 2695 1926 Sole·

494 1966 603 2025 bat
626 1952 980 2034 Alexander,
1021 1982 1156 2023 cum
1199 1983 1237 2022 a
1280 1963 1600 2043 majoribus
1631 1962 1883 2042 negotiis
1912 1974 2169 2035 vacaret,
2198 1962 2384 2024 otium
2411 1962 2686 2022 venando

497 2061 789 2122 eximere:
833 2060 981 2121 forte
1019 2060 1276 2120 exercito
1306 2079 1551 2142 corpore
1590 2062 1784 2122 sessus
1811 2061 1869 2120 in
1900 2060 2068 2140 Pago
2096 2070 2295 2120 monte
2324 2059 2695 2141 obdormive-

496 2170 628 2219 rat:
658 2159 738 2218 ibi
763 2179 867 2239 per
882 2156 1142 2237 quietem
1171 2158 1332 2218 visus
1362 2168 1455 2219 est
1483 2159 1688 2220 audire
1719 2159 2005 2219 Nemeses
2034 2162 2305 2237 (quarum
2332 2158 2391 2216 in
2420 2148 2692 2237 proximo

495 2257 701 2316 fanum
739 2243 892 2331 erat)
928 2254 1304 2334 imperantes,
1345 2262 1362 2291 ‘
1387 2266 1456 2317 ut
1482 2276 1554 2317 eo
1586 2256 1718 2337 ipso
1757 2257 1893 2317 loco
1935 2257 2138 2317 urbem
2174 2255 2476 2325 conderet,
2513 2254 2694 2333 inque

496 2370 624 2414 earn
657 2354 993 2433 Smyrnaeos
1021 2351 1385 2412 deduceret!
1445 2355 1504 2414 3.
1537 2350 1608 2411 Id
1637 2352 1993 2412 insomnium
2022 2370 2157 2411 mox
2187 2350 2368 2411 Clarii
2398 2349 2694 2430 Apollinis

494 2450 798 2513 oraculum
826 2450 1209 2522 confirmavit,
1232 2448 1556 2529 Smyrnoeis
1575 2448 2023 2510 consulentibus
2054 2457 2074 2485 ‘
2097 2466 2375 2530 prospere
2391 2465 2695 2509 cessuram

495 2546 939 2630 migrationem’
999 2548 1368 2628 promittens.
1454 2547 1548 2607 Ita
1592 2545 1981 2606 fundamenta
2028 2565 2202 2607 novae
2250 2546 2409 2606 urbis
2452 2544 2696 2624 imperio

495 2648 652 2727 regis
696 2647 863 2728 jacta
906 2656 1076 2716 sunt:
1121 2645 1413 2706 absolutae
1453 2644 1700 2725 gloriam
1749 2643 2085 2723 Antigonus
2134 2642 2286 2716 tulit,
2335 2661 2471 2702 curn
2499 2641 2696 2722 ipsum

494 2747 675 2826 paulo
706 2758 842 2824 post
885 2742 1223 2804 Alexander
1273 2741 1476 2823 Lydiae
1516 2740 1933 2823 Phrygiaeque,
1975 2749 2036 2800 et
2075 2738 2286 2800 vicinis
2331 2737 2695 2819 regionibus,

493 2842 937 2922 praeposuisset.
1017 2844 1080 2900 4.
1147 2841 1217 2897 In
1268 2839 1574 2920 Smyrnaeo
1631 2840 1764 2899 sinu
1821 2836 2178 2898 Clazomenii
2232 2835 2524 2909 habitant,
2575 2855 2698 2916 qua

496 2938 977 3017 angustissimum
1004 2946 1099 2995 est
1125 2935 1359 3003 solum;
1402 2933 1586 3014 quod,
1613 2945 2025 3014 procurrentes
2077 2935 2136 2994 in
2166 2951 2326 2993 mare
2365 2943 2551 2994 terras
2589 2952 2696 3013 per

497 3035 806 3114 sexaginta
850 3033 1033 3092 ferme
1078 3031 1274 3091 stadia
1318 3031 1642 3092 continenti
1686 3042 2037 3105 annectens,
2069 3028 2405 3112 peninsuloe
2433 3029 2695 3110 speciem

495 3133 719 3194 efficit?
797 3136 854 3192 5.
898 3131 1165 3190 Alterum
1198 3126 1395 3187 isthmi
1425 3128 1586 3190 latus
1615 3149 1690 3189 ex
1715 3128 1969 3191 adverso
1998 3121 2512 3188 Clazomeniorum
2537 3113 2693 3188 Teos

496 3239 784 3309 occupat·
827 3228 889 3287 in
916 3236 1176 3288 extremo
1202 3225 1537 3306 peninsulae
1564 3246 1749 3287 cornu
1780 3226 2051 3307 Erythrae
2080 3234 2259 3292 sunt:
2300 3234 2425 3284 tum
2453 3242 2695 3303 quoque

493 3327 751 3388 fatidicis
778 3325 1119 3387 mulieribus
1147 3321 1385 3403 inclytae
1406 3343 1421 3383 ε
1442 3323 1466 3359 ‘¹
1498 3322 1672 3403 juxta
1697 3341 1850 3403 quas
1879 3341 2062 3383 mons
2079 3320 2425 3393 altissimus,
2451 3319 2691 3390 Mimas,

493 3426 707 3486 insulae
758 3424 1041 3484 Chiorum
1082 3421 1391 3503 oppositus
1421 3441 1582 3482 mare
1608 3428 1985 3501 prospectat;
2030 3417 2247 3479 deinde
2274 3416 2560 3498 paulatim
2590 3416 2691 3476 de-

490 3524 750 3606 pressior
770 3522 932 3582 haud
960 3521 1164 3601 procul
1186 3520 1474 3600 angustiis
1505 3519 2011 3579 Clazomeniorum
2039 3516 2101 3575 in
2140 3514 2401 3598 aequales
2444 3532 2691 3592 campos

494 3621 730 3682 desinit.
815 3621 870 3680 6.
916 3617 1221 3692 Eamjoci
1270 3626 1540 3676 naturam
1569 3614 2003 3694 contemplatus
2034 3610 2391 3682 Alexander,
2424 3609 2692 3670 faucibus

492 3719 785 3780 intercisis
816 3698 1396 3789 auferrecontinenti
1421 3712 1700 3785 decrevit,
1741 3720 1810 3770 ut
1838 3708 2113 3789 Erythris.
2131 3717 2194 3767 et
2229 3704 2503 3766 Mimanti
2535 3724 2691 3765 mare

497 3815 1036 3889 circumfunderet?
1061 3833 1132 3874 ac
1162 3811 1522 3894 superiorem
1551 3808 2002 3886 inferioremque
2047 3805 2240 3865 sinum
2281 3802 2690 3884 conjungeret.

563 4038 588 4071 d
622 4037 812 4089 Puni.
835 4039 871 4087 1.
892 4042 974 4089 ss.
1029 4022 1035 4027 “
1701 4040 1724 4066 ο
1756 4028 1892 4080 Ptin.
1919 4029 1954 4080 ι.
1975 4030 2010 4078 ι.
2033 4041 2085 4079 v.
2103 4032 2184 4079 29.
2206 4032 2291 4081 21.

565 4122 590 4149 ⁸
618 4114 791 4164 Strab.
815 4127 931 4163 xxv.
956 4129 1009 4179 p.
1034 4118 1148 4163 646.
1696 4108 1722 4143 ⁴
1755 4107 1979 4156 Pansan.
2008 4118 2111 4156 vn.
2146 4133 2151 4140 ·

564 4191 589 4226 b
624 4191 843 4241 Pausan.
865 4205 967 4241 vu.
1018 4183 1570 4240 Aristid.Orat.c'onf.·
1698 4190 1721 4220 ⁸
1754 4181 1953 4234 Plin.l.
1974 4180 2010 4235 l.

504 4276 560 4324 et
580 4268 753 4320 Strab.
775 4269 807 4317 1.
834 4268 871 4319 l.
