2978 4933
779 373 857 421 m
910 371 1265 434 ρυιΝτυΜ
1314 366 1661 444 cum-mu
1712 369 2004 421 ausum.
2392 354 2482 419 29

276 517 464 583 Nam
508 534 666 581 eum
706 515 1047 600 Trajanus.
1080 533 1464 599 quanquam
1512 504 1933 580 consobrinae
1981 512 2213 591 filium,
2251 513 2481 578 vivens

272 619 580 689 noluerat
631 616 994 702 adoptare.’
1084 617 1277 682 Idem
1316 622 1600 682 testatur
1638 617 1745 684 Io.
1778 616 2180 701 Xiphilinus
2224 616 2292 683 in
2337 615 2481 679 Ἐκ-

274 717 485 805 λᾶγαις
516 742 607 786 ex
640 720 903 786 Histor.
934 718 1377 783 Diouis.Vita
1421 718 1752 784 Hadriani
1773 754 1776 761 >
1798 739 1951 802 cap.
1979 719 2050 784 4.
2138 720 2160 751 ‘
2188 717 2483 784 Hadria-

273 841 404 886 nus
451 843 497 887 a
544 823 844 906 Trajano
893 821 1260 905 adoptatus
1314 840 1451 889 non
1504 820 1648 886 est.'
1733 820 2058 905 Idemque
2105 840 2198 889 ex.
2243 819 2480 885 eodem

278 924 508 989 Dione
554 924 781 990 addit:
828 927 850 959 ‘
879 920 1312 1006 Apronianus
1353 922 1533 987 enim
1571 927 1762 1006 pater
1805 942 2020 1000 meus,
2059 923 2175 1007 qui
2208 919 2479 988 ciliciae

273 1025 577 1108 praefuit,
605 1027 879 1110 quique*
901 1043 1007 1089 res
1050 1023 1200 1107 ejus
1236 1021 1647 1110 (Hadriani)
1673 1043 1907 1090 omnes
1936 1031 2111 1090 certe
2142 1026 2480 1107 cognovit,

273 1127 447 1193 mihi
477 1128 745 1210 singula
769 1126 1124 1203 recensuit,
1171 1130 1373 1208 atque
1414 1124 1583 1189 illud
1614 1125 1683 1189 in
1724 1126 1979 1209 primis,
2007 1129 2286 1195 mortem
2314 1123 2482 1190 Tra-

264 1229 423 1314 jani
449 1250 569 1314 per
598 1231 855 1314 aliquot
898 1228 1047 1294 dies
1073 1228 1147 1292 in
1178 1227 1449 1292 occulto
1475 1226 1708 1305 fuisse,
1752 1233 1829 1292 ut
1871 1227 2217 1311 adoptatio
2244 1246 2482 1309 proce-

276 1329 490 1410 deret,
537 1332 744 1416 idque
789 1351 879 1396 ex
919 1331 1127 1396 literis
1172 1329 1327 1414 ejus
1358 1328 1448 1395 ad
1496 1335 1806 1396 senatum
1854 1331 2195 1413 cognitum
2237 1329 2479 1409 fuisse,

276 1435 529 1516 quibus
575 1435 790 1499 literis
838 1452 976 1498 non
1020 1435 1195 1517 ipse,
1238 1431 1357 1497 sed
1404 1432 1703 1511 Plotina,
1750 1433 2169 1517 subscripsit,
2200 1432 2380 1517 quod
2410 1434 2496 1507 iu¹

275 1535 419 1601 alio
459 1535 711 1601 factum
742 1536 971 1601 fuerat
1011 1534 1395 1618 nunquam.'
1482 1535 1741 1600 Eadem
1792 1534 2132 1617 traduntur
2176 1536 2261 1599 ab
2293 1535 2478 1601 AElio

277 1638 650 1720 Spartiauo
677 1637 845 1703 Vita
876 1636 1254 1703 Hadriani:
1299 1640 1319 1670 ‘
1353 1636 1423 1701 N
1424 1657 1504 1702 ec
1535 1637 1788 1713 desunt,
1834 1638 1951 1722 qui
1989 1637 2286 1702 factione
2315 1637 2479 1709 Plo-

274 1739 464 1817 tinae,
487 1747 749 1806 mortuo
768 1739 915 1824 jam
935 1738 1269 1824 Trajano,
1296 1739 1766 1805 Hadrianum
1748 1760 1819 1804 m
1848 1739 2277 1822 adoptionem
2305 1739 2482 1804 asci·
2479 1748 2490 1766 '

170 1870 177 1877 ·
274 1849 425 1905 tum
465 1862 620 1906 esse
673 1841 1116 1935 prodiderint,
1174 1842 1561 1926 supposito,
1610 1844 1727 1927 qui
1770 1862 1893 1926 pro
1945 1841 2240 1925 Trajano
2289 1842 2494 1907 fessa.

274 1961 452 2007 voce
481 1943 888 2025 loqueretur.
890 1941 909 1968 ⁹
993 1934 1454 2028 Adoptionem
1499 1951 1726 2008 autem
1771 1946 1969 2010 istam
2016 1945 2139 2008 sub
2183 1943 2338 2026 ipsa
2363 1942 2480 2006 de·
2483 1998 2492 2003 -

276 2063 459 2108 mum
487 2051 705 2109 morte
734 2046 1158 2129 imperatoris
1187 2064 1339 2110 esse
1367 2045 1621 2110 factam
1649 2050 1719 2110 et
1745 2045 1897 2110 inde
1926 2047 2268 2129 probatur,
2295 2043 2479 2127 quod

276 2144 457 2226 idem
486 2145 884 2230 Spartianus
914 2146 960 2210 l.
990 2147 1103 2211 l.‘
1135 2147 1412 2231 quinto,’
1453 2148 1755 2232 inquit,‘
1781 2149 2025 2213 Iduum
2054 2146 2343 2229 Augusti
2367 2145 2494 2209 die.

276 2247 546 2329 legatus
605 2247 820 2333 Syriae
868 2249 1095 2314 literas
1142 2249 1534 2333 adoptionis
1580 2252 1869 2334 accepit.
1953 2249 2181 2314 Tertio
2229 2247 2478 2313 Iduum

279 2348 630 2415 earundem
676 2363 999 2415 excessus
1045 2351 1111 2415 ei
1153 2350 1427 2435 Trajani
1476 2353 1821 2418 nuntiatus
1862 2351 2010 2419 est!
2095 2349 2270 2429 Quae
2321 2369 2479 2415 cum

278 2450 376 2515 ita
421 2450 584 2528 sint,
627 2452 840 2516 omnis
892 2452 1185 2518 Pontani
1232 2455 1565 2521 sententia
1610 2456 1699 2521 ad
1753 2456 2003 2522 irritum
2047 2453 2232 2524 cadit
2276 2456 2478 2536 atque

278 2552 715 2635 rescinditur3
759 2573 912 2619 nam
963 2552 1234 2619 Curtius
1285 2556 1445 2621 vivo
1495 2562 1565 2621 et
1610 2567 1924 2643 regnante
1969 2557 2263 2640 Trajano
2314 2555 2479 2620 talia

282 2656 592 2737 augurari
638 2656 821 2722 nullo
874 2654 1077 2721 modo
1122 2658 1362 2740 potuit,
1409 2659 1634 2741 qualia
1676 2661 1827 2725 loco
1879 2660 2138 2743 saepius
2196 2657 2476 2724 laudato

281 2760 645 2837 auguratus
675 2763 798 2822 est.
2485 2803 2490 2816 ·-

361 2855 715 2922 Sententia
745 2858 952 2944 Casp.
983 2859 1268 2939 Barthii,
1293 2863 1409 2945 qui
1437 2807 1887 2931 Theodosium
1920 2865 2021 2930 Μ.
2050 2863 2259 2929 Curtii
2286 2801 2475 2927 Prin-

283 2957 501 3041 cipem
540 2958 754 3026 fuisse
781 2962 1106 3044 opinatur,
1148 2963 1523 3034 rationibus
1551 2985 1685 3030 non
1710 2970 1922 3051 magis
1950 2969 2209 3034 idoneis
2238 2964 2476 3031 coufir-

282 3065 521 3124 matur.
609 3059 886 3126 Scilicet
917 3081 1150 3140 causa,
1183 3083 1300 3127 cur
1330 3064 1417 3129 ad
1447 3085 1601 3130 eam
1632 3076 1903 3133 aetatem
1930 3070 2233 3134 Curtium
2263 3067 2482 3131 detra-

281 3161 413 3238 hat,
457 3161 598 3227 alia
641 3164 824 3228 nulla
865 3171 990 3241 est,
1033 3184 1240 3248 quam
1289 3167 1827 3242 declamatorium
1866 3171 2015 3255 ejus
2058 3189 2339 3235 acumen
2386 3168 2475 3238 ad

284 3263 867 3346 Panegyristarum
920 3265 1304 3331 affectiones
1340 3268 1751 3335 inclinatum.
1839 3272 2014 3354 Ergo
2055 3275 2123 3338 in
2174 3277 2478 3346 auctore,

284 3384 480 3448 quem
510 3365 629 3429 alii
659 3367 748 3432 ob
776 3369 951 3453 *styli
993 3368 1395 3450 elegantiam
1446 3371 1532 3436 ad
1570 3392 1843 3437 auream
1889 3374 2476 3439 Latinitatis.aeta-

282 3469 412 3542 tem
435 3476 828 3546 evexerant,
860 3471 929 3534 in
959 3471 1199 3540 eodem
1242 3472 1359 3542 illo
1401 3476 1831 3541 emunctioris
1874 3477 2053 3541 naris
2089 3476 2286 3542 homo
2314 3496 2477 3541 con·

282 3568 555 3643 trarium
612 3569 868 3652 olfacit,
921 3576 1123 3660 atque
1169 3572 1257 3637 ad
1311 3594 1569 3641 aeneam
1630 3585 1903 3643 aetatem
1957 3599 2111 3645 eum
2169 3579 2484 3644 detrudit..

286 3666 501 3746 Quasi
533 3678 694 3742 ante
718 3679 1015 3756 tempora
1044 3674 1414 3748 Theodosii
1443 3677 1511 3742 id
1543 3681 1861 3746 orationis
1885 3701 2109 3763 ,genus
2150 3699 2282 3743 non
2310 3679 2474 3752 fuis·

286 3777 411 3847 set,
468 3771 662 3856 cujus
703 3773 1122 3860 jejunitatem
1163 3777 1308 3860 Jam
1353 3781 1775 3848 abominatur
1829 3784 2096 3857 Cicero,
2140 3782 2471 3866 cujusque

286 3875 793 3937 ostentationem
822 3877 1079 3961 saepius
1099 3877 1361 3945 incusat
1381 3881 1855 3959 Quintilianus.
1935 3884 2198 3950 Deinde
2229 3884 2476 3951 Barth·

286 3969 388 4034 ius
432 3974 641 4038 etiam
685 3981 893 4059 putat,
935 3979 1143 4043 verba
1185 3981 1501 4063 quaedam
1542 3984 1759 4050 Curtii
1788 3986 2477 4070 Theodosio‘potiuS,

290 4093 483 4155 quam
517 4075 908 4163 Principum
936 4082 1059 4145 ulli
1088 4085 1457 4174 convenire,
1550 4085 1750 4152 Illum
1782 4110 1849 4154 v.
1880 4110 1942 4155 c.
1968 4092 2175 4155 fuisse
2211 4110 2282 4154 re
2315 4110 2470 4156 vera

291 4178 310 4206 ‘
339 4194 581 4242 novum
612 4181 802 4272 sidus
821 4182 838 4209 ’
867 4184 1183 4267 illumque
1214 4186 1285 4250 in
1315 4186 1578 4254 duobus
1611 4190 1770 4256 filiis
1802 4196 1821 4226 ‘
1845 4192 2217 4258 diuturnam
2248 4201 2472 4275 poste-
