2978 4933
811 384 1078 441 svper..
1128 382 1206 434 :N
1257 387 1324 447 Q.
1370 384 1719 434 culmum
1772 378 1920 432 ms.
1970 387 2015 432 ι.
2431 368 2517 441 72

302 551 538 594 morum
563 549 802 591 suorum
831 532 1179 612 magistrum
1205 529 1434 590 habuit.
1496 532 1554 589 8.
1600 529 1712 589 His
1744 530 1946 609 itaque
1968 529 2296 609 disciplinis
2327 529 2514 590 imbu-

309 642 430 703 tus,
474 649 723 690 summae
763 630 1018 690 fortunae
1065 629 1185 689 vim
1231 636 1411 707 atque
1456 624 1807 705 dignitatem
1841 628 2076 707 egregie
2117 636 2345 687 tutatus
2383 638 2515 697 est;

309 714 587 808 superbia
633 737 695 788 et
733 727 992 800 licentia,
1032 744 1152 806 qua
1195 724 1442 805 quidam
1487 723 1618 784 sola
1642 720 1944 805 'principes
1972 735 2179 806 agunt,
2211 726 2516 788 abstinuit.

303 829 372 886 -9,
418 826 602 886 Cultu
623 840 884 906 curaque
904 824 1167 904 corporis
1184 823 1349 883 haud
1378 820 1628 882 multum
1660 842 1839 903 supra
1865 825 2073 905 privati
2102 824 2343 886 modum
2370 825 2516 885 emi·-

303 922 509 997 nens,¹¹
536 921 752 985 virtute
776 923 976 1004 potius
1004 941 1184 1002 quam
1214 919 1467 980 vestium
1496 909 1710 980 orna'tu
1740 921 1962 981 anteire
1999 941 2162 994 suos,
2199 918 2521 1003 imperato—⁷

306 1022 458 1082 rium
504 1022 825 1082 censebat:
868 1020 1094 1093 hilaris,
1139 1018 1457 1089 humanus,
1501 1016 1794 1087 affabilis3
1839 1030 1905 1080 ut
1927 1030 2122 1080 tamen
2154 1030 2517 1082 contemtum

301 1118 686 1180 excluderet:
730 1118 872 1179 vino
916 1116 1178 1190 deditus,
1230 1116 1341 1176 sed
1388 1115 1538 1177 citra
1582 1116 2002 1178 ebrietatemt¹
2044 1138 2183 1178 nam
2231 1118 2291 1177 si'
2330 1119 2515 1179 otium

307 1226 522 1277 nactus
551 1225 733 1290 esset,
764 1215 1138 1276 sermonibus
1177 1215 1369 1294 magis
1407 1232 1588 1293 quam
1637 1214 2076 1293 compotatione
2126 1225 2361 1297 tempus
2412 1236 2513 1276 ex-

303 1313 599 1374 trahebat.
690 1316 785 1377 10.
827 1313 1182 1394 Voluptates
1224 1312 1311 1373 ita
1355 1313 1695 1387 contemsit,
1744 1324 1813 1373 ut
1853 1314 2021 1374 matri
2068 1332 2272 1374 curam
2316 1313 2518 1394 injice-

305 1422 416 1484 ret,
465 1431 543 1471 ne
586 1411 767 1492 plane
818 1411 896 1472 ad
956 1409 1363 1492 generandum
1419 1411 1697 1472 inhabilis
1744 1420 1955 1472 essetn:
2038 1411 2197 1471 Illud
2250 1411 2515 1491 inprimis

305 1508 585 1589 religiose
629 1511 843 1582 tenuit,
888 1529 964 1571 ne
1007 1509 1178 1590 cujus
1218 1521 1416 1569 torum
1446 1509 1713 1568 violaret.
1797 1509 2031 1578 Quibus
2075 1509 2214 1568 vitae
2257 1527 2516 1569 morum-

306 1627 427 1687 que
469 1607 758 1668 institutis
803 1607 907 1669 diu
952 1606 1227 1676 inhoesitz
1271 1624 1675 1687 magnumque
1719 1616 1781 1668 et
1830 1608 2267 1668 memorabilem
2316 1627 2518 1687 regem

299 1705 465 1785 egit:
511 1703 705 1766 donec
749 1705 973 1786 impetu
1008 1705 1290 1788 quodam,
1333 1716 1396 1764 et
1422 1703 1587 1764 velut
1612 1714 1874 1766 torrente
1905 1706 2160 1766 fortunae
2190 1706 2514 1766 convulsus

299 1812 368 1864 et
393 1811 681 1876 mutatus,
723 1803 1034 1884 pristinam
1062 1803 1241 1864 animi
1268 1801 1734 1863 moderationem
1756 1803 2042 1883 paulatim
2072 1812 2332 1864 exueret.
2421 1807 2515 1865 ll.

304 1901 506 1961 Animi
529 1904 706 1963 robur
731 1919 870 1962 cum
896 1901 1115 1982 insigni
1156 1900 1533 1973 dexteritate,
1577 1919 1798 1980 magna
1824 1899 2010 1980 patris
2039 1911 2099 1961 et
2128 1902 2376 1961 aliorum
2407 1903 2515 1963 ad-

301 2001 617 2061 miratione
645 1999 910 2062 ostendit
937 2001 997 2059 in
1024 2018 1181 2080 equo
1208 1997 1555 2081 Bucephala
1574 2019 1592 2067 ;
1640 2018 1778 2059 nam
1827 1998 1890 2059 id
1935 2019 2150 2058 nomen
2183 1999 2387 2059 bubuli
2414 2019 2514 2060 ea-

296 2099 445 2178 pitis
496 2099 691 2179 figura
739 2098 1056 2179 insignitus
1100 2105 1447 2180 acceperat.¹
1564 2100 1658 2157 12.
1717 2095 2052 2179 Plurimum·
2091 2106 2217 2156 tum
2260 2099 2519 2176 equestri

304 2194 481 2256 laude
509 2196 778 2277 pollebat
804 2195 1153 2266 Thessalia;
1200 2196 1601 2277 nobiliumque
1631 2214 1917 2275 equorum
1950 2214 2164 2274 greges
2192 2195 2396 2254 multis
2425 2194 2514 2255 lo-

303 2296 388 2356 cis
418 2295 752 2357 alebantur.
838 2295 1153 2355 Eminebat
1189 2303 1386 2355 tamen
1416 2293 1570 2354 inter
1596 2312 1803 2353 omnes
1832 2293 2048 2353 viribus
2080 2301 2142 2352 et
2168 2291 2368 2372 specie
2396 2291 2517 2353 Bu-

305 2393 611 2476 cephalas,
653 2412 830 2476 quem
858 2391 1205 2454 Philonicus
1235 2412 1310 2453 ex
1336 2390 1649 2451 Pharsalia
1675 2389 1982 2463 oriundus,
2025 2389 2281 2450 maximo
2310 2388 2369 2448 in
2395 2388 2515 2450 illis

304 2493 648 2573 regionibus
676 2492 937 2574 principe
967 2492 1213 2573 dignum
1240 2493 1607 2563 existimans,
1651 2490 1729 2551 ad
1776 2489 2117 2570 Philippum
2163 2486 2514 2561 adduxerat,

281 2590 568 2651 sedecim
613 2590 853 2653 talentis
898 2590 1191 2652 venalem.
1194 2599 1232 2625 ¹³
1344 2591 1441 2650 13.
1503 2588 1657 2647 Cum
1710 2597 1909 2647 autem
1957 2586 2334 2646 velocitatem
2377 2587 2516 2666 equi

308 2689 778 2770 obsequiumque
806 2689 1100 2782 experturi
1143 2688 1202 2747 in
1238 2706 1514 2779 campum
1556 2684 2047 2751 descendissent;
2092 2703 2266 2743 nemo
2297 2684 2516 2744 amico-

306 2805 436 2846 rum
464 2786 907 2866 satellitumque
936 2786 1095 2867 regis
1124 2794 1379 2845 tractare
1418 2803 1552 2843 eum
1595 2782 1832 2863 potuit:
1875 2780 2020 2861 quin
2063 2781 2413 2860 insurgebat
2451 2780 2515 2839 in

307 2899 536 2956 omnes,
576 2894 640 2944 et
688 2884 1093 2946 conscendere
1137 2893 1385 2945 conatos
1423 2881 1644 2943 ferocia
1673 2881 2025 2941 exterrebat.
2115 2880 2213 2940 14.
2256 2880 2516 2959 Jamque

305 2995 414 3063 pro
440 2980 754 3056 indomito,
784 2991 847 3044 et
870 2983 946 3043 ob
973 2983 1263 3043 feritatem
1289 2981 1505 3055 inutili,
1536 2980 2012 3060 relinquebatur:
2043 2996 2176 3037 cum
2205 2978 2512 3087 suspirans

309 3073 670 3153 Alexander,
716 3086 736 3114 ‘
760 3081 1015 3149 Qualem
1042 3067 1140 3141 isti
1170 3101 1386 3161 equum
1412 3079 1692 3162 perdunt,
1739 3097 1847 3158 per
1875 3075 2180 3137 mollitiem
2213 3075 2414 3147 animi,
2454 3085 2516 3135 et

299 3176 605 3239 -tractandi
640 3178 1047 3259 imperitiam?
1131 3179 1266 3247 Quo
1317 3177 1535 3258 saepius
1583 3176 1837 3257 repetito
1880 3194 1916 3234 a
1959 3183 2158 3279 patre
2171 3172 2515 3252 increpituS,

253 3323 257 3326 -
312 3273 524 3355 ‘quod
552 3276 629 3334 ob
654 3275 983 3385 negotium,
1026 3274 1189 3355 quod
1228 3272 1545 3334 emendare
1573 3291 1692 3331 non
1727 3280 1954 3370 posset,
1995 3270 2247 3348 majores
2276 3269 2516 3350 peritio-

303 3389 523 3483 resque
538 3391 823 3434 convicus
841 3373 1197 3441 incesseret
1180 3372 1217 3408 ·’
1259 3379 1276 3408 ‘
1303 3374 1435 3453 Ego
1452 3371 1634 3444 vero,'
1664 3370 1879 3450 inquit,
1908 3367 2296 3439 ‘emendabo,
2322 3380 2514 3448 pater,

309 3470 358 3530 si
379 3471 737 3550 permiseris,
743 3471 759 3493 '
832 3472 927 3531 15.
956 3472 1152 3551 Atque
1179 3470 1281 3530 illo
1312 3469 1684 3549 subjiciente,
1713 3475 1732 3503 ‘
1755 3469 2071 3527 frustratus
2103 3474 2302 3525 autem
2331 3484 2513 3544 quam

305 3582 543 3647 poenam
569 3567 799 3648 pendes
821 3566 865 3627 ’ζ’
946 3575 962 3603 ⁴
991 3568 1183 3649 Equi,’
1211 3568 1421 3648 inquit,
1464 3574 1481 3602 ‘
1505 3566 1757 3648 pretium
1784 3566 1945 3625 luam
1965 3565 2004 3634 ;'
2032 3567 2514 3642 exortoque‘om-

310 3665 471 3725 nium
497 3665 643 3738 risu,
670 3665 969 3739 convenit,
998 3673 1015 3701 ‘
1040 3677 1107 3725 ut
1125 3666 1311 3726 victor
1337 3685 1554 3745 equum
1584 3675 1751 3744 patre
1775 3660 2295 3730 emente⁸haberet,
2316 3660 2512 3721 victus

313 3763 606 3824 amitteret
632 3764 987 3843 pecuniam!
1074 3765 1166 3825 16.
1211 3764 1363 3824 Tum
1392 3762 1734 3824 Alexander
1771 3758 2210 3841 comprehensis
2239 3757 2377 3839 equi
2404 3757 2514 3819 ha-

374 3992 399 4026 ¹²
417 3994 566 4046 Curt.
593 4011 679 4046 111.
696 4002 745 4050 6.
770 4004 851 4048 19.
1518 3996 1718 4047 ¹Schol.
1740 3994 1806 4047 ad
1831 3995 2167 4061 Aristophan.
2186 3990 2329 4043 Nub.
2350 4004 2406 4040 v.
2429 3991 2512 4039 23.

375 4070 389 4103 i
420 4072 564 4122 Plut.
586 4072 738 4124 Alex.
779 4090 832 4139 p.
870 4078 985 4125 677.
1029 4072 1242 4123 Arrian.
1265 4085 1371 4123 vn.
1449 4071 1615 4123 Solin.
1635 4077 1784 4124 c.5⁷.

199 4209 206 4218 .
316 4146 501 4197 ²9·fi¹¹·
1391 4184 1397 4190 -
1516 4156 1552 4183 ὓ
1587 4150 1723 4200 Plin.
1759 4149 1898 4200 Hist.
1936 4147 2064 4200 Nat.
2096 4160 2217 4198 vm.
2253 4149 2335 4195 42.
2366 4141 2511 4193 Plut.

377 4222 707 4350 :Athenaeus
739 4241 795 4281 x.
828 4232 909 4280 10.
932 4228 1074 4279 Plut.
1110 4227 1373 4293 Apophth.
1451 4226 1608 4279 Alex.
1633 4230 1821 4292 p0667.

317 4315 363 4349 c.
412 4306 460 4353 6.
