2978 4933
535 374 667 455 148
1332 403 1387 452 s.
1438 402 1943 452 rassmsnumn

534 562 669 615 c‘um
698 547 1410 611 vicinisTelmissensibus
1439 546 1794 621 simultates,
1817 565 2159 629 quanquam
2188 549 2452 629 ejusdem
2482 550 2721 613 nationis

534 656 756 720 essent,
783 645 1094 707 amicitiam
1143 664 1212 705 ac
1243 645 1463 705 auxilia
1491 643 1818 706 offerebant
1866 647 2013 726 regi.
2097 645 2328 715 Quibus
2374 649 2722 733 perbenigne

532 745 817 826 exceptis,
846 764 920 804 ne
949 742 1006 803 in
1039 742 1347 804 obsidione
1388 743 1563 803 unius
1611 743 1773 804 urbis
1821 754 2052 824 tempus
2083 755 2316 819 tereret,
2347 746 2750 827 Sagalassum.

531 852 729 904 castra
753 841 969 908 movit;
1011 839 1267 917 yalidam
1309 842 1513 902 urbem
1541 850 1602 901 et
1628 840 1957 920 juventutis
1989 842 2196 903 robore
2225 843 2553 904 firmatam:
2599 864 2724 906 cum

531 941 687 1001 enim
713 958 917 1000 omnes
950 937 1172 998 Pisidae
1199 939 1464 1000 bellicosi
1509 941 1649 1013 sint,
1680 940 2143 1020 Sagalassenses
2183 960 2306 1020 prae
2346 943 2554 1003 ceteris
2583 963 2726 1024 pug-

531 1058 710 1099 naces
746 1037 1059 1098 habentur.
1148 1039 1243 1097 10.
1288 1036 1355 1109 Ii,
1401 1056 1540 1097 cum
1584 1036 1761 1097 etiam
1791 1056 1827 1097 a
1854 1037 2145 1098 Telmisso
2191 1038 2492 1099 foederatae
2522 1040 2723 1101 sociae-

429 1132 434 1136 ’
530 1156 645 1216 que
673 1135 861 1216 copiae
893 1134 1212 1207 venisseut,
1242 1133 1381 1194 viris
1408 1134 1600 1214 magis
1637 1153 1817 1215 quam
1867 1135 2160 1195 moenibus
2188 1135 2419 1208 confisi,
2448 1135 2508 1194 in
2537 1136 2723 1198 vicino

526 1232 681 1292 colle
723 1232 1124 1292 instruxerant
1169 1232 1390 1299 aciem;
1436 1241 1497 1292 et
1526 1231 1865 1311 praemissos
1915 1233 1988 1291 ab
2017 1230 2355 1292 Alexandro
2389 1231 2595 1309 velites
2625 1252 2723 1312 op·

526 1330 888 1410 portunitate
940 1331 1052 1391 loci
1103 1330 1289 1410 adjuti
1335 1330 1714 1411 repulerant:
1757 1329 1865 1391 sed
1905 1328 2148 1410 Agriani
2196 1328 2571 1398 resistebant,
2599 1330 2724 1410 quis

526 1428 858 1509 propinqua
871 1428 996 1507 jam
1028 1427 1428 1489 Macedonum
1457 1428 1738 1510 phalanx,
1768 1438 1827 1489 et
1857 1437 1994 1489 ante
2023 1426 2213 1507 prima
2254 1426 2427 1506 signa
2454 1440 2556 1488 rex
2584 1447 2723 1487 σου·

528 1535 769 1607 spectus
818 1524 1125 1584 audaciam
1168 1524 1496 1587 addiderat.
1585 1528 1681 1588 ll.
1726 1525 2025 1587 Maximus
2056 1524 2244 1587 *militi
2270 1524 2438 1585 labor
2485 1525 2600 1585 fuit
2626 1540 2725 1607 per

527 1623 715 1683 ardua
750 1624 971 1684 conniti
997 1642 1015 1685 ε
1056 1636 1368 1702 postquam
1399 1622 1761 1702 aequioribus
1792 1623 1971 1704 paulo
1998 1622 2146 1683 locis
2174 1623 2496 1683 consistere
2523 1621 2724 1684 datum

525 1730 639 1795 est,
690 1738 1039 1783 semermum
1088 1731 1502 1782 montanorum
1543 1721 1761 1802 vulgus
1812 1720 1975 1782 haud
2031 1739 2190 1801 aegre
2235 1719 2539 1800 disjecere.
2638 1722 2726 1781 Ex

528 1819 931 1880 Macedonum
960 1819 1213 1881 ducibus
1243 1817 1541 1879 Cleander
1580 1817 1953 1880 desideratus
1985 1810 2126 1892 est,¹¹
2151 1837 2285 1879 cum
2315 1818 2520 1898 viginti
2549 1818 2726 1880 ferme

526 1917 851 1987 militibus3
921 1919 1302 1978 barbarorum
1373 1914 1450 1975 ad
1500 1915 1860 1995 quingentos
1907 1914 2214 1976 cecidere:
2257 1920 2486 1975 ceteros
2547 1932 2724 1996 expe·

525 2017 650 2076 dita
698 2016 862 2097 fuga,
908 2028 970 2079 et
1009 2018 1273 2077 locorum
1323 2015 1534 2076 notitia
1578 2015 1853 2095 protexit.
1945 2017 2040 2077 12.
2104 2015 2489 2095 Fugientibus
2525 2026 2723 2078 tamen

520 2113 738 2174 institit
755 2132 867 2176 'rex
892 2114 1269 2177 contentione
1292 2121 1520 2192 quanta
1556 2122 1790 2192 poterat
1828 2125 1950 2172 tam
1992 2132 2169 2192 grave
2197 2126 2443 2192 agmen:
2487 2113 2726 2174 eodem-

520 2232 637 2291 que
684 2211 905 2292 impetu
951 2213 1091 2272 urbs
1140 2232 1340 2273 eorum
1382 2219 1562 2290 capta
1608 2210 1721 2272 est.
1806 2206 1920 2270 Per
1972 2221 2172 2271 cetera
2217 2208 2432 2270 deinde
2484 2210 2723 2271 Pisidia.

520 2309 749 2369 munita
799 2309 935 2371 loca
989 2307 1352 2370 circumtulit
1408 2307 1677 2368 bellum:
1753 2326 1998 2386 quorum
2055 2305 2345 2366 nonnulla
2396 2307 2724 2390 pugnando

520 2405 716 2485 cepit;
784 2406 904 2466 alia
958 2405 1395 2466 conditionibus
1452 2405 1515 2463 in
1570 2403 1748 2463 fldem
1803 2413 2115 2464 venerunt.
2212 2405 2298 2463 13.
2369 2403 2724 2464 Telmissur'n

518 2514 940 2585 expugnatam,
969 2507 1046 2565 ob
1075 2502 1455 2586 pertinaciam
1487 2502 1724 2574 civium,
1755 2501 1884 2561 solo
1928 2500 2186 2580 aequavit
2207 2501 2262 2568 ς’
2303 2501 2522 2581 populo
2551 2502 2725 2563 liber-

517 2613 699 2662 tatem
742 2602 995 2671 ademit;
1041 2613 1102 2663 et
1130 2600 1309 2682 paulo
1339 2609 1498 2681 post,
1527 2618 1664 2659 cum
1696 2597 1826 2658 aliis
1860 2597 2214 2677 quibusdam
2240 2593 2488 2657 Pisidiae
2519 2598 2722 2659 civita-

516 2700 696 2773 tibus,
744 2700 1118 2760 Celaenarum
1160 2700 1532 2781 praefecturae
1577 2695 1920 2757 contribuit.
2012 2697 2107 2755 14.
2173 2694 2409 2754 Pacatis
2454 2694 2619 2756 hunc
2663 2697 2722 2755 in

516 2796 759 2857 modum
788 2796 1121 2879 asperrimis
1162 2795 1526 2867 nationibus,
1556 2796 1617 2853 in
1647 2793 1967 2875 Phrygiam
2020 2786 2358 2872 processit,¹‘
2384 2811 2506 2871 qua
2535 2791 2722 2853 Asca-

518 2893 652 2952 nius
695 2892 861 2953 lacus
919 2904 1031 2966 est,
1074 2893 1243 2972 cujus
1293 2911 1450 2972 aqua
1507 2912 1617 2951 sua
1665 2903 1875 2971 sponte
1926 2901 2316 2950 concrescens
2366 2891 2721 2951 necessitate

517 2988 658 3048 salis
687 3009 720 3047 e
750 2990 1075 3069 longinquo
1104 2988 1349 3070 petendi
1402 2988 1579 3049 solvit
1625 2989 1884 3049 accolas.
1977 2990 2070 3047 15.
2114 2986 2272 3046 Dum
2301 3001 2375 3045 ea
2420 2997 2723 3067 geruntur,

518 3086 805 3146 Memnon
834 3104 1070 3147 suarum
1099 3085 1351 3167 partium
1400 3085 1663 3166 reliquiis
1713 3085 1974 3166 undique
2017 3084 2307 3155 collectiti,
2336 3092 2403 3142 ut
2428 3082 2719 3145 inhaeren-

517 3192 637 3243 tem
664 3183 825 3243 Asiae
867 3181 1268 3242 Alexandrum
1319 3192 1720 3263 extorqueret,
1764 3182 1842 3242 ad
1890 3181 2112 3241 bellum
2147 3163 2399 3239 Groeoiae
2431 3176 2716 3242 Macedo·

515 3279 748 3361 uiaeque
793 3280 1165 3341 inferendum
1219 3279 1614 3360 cogitationes
1669 3272 1996 3341 convertit.¹
2085 3278 2179 3338 16.
2212 3276 2459 3356 Quippe
2503 3277 2717 3338 Darius

513 3378 574 3435 in
628 3378 743 3439 hoc
798 3399 918 3440 uno
975 3397 1138 3459 spem
1196 3398 1514 3460 reponenS,
1571 3378 1673 3459 qui
1723 3376 1961 3438 victoris
2006 3375 2287 3455 impetum
2347 3391 2459 3434 sua
2507 3376 2714 3436 virtute

514 3490 740 3557 suaque
794 3475 1113 3557 prudentia
1161 3475 1495 3537 diutissime
1544 3476 1622 3537 ad
1675 3475 2165 3536 Halicarnassum
2223 3483 2486 3533 moratus
2537 3485 2712 3545 esset,

514 3589 759 3635 summae
789 3594 979 3634 rerum
1017 3572 1363 3651 praefecerat
1392 3589 1548 3647 eum,
1581 3587 1979 3653 magnamque
2007 3571 2273 3651 pecuniae
2302 3572 2418 3631 vim
2448 3572 2713 3632 transmi-

509 3684 690 3734 serat.
778 3674 870 3731 17.
916 3671 1125 3750 Itaque
1154 3671 1642 3731 mercenariorum
1677 3686 1852 3729 manu
1882 3679 2105 3749 quanta
2130 3678 2367 3749 poterat
2392 3670 2708 3740 conducta,

512 3773 649 3830 curn
675 3778 1070 3831 trecentarum
1113 3768 1350 3830 navium
1391 3769 1588 3829 classe
1631 3767 1816 3828 libero
1861 3768 2004 3827 mari
2036 3768 2356 3846 vagabatur
2378 3773 2438 3835 3¹¹¹
2476 3777 2536 3827 et
2574 3782 2708 3847 quae

512 3866 694 3926 tantis
729 3868 1040 3926 conatibus
1078 3865 1329 3926 adversa
1371 3865 1686 3945 vel-aequa
1733 3866 1930 3924 futura
1972 3873 2175 3925 essent
2209 3864 2412 3924 solerti
2456 3863 2709 3923 aestima-

512 3965 670 4025 tione
698 3966 1009 4044 pensabat.
1097 3967 1191 4023 18.
1236 3966 1470 4025 Interea
1499 3963 1646 4025 locis
1674 3983 1810 4042 quae
1839 3962 2033 4022 minus
2081 3961 2251 4021 anxie
2293 3960 2707 4021 custodieban-

577 4152 599 4185 1·
636 4152 776 4205 Id.l.
802 4155 837 4205 1.
1467 4159 1472 4164 ’
1650 4139 1653 4144 ”
1718 4150 1732 4183 ¹
1762 4149 1845 4200 Id.
1869 4161 1931 4199 11.
1956 4151 2006 4197 l.

574 4232 587 4265 ¹
619 4232 799 4281 Suidas
822 4246 936 4281 voc.
992 4231 1283 4292 Τελμισσεῖς.
1717 4236 1752 4260 ¹¹¹
1785 4224 2052 4277 Diod.1.1.
2080 4237 2132 4288 p.
2155 4223 2274 4272 5⁷⁷.

576 4307 599 4341 ¹⁶
634 4309 837 4361 Arrian.
858 4322 896 4359 1.
922 4313 1006 4360 30.
