2978 4933
1049 956 2079 1054 PROOEMIUM.

811 1343 935 1408 [Ex
968 1341 1161 1394 EDIT.
1197 1342 1390 1394 FRID.
1423 1343 1877 1410 scnmmnmr,
1906 1345 2113 1398 001'1'.
2149 1345 2318 1409 18⁰3]

474 1657 829 1744 Aecum«
863 1673 1116 1750 Curtio,
1160 1673 1345 1758 quod
1388 1673 1543 1739 aliis
1575 1672 1978 1757 quibusdam
2009 1681 2330 1753 veterum,
2359 1676 2435 1738 ut
2464 1672 2547 1737 de
2576 1691 2660 1738 eo

475 1777 641 1842 nihil
687 1777 1173 1862 propemodum
1224 1778 1544 1842 sciamus,
1618 1776 1988 1856 ‘Quintum
2032 1775 2337 1843 Curtium
2373 1775 2626 1842 Rufum
2648 1773 2667 1801 ’

478 1882 892 1965 appellatum
914 1879 1152 1957 fuisse,
1175 1899 1262 1944 ex
1292 1885 1617 1964 perpetuo
1639 1877 1958 1944 librorum
1977 1883 2275 1946 veterum
2299 1897 2660 1956 consensu;

478 1981 857 2047 Romanum
884 1980 1122 2059 fuisse,
1151 1999 1242 2044 ex
1289 1981 1583 2058 nomine,
1613 2000 1700 2045 ex
1750 1981 2068 2058 oratione,
2115 1987 2320 2064 atque
2368 1999 2457 2044 ex
2505 1979 2663 2042 loco

477 2083 637 2149 libri
664 2083 909 2149 decimi
937 2103 1089 2167 cap.
1107 2083 1175 2148 9.
1196 2082 1261 2148 3.
1290 2082 1696 2166 intelligitur.
1742 2081 1981 2146 Cetera
2007 2081 2407 2163 ignorantur.
2452 2079 2665 2163 Nam-

483 2207 613 2273 que
643 2186 730 2253 de
779 2193 982 2252 aetate
1016 2185 1162 2271 ejus
1192 2186 1317 2251 viri
1348 2185 1533 2251 docti
1558 2184 1623 2249 in
1653 2185 1948 2250 maxime
1979 2183 2247 2248 diversa
2275 2181 2666 2261 discedunt;

481 2288 598 2351 alii
628 2286 956 2364 Ciceroni,
986 2286 1102 2351 alii
1141 2285 1448 2368 Augusto
1471 2286 1800 2368 aequalem
1827 2285 2061 2363 fuisse,
2083 2285 2201 2349 alii
2229 2285 2357 2348 sub
2385 2283 2665 2348 Tiberio

481 2386 594 2473 (ut
622 2385 942 2452 Raderus
966 2392 1048 2457 ,et
1099 2383 1549 2471 Perizonius),
1592 2385 1707 2450 alii
1748 2386 1876 2450 sub
1906 2385 2194 2450 Claudio
2245 2383 2357 2471 (ut
2387 2384 2667 2469 Lipsius

480 2493 551 2554 et
577 2489 674 2554 Le
702 2485 1005 2572 Tellier),
1050 2487 1167 2552 alii
1217 2488 1344 2552 sub
1393 2481 1827 2572 Vespasiano
1870 2488 1975 2573 (ut
2014 2486 2311 2553 Vossius
2340 2495 2408 2553 et
2439 2487 2668 2552 Frein-

480 2588 835 2673 shemius),
862 2589 977 2653 alii
1006 2589 1299 2676 Trajano
1340 2590 1734 2673 imperante,
1773 2589 1888 2655 alii
1929 2588 2345 2655 Constantini
2375 2587 2474 2651 M.
2501 2593 2668 2652 tem-

481 2693 759 2778 poribus
785 2691 898 2778 (ut
923 2690 1035 2758 Jo.
1067 2692 1312 2758 Franc.
1352 2690 1399 2758 J
1404 2712 1505 2757 os.
1536 2689 1896 2776 Bagnolo),
1947 2691 2107 2775 quin
2156 2688 2523 2755 Theodosii
2559 2687 2667 2774 (ut

482 2795 560 2861 C.
593 2790 966 2877 Barthius),
1000 2800 1095 2870 et,
1124 2813 1210 2858 ne
1238 2794 1308 2858 in
1336 2813 1407 2858 re
1437 2792 1645 2858 dubia
1672 2794 1878 2859 verba
1919 2811 2332 2871 consumam,
2364 2792 2482 2857 alii
2511 2791 2667 2856 aliis

478 2896 889 2980 temporibus
937 2894 1194 2959 vixisse
1243 2896 1602 2978 probatum
1643 2896 1932 2960 iverunt.
2021 2893 2326 2973 Quorum
2367 2896 2667 2960 omnium

478 2989 859 3079 argumenta
902 2995 1171 3061 modum
1225 2997 1649 3080 praefationis
1698 2998 2122 3075 excederent,
2182 3001 2251 3061 et
2304 2997 2374 3062 in
2432 2995 2670 3061 Cunzii

476 3094 569 3162 V.
599 3095 678 3163 G.
711 3097 1050 3181 Prolegg.⁸
1076 3098 1432 3181 diligenter
1477 3098 1795 3183 exposita
1828 3098 2265 3181 reperiuntur.
2352 3097 2499 3182 Ego
2528 3099 2667 3183 pri-

473 3218 660 3264 mum
683 3198 1076 3263 sententiam
1096 3198 1455 3278 Perizonii,
1478 3200 1548 3263 in
1568 3218 1769 3283 quam
1791 3205 2132 3283 postremo
2159 3200 2413 3265 saeculo
2436 3200 2665 3285 plnres

477 3302 763 3367 virorum
814 3298 1165 3365 doctorum
1211 3307 1659 3379 accesserunt,
1709 3299 1946 3364 deinde
1986 3300 2057 3368 J.
2090 3301 2199 3366 Fr.
2228 3300 2299 3368 J.
2334 3303 2663 3383 Bagnolo,

475 3403 602 3468 viri
642 3403 815 3468 inter
861 3400 1073 3466 Italos
1116 3400 1498 3480 clarissimi,
1529 3402 1611 3468 de
1637 3401 1857 3467 Curtii
1883 3406 2081 3468 aetate
2098 3401 2451 3487 judicium,
2483 3403 2666 3487 quod

475 3504 1009 3569 recentissimum
1037 3509 1158 3583 est,
1185 3523 1525 3592 exponere
1556 3505 1728 3596 satis*
1752 3504 1991 3569 habeo.

562 3606 953 3671 Perizonius
981 3606 1183 3688 igitur
1207 3626 1296 3670 ex
1319 3605 1535 3672 Curtii
1564 3606 1740 3685 loco,
1765 3621 1843 3672 x,
1862 3607 1927 3672 9.
1955 3607 2020 3673 3.
2050 3625 2433 3691 quanquam
2455 3625 2666 3691 vagus

422 3731 429 3734 ’
479 3715 584 3774 est
627 3716 697 3773 et
740 3707 1030 3793 plurium
1079 3708 1706 3792 interpretationum
1756 3709 2052 3795 patiens,
2103 3715 2303 3794 atque
2350 3730 2438 3774 ex
2486 3711 2663 3795 stylo

481 3810 604 3876 sub
633 3810 902 3875 Tiberio
933 3810 1189 3876 vixisse
1218 3810 1646 3894 conjectavit,
1679 3809 1861 3876 Curt.
1890 3810 2099 3877 Vind.
2130 3832 2200 3896 p.
2230 3812 2294 3878 3.
2356 3814 2377 3845 ‘
2414 3811 2661 3877 Nullus

479 3909 758 3989 dubito‚'
801 3911 1040 3994 inquit,
1090 3918 1109 3947 ‘
1136 3912 1302 3996 quin
1352 3911 1548 3978 fuerit
1598 3911 1711 3977 ille
1740 3911 2016 3992 Rhetor,
2062 3914 2176 3998 qui
2227 3914 2299 3978 in
2334 3913 2664 3997 Catalogo

484 4014 851 4080 Rhetorum
881 4012 950 4077 in
981 4012 1223 4078 Msstis
1253 4013 1648 4080 Suetoniani
1690 4013 1922 4092 libelli,
1967 4013 2051 4079 de
2094 4013 2312 4081 Claris
2353 4014 2663 4082 Rhetori-

1024 4218 1048 4243 ²
1079 4210 1235 4275 [Quae
1256 4210 1372 4265 huic
1390 4194 1651 4265 Pro'oemio
1673 4212 1950 4276 subjuncta
1973 4212 2131 4275 sunm]
