2978 4933
790 425 912 471 or„
958 410 1150 470 exn.
1193 406 1259 471 3.
1338 425 1407 468 A.
1455 422 1577 470 cu.
1623 419 1711 471 Ν.
1741 402 1894 472 330.
2319 411 2449 474 415

246 565 561 650 expedita
590 565 885 648 equitum
920 583 1127 631 manu
1170 568 1613 629 monstratam
1656 564 2255 648 viamingreditur,
2284 567 2447 651 pha·

241 668 461 750 lange,
496 672 517 701 ‘
537 674 856 752 quantum
886 668 1207 733 festinare
1237 674 1497 751 posset,
1521 669 1709 751 sequi
1733 666 1751 692 ’
1788 668 2008 752 jussa.
2080 668 2247 751 Ipse
2280 690 2446 753 qua-

244 770 438 835 drato
469 773 730 854 agmine
766 771 1082 837 incedens
1127 773 1227 837 ita
1260 785 1531 836 cursum
1583 773 1876 854 regebat,
1916 776 1993 836 ut
2039 770 2234 855 primi
2282 792 2449 837 con-³

233 872 428 957 jungi
452 874 710 939 ultimis
742 878 1047 958 possent.
1121 875 1228 938 11.
1276 886 1431 938 coc.
1480 874 1702 940 stadia
1723 872 1747 912 f
1772 881 2267 958 processerant,
2294 895 2447 940 cum

246 978 540 1043 occurrit
557 977 976 1043 Brooubelus
996 987 1023 1024 ⁸
1051 977 1304 1044 Mazaei
1328 978 1530 1056 filius,
1552 978 1768 1061 Syriae
1795 976 2130 1062 quondam
2152 986 2442 1059 praetor:

244 1078 305 1142 is
363 1098 632 1163 quoque
689 1079 1035 1164 transfuga
1092 1081 1466 1158 nuntiabat,
1516 1085 1541 1115 “
1572 1081 1861 1144 Bessum
1921 1079 2099 1144 haud
2157 1083 2444 1165 amplius

242 1200 447 1264 quam
474 1196 585 1246 ce.
615 1182 840 1247 stadia
870 1183 1134 1247 abesse.
1191 1235 1196 1239 .
1224 1182 1647 1261 Exercitum,⁴
1666 1189 1908 1267 utpote
1933 1183 2050 1265 qui
2081 1184 2244 1247 nihil
2270 1204 2446 1268 praea-

242 1291 540 1363 caveret,
592 1285 1113 1370 incompositum
1158 1285 1737 1370 inordinatumque
1779 1286 2171 1370 procedere.
2262 1287 2446 1373 Hyr÷

242 1387 508 1451 caniam
559 1388 776 1453 videri
833 1389 1200 1474 petituros-2
1269 1390 1330 1454 si
1384 1389 1738 1455 festinaret
1794 1382 2016 1474 sequi,
2062 1389 2447 1473 palantibus

1873 1492 1891 1520 5

240 1495 822 1573 superventurum.
910 1493 1014 1558 12.
1048 1494 1333 1559 Darium
1365 1494 1586 1559 adhuc
1618 1494 1870 1559 vivere.
1963 1491 2250 1558 Strenuo
2283 1496 2446 1561 alio-

245 1591 364 1677 qui
409 1592 855 1676 cupiditatem
904 1595 1354 1681 consequendi
1402 1597 1745 1680 transfuga
1793 1595 2117 1681 injecerat
2136 1599 2180 1663 :⁵
2221 1598 2447 1682 itaque

240 1694 619 1760 calcaribus
650 1697 938 1764 subditis
990 1699 1201 1764 effuso
1225 1711 1249 1740 ⁶
1304 1719 1509 1765 eursu
1540 1705 1720 1765 eunt.
1802 1700 2098 1784 Jamque
2136 1700 2452 1768 fremitus

235 1796 529 1863 hostium
559 1800 681 1865 iter
723 1801 1228 1884 ingredientium
1279 1803 1798 1886 exaudiebatur3
1843 1801 1965 1867 sed
2011 1812 2447 1889 prospectum

272 2041 275 2044 ,
300 1990 325 2090 t
355 1990 633 2114 &53:32ssae
641 1996 749 2060 jam
767 1999 995 2050 missua
1013 2004 1176 2063 sponte
1198 1998 1424 2061 diligenti
1443 1999 1727 2050 desiderium
1738 1998 1980 2051 ululant
1997 1999 2308 2065 persequendi
2321 1999 2451 2050 illoc.

1159 2138 1338 2181 obviet
1343 2159 1398 2179 ee
1402 2152 1523 2180 obeo

233 2273 476 2325 Freinsh.
495 2275 721 2326 mavult:
754 2276 891 2341 sequi
899 2276 1039 2338 jussa
1054 2278 1283 2342 quadrato
1304 2276 1512 2340 agmine.
1538 2277 1784 2340 Incedens,
1802 2279 1884 2340 ξε.
1921 2277 2036 2337 fDe
2064 2277 2234 2328 verbis
2256 2279 2446 2341 agmine

234 2341 468 2402 quadrato
504 2341 921 2404 praecedentibus
949 2343 1234 2407 jungendis
1269 2343 1627 2393 Freinshemio
1671 2344 1950 2400 assentior,
1983 2350 2196 2408 propter
2230 2343 2442 2396 Arrian-

233 2418 327 2454 ιιι.
344 2409 429 2457 21.
494 2405 722 2471 Reliqua
743 2420 865 2468 zero
903 2422 971 2456 ex
1038 2410 1173 2458 {ossa
1193 2408 1318 2457 mihi
1343 2415 1467 2459 nata
1504 2408 1770 2465 videntur,
1807 2422 1928 2458 cum
1958 2409 2072 2473 quis
2111 2414 2347 2459 naturam
2387 2414 2446 2459 et

231 2469 461 2520 formam
488 2471 707 2535 agminis
731 2472 968 2537 quadrati
1032 2473 1350 2539 esoripturus
1373 2474 1438 2524 ad
1463 2474 1749 2538 marginem
1768 2474 2055 2538 adjiceret:
2084 2477 2316 2538 ‘quadrato
2336 2491 2384 2525 a.
2405 2477 2444 2525 i.

234 2536 278 2585 i.
295 2551 341 2587 e.
362 2537 574 2599 regebat,
595 2541 651 2586 nt
668 2551 720 2601 p.
743 2553 793 2587 u.
812 2554 856 2587 c.
874 2541 1086 2602 posi-reum
1122 2554 1194 2590 sc.
1221 2554 1317 2603 per
1338 2544 1445 2602 eos,
1472 2540 1561 2605 qui
1585 2554 1617 2587 a
1639 2539 1801 2589 latere
1825 2541 1991 2589 ibant.
2050 2539 2190 2591 'Quae
2213 2541 2446 2603 explica·

231 2600 312 2650 tio
332 2615 437 2650 non
461 2602 735 2652 admodum
760 2610 1004 2653 accurata
1028 2610 1124 2655 est.
1194 2604 1387 2655 Omnia
1409 2619 1555 2667 vero,
1581 2611 1698 2654 utut
1727 2605 1879 2668 vulgo
1903 2605 2163 2674 leguntur,
2183 2604 2226 2651 si
2254 2619 2285 2653 a
2316 2604 2444 2653 cur-

234 2667 316 2716 tio
331 2666 452 2730 ipso
471 2668 671 2731 scripta
688 2682 888 2729 censes,
914 2670 1111 2719 erravit
1136 2668 1364 2720 Curtius.
1420 2667 1878 2721 Alexander-‘enim
1902 2667 2031 2732 ipse,
2048 2676 2108 2718 ut
2131 2672 2195 2717 ex
2221 2668 2444 2719 Arriano

228 2732 425 2795 liquet,
443 2733 698 2797 quadrato
723 2734 929 2797 agmine
951 2747 1049 2783 nee
1071 2732 1203 2795 ibat,
1226 2746 1322 2784 nee
1347 2733 1424 2782 ire
1440 2741 1680 2798 poterat,
1701 2734 2009 2783 citatissime
2043 2739 2097 2782 et
2117 2742 2232 2782 cum
2258 2735 2455 2799 equiti-⁷

229 2796 328 2846 bus
351 2796 553 2884 hostem
574 2813 677 2848 non
702 2800 1069 2863 propinquum,
1104 2799 1194 2848 sed
1217 2799 1574 2878 multastadia
1597 2804 1870 2862 remotum,
1906 2812 2004 2876 per
2037 2805 2245 2847 noctem
2269 2812 2446 2864 perse·

228 2861 758 2992 θὶὲῖῗιῖῑιεὶῗὶῗΐὲῗὲ·
776 2863 962 2992 .εὲἑὲζέ
986 2865 1203 2979 ‚2:¹32AE
1208 2863 1518 2994 {imita
1527 2862 2330 2994 ⁰2⁵5²¹132¹1²03315251232315&ssssss
2346 2867 2443 2993 3323

232 2990 350 3053 Ipse
371 2992 699 3043 scribendum
724 3000 804 3044 est
827 2993 955 3057 Ipsa,
977 3009 1051 3045 sc.
1073 2994 1337 3057 phalanx.’
1371 2996 1529 3048 Cunz.
1589 2995 1742 3045 VosS.
1766 2998 1817 3044 2.
1853 2993 2079 3055 conjungi
2099 3008 2205 3044 cum
2239 2993 2443 3045 ultimis.

227 3059 364 3106 —11
402 3059 419 3086 ‘
439 3059 596 3108 Forte
619 3058 895 3121 legendum
919 3059 1028 3107 CC.
1049 3058 1245 3109 stadia!
1262 3059 1586 3111 Schmieder.
1634 3060 1751 3109 Pal.
1776 3065 1822 3118 1.
1849 3059 2141 3109 Brozubelus
2157 3075 2178 3117 ,·
2209 3060 2442 3110 Florent.

229 3121 389 3172 Leid.
412 3123 564 3173 Voss.
585 3127 631 3171 1.
662 3125 795 3173 Dan.
817 3124 959 3173 Pith.
986 3124 1110 3174 Put.
1144 3133 1201 3174 et
1236 3125 1429 3183 Fauch.
1455 3122 1784 3175 Brochubelus
1794 3141 1814 3184 ,-
1869 3125 2021 3174 Voss.
2038 3128 2084 3173 2.
2109 3125 2412 3174 Brocobellus
2424 3142 2446 3184 ,-

226 3186 363 3236 Ald.
387 3195 443 3237 et
464 3190 588 3237 Bas.
614 3189 870 3238 Broc-ullus
884 3205 904 3247 ,·
937 3190 1093 3240 Frob.
1118 3191 1256 3241 Mer.
1279 3198 1335 3240 et
1354 3191 1466 3240 Col.
1487 3191 1750 3249 Broc-ulmi,-
1786 3188 1899 3242 Eiz.
1921 3190 2174 3239 Proculus.
2211 3189 2443 3240 Floreat.

228 3252 387 3302 Leid.
409 3253 565 3303 Voss.
590 3258 639 3303 l.
675 3254 951 3303 Mei-,Col-
990 3255 1046 3304 e't
1082 3255 1204 3305 Bas.
1227 3256 1404 3305 Ματρί.
1472 3255 1620 3306 Pith.
1659 3253 1706 3303 ia
1739 3271 1787 3318 q.
1826 3251 2145 3316 transfugam.
2213 3254 2456 3305 Florem.

228 3317 387 3367 Leid.
425 3319 575 3367 Voss.
601 3323 648 3367 1.
671 3322 721 3368 2.
746 3319 863 3368 Pal.
887 3325 935 3369 l.
960 3321 1100 3369 Dan.
1123 3320 1264 3370 Pith.
1291 3321 1413 3370 Put.
1437 3326 1495 3369 et
1521 3320 1715 3370 Fauch.
1734 3320 1988 3369 omittunt
2009 3318 2275 3383 quinih1‘13
2319 3318 2459 3369 Aid.

227 3381 393 3433 Frob.
424 3384 561 3434 Mer.
586 3383 708 3433 Bas,
734 3385 843 3434 Elz.
870 3392 927 3433 et
950 3385 1064 3435 Col.
1084 3385 1279 3435 habent
1307 3385 1392 3448 qui
1426 3384 1554 3434 nihil
1587 3389 1899 3448 praeeaverat.
1969 3383 2116 3433 Leid.
2140 3390 2196 3432 et
2219 3384 2369 3435 Voss.
2394 3390 2442 3435 1.

229 3447 561 3498 Hirehaaiam
581 3448 751 3498 videri.
818 3448 1052 3500 Florent.
1074 3450 1221 3501 Leid.
1258 3451 1414 3500 Voss.
1442 3454 1488 3499 1.
1530 3450 1667 3498 Dan.
1706 3448 1830 3504 Ald.
1867 3448 2024 3499 Frob.
2063 3449 2200 3498 Mer.
2238 3448 2351 3499 Col.
2389 3456 2446 3499 et

227 3512 358 3562 Bas.
375 3516 508 3577 sequi
521 3515 737 3578 palantes
751 3529 771 3572 ,·
824 3515 977 3563 Voss.
997 3520 1046 3565 2.
1072 3524 1128 3565 et
1153 3516 1270 3566 Pal.
1295 3519 1343 3567 1.
1380 3513 1437 3564 τὺ
1467 3514 1742 3577 palantibus
1777 3514 2174 3563 omittunt.—12
2208 3513 2443 3563 Florent.

228 3576 385 3630 Leid.
405 3586 464 3629 et
486 3579 636 3629 Voss.
659 3583 708 3628 Ι.
731 3578 934 3629 Strenuo
954 3580 1181 3643 alioquin.
1249 3581 1405 3629 Voss.
1424 3584 1473 3631 2.
1491 3580 1733 3644 paulisper
1752 3591 1863 3628 vero
1885 3577 1922 3629 ἰ.
1944 3593 1988 3628 ο.
2008 3578 2060 3627 d.
2080 3577 2311 3627 resideret
2333 3579 2440 3642 pul*-

1225 3717 1280 3782 ‘N
1288 3722 1452 3780 OTAE

286 3839 315 3875 ἵ
347 3841 499 3892 CCC.
516 3842 699 3907 stadia]
751 3843 966 3908 Septem
1002 3856 1065 3892 ae
1089 3841 1305 3905 triginta
1382 3841 1517 3891 riani
1540 3840 1606 3891 ad
1631 3839 1985 3891 Alexandrum
2023 3852 2141 3889 eum
2162 3836 2446 3900 Bagistane

225 3918 474 3969 milliaria
527 3934 645 3970 cum
699 3920 996 3986 quingentis
1049 3920 1301 3983 passibus.
1384 3925 1623 3982 venerat,
1656 3917 1873 3968 duorum
1909 3914 2076 3965 ferme
2097 3913 2444 3979 dierum'qua'·

230 3996 342 4047 CC.
360 3996 548 4061 stadia]
597 3996 839 4064 Quinque
864 4004 921 4048 et
943 3996 1128 4061 viginti
1152 3996 1303 4046 milli·
1383 4001 1605 4062 tuorque
1626 3998 1857 4047 noctium
1873 3996 1976 4046 iter
1993 3998 2295 4060 supererat:
2314 4002 2448 4057 ‘qua‘-

225 4074 360 4123 aria.
1382 4087 1497 4124 rum
1543 4076 1598 4124 in
1635 4073 1820 4124 ultima
1866 4072 2250 4139 quadringenta
2280 4070 2448 4119 stadia

294 4158 320 4193 t
355 4149 673 4214 Brombetus]
755 4149 1033 4202 Antibelus
1076 4148 1301 4200 Arriano
1384 4164 1623 4200 emensus
1646 4156 1730 4203 est
1763 4149 2082 4201 Alexander.
2147 4146 2253 4198 Hie
2273 4152 2447 4195 antem

225 4235 487 4291 vocatum
522 4229 619 4279 nisi
642 4227 780 4279 forte
805 4228 935 4279 alius
957 4235 1050 4279 est.
1065 4226 1302 4291 ejusdem
1384 4228 1709 4281 Broeubelus
1731 4228 1959 4281 ducenta
1993 4227 2157 4277 solum
2178 4235 2446 4289 superesse

224 4303 416 4356 frater.
482 4307 643 4358 Certe
662 4320 729 4357 ex
766 4320 869 4373 quo
906 4304 1183 4357 Autibelus
1204 4303 1305 4355 Ar·
1385 4305 1606 4356 nuntiat.
