2978 4933
495 396 627 462 516

499 556 693 622 Nihil
723 554 857 619 illis
892 552 976 618 ad
1006 552 1183 616 bella
1212 549 1538 634 promtius
1558 546 1720 611 fuit:
1751 547 2076 611 incitabat
2095 546 2408 610 virtutem
2426 547 2493 608 et
2515 544 2712 626 igno-

495 660 722 724 miniae
755 656 1096 721 demendae
1151 654 1438 737 cupid03
1486 659 1557 715 et
1598 653 1761 734 quia
1809 651 2080 715 fortiora
2123 649 2301 713 facta
2347 649 2413 712 in
2451 646 2708 730 paucis

496 762 705 826 latere
735 781 867 825 non
898 764 1229 844 poterant.

587 882 698 926 111.
767 865 827 927 1.
862 863 998 926 His
1038 864 1136 926 ita
1180 858 1602 942 compositis,
1633 858 2042 937 Alexander,
2076 858 2477 923 Arianorum
2502 862 2530 889 ⁸
2573 854 2710 916 Sa-

498 975 686 1051 trape
718 968 1103 1042 constituto,
1153 967 1322 1028 ‘iter
1353 963 1811 1046 pronuntiari’
1846 963 2049 1046 jubet
2075 964 2143 1025 iu
2189 970 2208 997 ‘
2231 953 2711 1042 Agriaspa3,’'’

945 411 1012 469 Q,
1060 404 1325 456 cun'ru
1379 402 1558 453 uum
1613 403 1757 450 mu.
1806 403 1939 451 vn.
1986 402 2150 451 cAP.
2190 386 2256 450 3.

1416 1127 1535 1149 0060
1543 1129 1597 1148 ‘O
1603 1128 1781 1148 ‘OOOOO

501 1234 739 1286 Freinsh.
764 1235 1094 1297 excipit.-38
1130 1232 1276 1282 Leid.
1291 1232 1617 1292 fortiafacta.

569 1306 594 1350 l
626 1300 770 1349 Pith.
811 1300 1005 1348 omittit
1027 1300 1315 1348 Alexander.
1384 1297 1534 1345 Voss.
1575 1301 1621 1346 l.
1662 1295 2013 1350 Arrianorum5
2076 1291 2188 1341 Pal.
2230 1296 2275 1339 1.
2312 1288 2708 1344 Hir-caninum,-

500 1368 669 1429 Bong·
693 1364 1040 1422 Arianiorum3
1088 1365 1221 1413 Ten.
1257 1371 1310 1411 et
1349 1361 1484 1411 Rad.
1521 1361 1763 1410 Ariorum.
1828 1359 1972 1408 Dan.
2003 1363 2229 1420 satrupoe.
2297 1352 2528 1403 Florem.
2556 1354 2712 1402 Leid.

501 1432 653 1481 Voss.
681 1435 722 1478 l.
746 1432 914 1492 Bong.
953 1430 1087 1478 Dan.
1123 1428 1235 1478 Pal.
1272 1433 1317 1477 1.
1337 1428 1527 1476 Venet.
1566 1426 1760 1474 Veron.
1793 1423 2012 1472 Medici.
2035 1430 2087 1471 et
2114 1423 2225 1471 Coi.
2250 1421 2302 1468 iu
2322 1423 2534 1467 armatos
2554 1434 2671 1480 quos
2693 1434 2711 1473 ,-

502 1496 654 1546 Voss·
676 1499 725 1546 2.
750 1503 805 1545 et
832 1493 1001 1543 Amst.
1025 1493 1078 1543 ia
1097 1498 1385 1556 Arma-spon
1421 1491 1578 1541 Frob.
1606 1499 1660 1540 et
1685 1487 1847 1553 Lugd.
1870 1490 1921 1538 in
1943 1487 2171 1550 Ariaspe„
2185 1503 2205 1544 ,·
2238 1486 2370 1534 Mer.
2390 1486 2440 1532 iu
2460 1484 2675 1533 Ariones
2690 1499 2710 1540 ,-

1494 1638 1706 1690 NOTAE

568 1766 591 1790 ²
623 1755 1204 1820 Arianorum[.⁴1riorum]
1228 1755 1313 1805 Ita
1335 1755 1565 1810 scriben-

501 1835 622 1883 dum
658 1833 759 1883 fuit
797 1848 892 1896 pro
924 1833 1233 1897 Aritium-um,
1268 1839 1325 1881 ut
1356 1831 1563 1881 Radero

502 1927 706 1978 quoque
735 1914 896 1962 visum
923 1919 1070 1973 erat3
1103 1914 1200 1960 nisi
1224 1912 1461 1961 Curtium
1484 1925 1561 1959 er·

503 2004 646 2041 rasse
669 1991 938 2051 vellemus,
960 1998 1016 2039 et
1034 2004 1205 2039 secum
1229 1989 1341 2052 ipso
1365 2002 1563 2052 pugna-

502 2084 580 2131 re,
621 2070 708 2134 qui
754 2078 871 2133 post
910 2071 1107 2134 aliquot
1141 2084 1314 2118 versus
1353 2067 1562 2117 eosdem

503 2148 520 2175 ⁸
541 2145 692 2195 Arios
710 2145 725 2168 '
751 2147 999 2210 appellat.
1064 2148 1151 2196 De
1174 2144 1313 2195 Ariae
1337 2152 1391 2194 et
1416 2144 1564 2193 Aria-

502 2239 585 2274 nae
600 2224 918 2285 discrimine,
932 2222 1068 2287 quod
1082 2223 1420 2277 eruditorum,
1438 2222 1566 2270 alios

503 2300 715 2362 fefellit,
738 2302 863 2351 alios
898 2300 1177 2363 impeditos
1207 2298 1405 2354 habuit,
1443 2310 1565 2347 cou-

505 2378 603 2425 suii
649 2384 863 2440 possunt
917 2376 1250 2427 casaubonus
1297 2377 1347 2425 in
1390 2376 1565 2424 Strab.

504 2454 596 2503 lib.
624 2468 721 2505 κν.
770 2454 1045 2503 Salmasius
1066 2455 1131 2503 ad
1164 2453 1324 2503 Soliu.
1346 2468 1463 2516 cap.
1485 2458 1566 2503 55.

508 2532 721 2582 Vossius
745 2533 797 2582 in
827 2532 1035 2594 Melam,
1061 2531 1156 2583 lib.
1176 2545 1213 2580 r.
1237 2544 1354 2594 cap.
1377 2534 1426 2579 2.
1478 2531 1565 2579 De

506 2625 609 2675 quo
646 2611 719 2659 sic
761 2610 959 2674 accipe,
999 2608 1239 2658 ‘Ariam'
1279 2607 1417 2656 illam
1449 2620 1569 2656 esse

505 2703 657 2753 quam
690 2689 1006 2738 Ptolemaeus
1040 2687 1130 2735 lib.
1153 2699 1232 2735 vr.
1259 2699 1373 2747 cap.
1399 2689 1478 2734 17.
1511 2690 1568 2733 et

503 2767 692 2816 Strabo
718 2767 806 2816 ub.
828 2778 909 2814 xi.
931 2765 1005 2814 his
1029 2762 1258 2813 terminis
1278 2761 1568 2811 includunt.

506 2844 591 2893 Ab
619 2843 825 2894 Occasu
860 2844 1124 2893 Parthiam
1158 2842 1355 2902 habuit,
1381 2857 1411 2889 a
1444 2840 1567 2902 Sep·

506 2920 783 2969 temtrione
849 2920 1195 2984 Margianam,
1265 2924 1570 2981 partemque

506 2995 835 3057 Bactrianae3
877 2996 942 3044 ab
966 2996 1103 3045 Ortu
1139 2993 1569 3061 Parapamisadas

506 3077 563 3119 et
609 3070 947 3132 Arachosios3
986 3087 1015 3121 a
1054 3072 1276 3120 Meridie
1319 3069 1567 3132 Drangia-

505 3162 643 3203 nam‚
676 3147 854 3213 (quam
891 3149 978 3197 aiii
1028 3156 1195 3197 tamen
1229 3149 1390 3211 ipsius
1428 3147 1567 3196 Ariae

508 3231 715 3288 partem
760 3223 1005 3289 faciunt,)
1047 3232 1104 3274 et
1148 3225 1432 3274 Carmaniae
1475 3223 1567 3272 de-

508 3309 663 3371 sertae
701 3303 857 3352 latus.
926 3301 1009 3351 Ab
1034 3301 1159 3351 Ario
1200 3316 1348 3350 amne
1382 3315 1570 3350 nomen

507 3381 731 3444 accepit,
752 3381 839 3446 qui
862 3380 1175 3445 praecipuam
1193 3379 1371 3428 urbem
1389 3378 1571 3428 Ariam

507 3455 867 3522 praeterfluens
907 3457 957 3505 in
1004 3457 1168 3505 lacum
1213 3454 1570 3519 cognominem

508 3535 781 3599 mergitur.
852 3533 984 3583 Urbi
1028 3547 1213 3582 nomen
1258 3546 1375 3581 esse
1415 3529 1570 3579 hodie

508 3611 701 3661 dicitur
741 3611 886 3673 Heri,
914 3612 998 3660 vel
1033 3609 1227 3666 Herat,·
1272 3608 1405 3657 lacui
1444 3608 1568 3657 Bur-

506 3690 641 3751 gian.
707 3690 792 3738 De
839 3688 1034 3737 Ariana
1078 3687 1230 3751 paulo
1274 3686 1570 3735 intricatior

510 3766 725 3828 quaestio
760 3771 857 3821 est,
887 3770 1103 3829 propter
1136 3769 1368 3812 veterum
1392 3769 1570 3812 aucto-

510 3842 718 3891 ritatem
750 3843 801 3889 in
826 3848 901 3891 ‘ea
922 3840 1267 3890 describenda
1289 3853 1470 3903 parum
1494 3832 1570 3888 in-

513 3924 594 3966 ter
618 3933 675 3966 se
705 3919 1139 3968 convenientium.
1204 3917 1341 3966 Illud
1364 3917 1571 3980 quidem

514 4008 578 4042 ex
601 3992 853 4042 Strabone
876 4001 1075 4045 constat
1098 3994 1187 4044 lib.
1215 4007 1309 4043 xv.
1359 3993 1570 4042 Arianoe

514 4067 821 4134 quandoque
870 4071 1075 4120 nomine
1130 4069 1384 4119 contineri
1427 4069 1572 4133 quic·

513 4145 636 4211 quid
651 4153 906 4195 terrarum
925 4147 991 4196 ab
1011 4147 1142 4197 Indo
1158 4145 1334 4206 fluvio,
1347 4147 1573 4208 Parapa-

515 4223 644 4273 miso
677 4228 871 4276 monte,
895 4228 950 4270 et
975 4221 1092 4271 Oxo
1112 4221 1341 4283 flumine,
1372 4221 1438 4269 ad
1463 4222 1574 4270 Me-

516 4299 648 4349 diam
670 4306 725 4349 et
747 4297 1019 4350 Persidem
1038 4297 1354 4361 extenditur,
1367 4296 1574 4348 Indico·

1643 1767 1741 1819 que
1785 1753 1911 1801 mari
1948 1751 2283 1802 terminatur:
2323 1747 2374 1795 in
2404 1746 2595 1811 quibus
2630 1752 2713 1794 est

1644 1829 1919 1890 Gedrosia,
1944 1825 2240 1886 Arachosia,
2264 1822 2589 1887 Drangiaua,
2610 1822 2711 1870 Pa-

1643 1907 1999 1972 rapamisadae,
2042 1904 2187 1966 Aria,
2226 1901 2531 1958 Bactriana,
2572 1898 2711 1949 forte

1643 1993 1696 2035 et
1718 1985 1989 2050 Sogdiana⁸
2014 1996 2153 2045 pars.
2207 1980 2340 2028 Nam
2362 1976 2457 2026 lib.
2478 1990 2579 2025 xv.
2602 1990 2714 2025 eos-

1642 2064 1778 2127 dem,
1799 2078 1924 2127 quos
1958 2059 2201 2117 diximus,
2237 2056 2460 2118 assignat
2493 2053 2712 2102 Arianae

1645 2142 1834 2190 limites
1858 2140 1921 2189 ab
1948 2138 2102 2198 Ortu,
2120 2133 2362 2194 Meridie,
2385 2140 2441 2181 et
2464 2132 2712 2193 Occasu3

1648 2235 1678 2267 a
1732 2216 2118 2280 Septemtrioue
2179 2219 2352 2261 autem
2409 2212 2709 2260 Caucaseos

1646 2304 1845 2345 montes
1868 2308 2025 2358 usque
2051 2290 2115 2341 ad
2141 2291 2356 2353 Caspias
2381 2294 2592 2350 portas:
2620 2286 2710 2335 ub.

1645 2380 1816 2422 autem
1843 2386 1922 2421 xi.
1955 2367 2290 2419 Bactrianam
2314 2366 2478 2428 ipsam
2502 2373 2710 2426 partem

1648 2450 1720 2499 ait
1742 2462 1859 2498 esse
1892 2445 2205 2512 praecipuam
2230 2440 2458 2491 Arianae.
2532 2440 2713 2490 Quare

1647 2527 1722 2576 sic
1761 2525 1934 2575 Ariam
1971 2523 2035 2571 ab
2061 2521 2248 2569 Ariana
2280 2515 2522 2579 distingui
2559 2530 2713 2578 opor-

1648 2611 1747 2663 tet,
1772 2611 1825 2650 ut
1848 2608 2050 2665 partem
2077 2613 2108 2646 a
2132 2603 2260 2646 toto.
2302 2593 2419 2642 Scio
2439 2593 2582 2654 apud
2608 2591 2712 2640 Pli-

1649 2680 1785 2728 nium
1820 2687 1874 2726 et
1902 2676 2111 2738 Melam,
2142 2671 2449 2738 quandoque
2490 2676 2546 2716 et
2574 2669 2710 2732 apud

1650 2757 1954 2807 Strabonem
2025 2749 2402 2816 angustioribus
2461 2746 2711 2795 Arianam

1651 2833 1882 2883 terminis
1921 2829 2113 2890 claudi,
2147 2835 2201 2875 et
2233 2826 2299 2875 ab
2334 2824 2459 2874 Aria
2501 2823 2712 2885 penitus

1650 2909 1913 2971 distingui.
1959 2909 2155 2956 Verum
2179 2906 2278 2969 ista
2299 2898 2714 2964 conciliari‘que-

1649 2994 1776 3046 unt;
1811 2994 1867 3034 et
1901 2982 2107 3033 aliunde
2146 2995 2252 3030 non
2274 2977 2486 3027 difficile
2507 2976 2715 3025 ostendi

1650 3070 1825 3128 posset
1848 3068 2092 3124 corrupte
2114 3072 2255 3122 saepe
2281 3070 2372 3120 pro
2395 3055 2411 3082 ‘
2429 3052 2586 3102 Aria'
2610 3053 2716 3114 legi

1652 3142 1667 3169 ‘
1690 3137 1923 3200 Ariana,'
1966 3135 2255 3201 praesertim
2302 3132 2439 3195 apud
2484 3131 2714 3179 Plinium

1651 3218 1738 3267 lib.
1766 3230 1840 3265 vr.
1881 3230 1997 3278 cap.
2020 3217 2102 3263 23.
2143 3219 2198 3261 et
2231 3207 2367 3274 apud
2406 3206 2590 3257 Strab.
2627 3207 2714 3255 lib.

1654 3309 1747 3344 xv·
1773 3309 1892 3358 pag.
1909 3296 2024 3342 724.
2091 3289 2192 3339 Sed
2235 3301 2352 3337 cum
2381 3285 2592 3335 Arianae
2626 3299 2712 3334 no-

1652 3384 1767 3420 men
1799 3371 2012 3420 ductum
2047 3381 2163 3416 esse
2195 3365 2260 3414 ab
2283 3362 2413 3413 Aria
2454 3362 2714 3422 videatur,

1652 3462 1774 3498 vera
1795 3446 1965 3496 forsan
1985 3459 2142 3496 causa
2164 3459 2230 3493 ex
2256 3441 2440 3492 eodem
2462 3441 2710 3490 Strabone

1652 3523 1822 3588 repeti
1865 3527 2037 3587 potest
2061 3519 2153 3570 lib.
2176 3531 2272 3567 xv.
2320 3523 2334 3546 ⁸
2353 3515 2602 3578 Ariauae,'
2637 3516 2710 3565 in-

1653 3601 1781 3666 quit,
1803 3601 1819 3628 ‘
1840 3614 2024 3650 nomen
2048 3610 2206 3662 usque
2238 3596 2302 3645 ad
2328 3601 2533 3659 partem
2556 3609 2710 3660 quan·

1652 3680 1768 3728 dam
1794 3680 2089 3739 Persarum,
2112 3683 2166 3725 et
2190 3673 2486 3735 Medorum,
2510 3681 2565 3723 et
2587 3675 2707 3737 Sep-

1653 3756 2051 3806 temtrionalium
2094 3751 2443 3811 Bactriorum,
2482 3764 2546 3798 ac
2590 3752 2709 3814 Sog-

1653 3832 1919 3882 dianorum
1966 3829 2281 3880 extenditur.
2386 3828 2521 3877 Sunt
2576 3829 2707 3876 enim

1653 3911 1801 3975 quasi
1829 3909 2061 3972 ejusdem
2083 3908 2266 3971 linguae
2283 3907 2318 3955 ε’
2340 3905 2549 3956 Ariana».
2572 3906 2710 3954 vide-

1650 3988 1800 4049 licet,
1833 3988 1908 4036 sic
1941 3986 2092 4036 dictae
2128 3984 2192 4033 ab
2215 3982 2360 4043 Aria,
2384 3980 2706 4047 quemadmo-

1652 4064 1775 4113 dum
1799 4067 1814 4093 ‘
1836 4062 2051 4113 Latiua'
2075 4078 2104 4111 a
2127 4063 2143 4090 ‘
2166 4059 2353 4111 Latio.'

1716 4142 1741 4176 b
1775 4141 2063 4204 Agriaspas]
2097 4139 2256 4205 Apud
2281 4137 2569 4188 Diodorum
2593 4135 2703 4185 Ari-

1653 4221 1807 4283 maspi
1838 4219 2101 4277 dicuntur,
2125 4217 2415 4282 depravato
2448 4213 2584 4263 forte
2623 4227 2706 4261 vo·

1655 4297 1875 4348 cabulo:
1910 4311 2027 4347 nam
2049 4293 2349 4359 Arimaspos
2384 4293 2565 4358 procul
2591 4290 2700 4340 hinc
