<?xml version="1.0" encoding="UTF-8"?>
<!DOCTYPE html PUBLIC "-//W3C//DTD XHTML 1.0 Transitional//EN"
    "http://www.w3.org/TR/xhtml1/DTD/xhtml1-transitional.dtd">
<html xmlns="http://www.w3.org/1999/xhtml" xml:lang="en" lang="en">
 <head>
  <title>
</title>
<meta http-equiv="Content-Type" content="text/html;charset=utf-8" />
  <meta name='ocr-system' content='tesseract 3.04.00' />
  <meta name='ocr-capabilities' content='ocr_page ocr_carea ocr_par ocr_line ocrx_word'/>
</head>
<body>
  <div class='ocr_page' id='page_1' title='image "./quinticurtiiruf03rufugoog_0041.png"; bbox 0 0 2978 4933; ppageno 0'>
   <div class='ocr_carea' id='block_1_1' title="bbox 746 376 2449 477">
    <p class='ocr_par' dir='ltr' id='par_1_1' title="bbox 746 376 2449 477">
     <span class='ocr_line' id='line_1_1' title="bbox 746 376 2449 477; baseline 0.002 -14"><span class='ocrx_word' id='word_1_1' title='bbox 746 416 826 465; x_wconf 76' lang='lat' dir='ltr'><strong>m</strong></span> <span class='ocrx_word' id='word_1_2' title='bbox 877 414 1232 477; x_wconf 71' lang='lat' dir='ltr'><strong>Qumrun</strong></span> <span class='ocrx_word' id='word_1_3' title='bbox 1283 413 1631 464; x_wconf 68' lang='lat' dir='ltr'><strong>commu</strong></span> <span class='ocrx_word' id='word_1_4' title='bbox 1683 388 1973 464; x_wconf 59' lang='lat' dir='ltr'><strong>aurun.</strong></span> <span class='ocrx_word' id='word_1_5' title='bbox 2123 376 2128 391; x_wconf 71' lang='grc'><strong><em>’</em></strong></span> <span class='ocrx_word' id='word_1_6' title='bbox 2363 402 2449 466; x_wconf 88' lang='grc'><strong>17</strong></span> 
     </span>
    </p>
   </div>
   <div class='ocr_carea' id='block_1_2' title="bbox 248 552 2522 4220">
    <p class='ocr_par' dir='ltr' id='par_1_2' title="bbox 248 552 2460 1446">
     <span class='ocr_line' id='line_1_2' title="bbox 249 552 2448 647; baseline -0.001 -19"><span class='ocrx_word' id='word_1_7' title='bbox 249 582 404 628; x_wconf 75' lang='lat' dir='ltr'><strong>zevo</strong></span> <span class='ocrx_word' id='word_1_8' title='bbox 430 559 901 627; x_wconf 88' lang='lat' dir='ltr'><strong>Theodosiano</strong></span> <span class='ocrx_word' id='word_1_9' title='bbox 924 558 1181 628; x_wconf 80' lang='lat' dir='ltr'><strong>statuit.</strong></span> <span class='ocrx_word' id='word_1_10' title='bbox 1270 554 1795 627; x_wconf 83' lang='lat' dir='ltr'><strong>Recentioribus</strong></span> <span class='ocrx_word' id='word_1_11' title='bbox 1822 561 2090 627; x_wconf 88' lang='lat' dir='ltr'><strong>tandem</strong></span> <span class='ocrx_word' id='word_1_12' title='bbox 2129 552 2448 647; x_wconf 46' lang='lat' dir='ltr'><strong>tempori&amp;</strong></span> 
     </span>
     <span class='ocr_line' id='line_1_3' title="bbox 248 664 2447 749; baseline -0 -19"><span class='ocrx_word' id='word_1_13' title='bbox 248 667 382 730; x_wconf 90' lang='lat' dir='ltr'><strong>bus</strong></span> <span class='ocrx_word' id='word_1_14' title='bbox 410 684 560 731; x_wconf 90' lang='lat' dir='ltr'><strong>eam</strong></span> <span class='ocrx_word' id='word_1_15' title='bbox 589 685 732 729; x_wconf 87' lang='lat' dir='ltr'><strong>rem</strong></span> <span class='ocrx_word' id='word_1_16' title='bbox 760 666 1029 730; x_wconf 90' lang='lat' dir='ltr'><strong>uberius</strong></span> <span class='ocrx_word' id='word_1_17' title='bbox 1055 665 1404 749; x_wconf 84' lang='lat' dir='ltr'><strong>fusiusque</strong></span> <span class='ocrx_word' id='word_1_18' title='bbox 1441 664 1771 742; x_wconf 85' lang='lat' dir='ltr'><strong>tractavit,</strong></span> <span class='ocrx_word' id='word_1_19' title='bbox 1800 668 2020 746; x_wconf 89' lang='lat' dir='ltr'><strong>atque,</strong></span> <span class='ocrx_word' id='word_1_20' title='bbox 2062 673 2142 728; x_wconf 88' lang='lat' dir='ltr'><strong>ut</strong></span> <span class='ocrx_word' id='word_1_21' title='bbox 2184 685 2447 729; x_wconf 88' lang='lat' dir='ltr'><strong>omnem</strong></span> 
     </span>
     <span class='ocr_line' id='line_1_4' title="bbox 250 754 2452 847; baseline -0 -15"><span class='ocrx_word' id='word_1_22' title='bbox 250 767 528 832; x_wconf 83' lang='lat' dir='ltr'><strong>tandem</strong></span> <span class='ocrx_word' id='word_1_23' title='bbox 557 754 1071 844; x_wconf 79' lang='lat' dir='ltr'><strong>&#39;controversiam</strong></span> <span class='ocrx_word' id='word_1_24' title='bbox 1099 768 1463 847; x_wconf 83' lang='lat' dir='ltr'><strong>dirimeret,</strong></span> <span class='ocrx_word' id='word_1_25' title='bbox 1508 768 1748 831; x_wconf 81' lang='lat' dir='ltr'><strong>enixus</strong></span> <span class='ocrx_word' id='word_1_26' title='bbox 1776 774 1879 831; x_wconf 88' lang='lat' dir='ltr'><strong>est</strong></span> <span class='ocrx_word' id='word_1_27' title='bbox 1908 767 2030 845; x_wconf 86' lang='lat' dir='ltr'><strong>vir,</strong></span> <span class='ocrx_word' id='word_1_28' title='bbox 2078 786 2234 832; x_wconf 91' lang='lat' dir='ltr'><strong>cum</strong></span> <span class='ocrx_word' id='word_1_29' title='bbox 2264 767 2452 832; x_wconf 87' lang='lat' dir='ltr'><strong>illus·-</strong></span> 
     </span>
     <span class='ocr_line' id='line_1_5' title="bbox 249 868 2453 954; baseline -0.001 -20"><span class='ocrx_word' id='word_1_30' title='bbox 249 870 590 935; x_wconf 89' lang='lat' dir='ltr'><strong>trissimus</strong></span> <span class='ocrx_word' id='word_1_31' title='bbox 620 878 763 934; x_wconf 87' lang='lat' dir='ltr'><strong>tum</strong></span> <span class='ocrx_word' id='word_1_32' title='bbox 815 869 1277 948; x_wconf 79' lang='lat' dir='ltr'><strong>doctissimuS‚</strong></span> <span class='ocrx_word' id='word_1_33' title='bbox 1325 869 1627 935; x_wconf 75' lang='lat' dir='ltr'><strong>Ioannes</strong></span> <span class='ocrx_word' id='word_1_34' title='bbox 1677 868 2081 935; x_wconf 86' lang='lat' dir='ltr'><strong>Franciscus</strong></span> <span class='ocrx_word' id='word_1_35' title='bbox 2107 868 2453 954; x_wconf 82' lang='lat' dir='ltr'><strong>Josephus</strong></span> 
     </span>
     <span class='ocr_line' id='line_1_6' title="bbox 254 969 2453 1055; baseline -0.001 -18"><span class='ocrx_word' id='word_1_36' title='bbox 254 973 591 1055; x_wconf 78' lang='lat' dir='ltr'><strong>Bagnolo,</strong></span> <span class='ocrx_word' id='word_1_37' title='bbox 623 969 867 1036; x_wconf 91' lang='lat' dir='ltr'><strong>Comes</strong></span> <span class='ocrx_word' id='word_1_38' title='bbox 895 971 1131 1051; x_wconf 81' lang='lat' dir='ltr'><strong>ItaluS,</strong></span> <span class='ocrx_word' id='word_1_39' title='bbox 1164 974 1231 1036; x_wconf 88' lang='lat' dir='ltr'><strong>in</strong></span> <span class='ocrx_word' id='word_1_40' title='bbox 1257 973 1427 1038; x_wconf 92' lang='lat' dir='ltr'><strong>libro</strong></span> <span class='ocrx_word' id='word_1_41' title='bbox 1459 972 1798 1054; x_wconf 83' lang='lat' dir='ltr'><strong>singulari,</strong></span> <span class='ocrx_word' id='word_1_42' title='bbox 1838 991 2035 1055; x_wconf 89' lang='lat' dir='ltr'><strong>quem</strong></span> <span class='ocrx_word' id='word_1_43' title='bbox 2065 971 2453 1054; x_wconf 85' lang='lat' dir='ltr'><strong>inscripsit:</strong></span> 
     </span>
     <span class='ocr_line' id='line_1_7' title="bbox 254 1071 2459 1153; baseline -0.001 -15"><span class='ocrx_word' id='word_1_44' title='bbox 254 1079 277 1107; x_wconf 89' lang='lat'>‘</span> <span class='ocrx_word' id='word_1_45' title='bbox 305 1073 513 1138; x_wconf 91' lang='lat' dir='ltr'><strong>Della</strong></span> <span class='ocrx_word' id='word_1_46' title='bbox 541 1074 760 1140; x_wconf 88' lang='lat' dir='ltr'><strong>Gente</strong></span> <span class='ocrx_word' id='word_1_47' title='bbox 785 1072 1032 1139; x_wconf 84' lang='lat' dir='ltr'><strong>Curzia</strong></span> <span class='ocrx_word' id='word_1_48' title='bbox 1055 1092 1094 1138; x_wconf 89' lang='lat' dir='ltr'><strong>e</strong></span> <span class='ocrx_word' id='word_1_49' title='bbox 1122 1072 1273 1139; x_wconf 91' lang='lat' dir='ltr'><strong>dell&#39;</strong></span> <span class='ocrx_word' id='word_1_50' title='bbox 1302 1074 1431 1138; x_wconf 89' lang='lat' dir='ltr'><strong>Eta</strong></span> <span class='ocrx_word' id='word_1_51' title='bbox 1457 1075 1527 1138; x_wconf 91' lang='lat' dir='ltr'><strong>di</strong></span> <span class='ocrx_word' id='word_1_52' title='bbox 1559 1073 1647 1153; x_wconf 82' lang='lat' dir='ltr'><strong>Q.</strong></span> <span class='ocrx_word' id='word_1_53' title='bbox 1678 1071 1923 1138; x_wconf 86' lang='lat' dir='ltr'><strong>Curzio</strong></span> <span class='ocrx_word' id='word_1_54' title='bbox 1951 1071 2289 1138; x_wconf 88' lang='lat' dir='ltr'><strong>l&#39;Istorico</strong></span> <span class='ocrx_word' id='word_1_55' title='bbox 2315 1072 2459 1136; x_wconf 87' lang='lat' dir='ltr'><strong>Ra-</strong></span> 
     </span>
     <span class='ocr_line' id='line_1_8' title="bbox 257 1174 2457 1258; baseline -0 -18"><span class='ocrx_word' id='word_1_56' title='bbox 257 1174 732 1258; x_wconf 87' lang='lat' dir='ltr'><strong>gionamento.’</strong></span> <span class='ocrx_word' id='word_1_57' title='bbox 818 1175 1085 1241; x_wconf 90' lang='lat' dir='ltr'><strong>Prodiit</strong></span> <span class='ocrx_word' id='word_1_58' title='bbox 1111 1177 1221 1242; x_wconf 90' lang='lat' dir='ltr'><strong>hic</strong></span> <span class='ocrx_word' id='word_1_59' title='bbox 1250 1179 1422 1242; x_wconf 93' lang='lat' dir='ltr'><strong>liber</strong></span> <span class='ocrx_word' id='word_1_60' title='bbox 1454 1177 1782 1242; x_wconf 78' lang='lat' dir='ltr'><strong>Bononiae</strong></span> <span class='ocrx_word' id='word_1_61' title='bbox 1819 1191 2192 1239; x_wconf 75' lang='lat' dir='ltr'><strong>Moccxm.</strong></span> <span class='ocrx_word' id='word_1_62' title='bbox 2241 1176 2457 1240; x_wconf 86' lang='lat' dir='ltr'><strong>forma</strong></span> 
     </span>
     <span class='ocr_line' id='line_1_9' title="bbox 260 1276 2456 1364; baseline 0 -22"><span class='ocrx_word' id='word_1_63' title='bbox 260 1280 647 1358; x_wconf 75' lang='lat' dir='ltr'><strong>octonaria,</strong></span> <span class='ocrx_word' id='word_1_64' title='bbox 685 1285 1050 1364; x_wconf 81' lang='lat' dir='ltr'><strong>auctorque</strong></span> <span class='ocrx_word' id='word_1_65' title='bbox 1094 1277 1405 1348; x_wconf 82' lang='lat' dir='ltr'><strong>Curtium</strong></span> <span class='ocrx_word' id='word_1_66' title='bbox 1436 1279 1524 1344; x_wconf 90' lang='lat' dir='ltr'><strong>ad</strong></span> <span class='ocrx_word' id='word_1_67' title='bbox 1572 1278 2086 1345; x_wconf 86' lang='lat' dir='ltr'><strong>Constantinum</strong></span> <span class='ocrx_word' id='word_1_68' title='bbox 2134 1276 2456 1362; x_wconf 85' lang='lat' dir='ltr'><strong>Magnum</strong></span> 
     </span>
     <span class='ocr_line' id='line_1_10' title="bbox 262 1381 2460 1446; baseline 0.001 -3"><span class='ocrx_word' id='word_1_69' title='bbox 262 1381 557 1446; x_wconf 84' lang='lat' dir='ltr'><strong>reduxit.</strong></span> <span class='ocrx_word' id='word_1_70' title='bbox 1681 1392 1686 1397; x_wconf 82' lang='grc'><strong><em>’</em></strong></span> <span class='ocrx_word' id='word_1_71' title='bbox 2453 1390 2460 1397; x_wconf 78' lang='grc'><strong>“</strong></span> 
     </span>
    </p>

    <p class='ocr_par' dir='ltr' id='par_1_3' title="bbox 264 1482 2522 2872">
     <span class='ocr_line' id='line_1_11' title="bbox 357 1482 2463 1577; baseline -0.001 -29"><span class='ocrx_word' id='word_1_72' title='bbox 357 1482 668 1568; x_wconf 84' lang='lat' dir='ltr'><strong>Quisque</strong></span> <span class='ocrx_word' id='word_1_73' title='bbox 696 1483 930 1549; x_wconf 88' lang='lat' dir='ltr'><strong>horum</strong></span> <span class='ocrx_word' id='word_1_74' title='bbox 959 1493 1310 1551; x_wconf 88' lang='lat' dir='ltr'><strong>auctorum</strong></span> <span class='ocrx_word' id='word_1_75' title='bbox 1340 1484 1740 1577; x_wconf 63' lang='lat' dir='ltr'><strong>firmissimis</strong></span> <span class='ocrx_word' id='word_1_76' title='bbox 1759 1484 2173 1567; x_wconf 77' lang='lat' dir='ltr'><strong>argumentis</strong></span> <span class='ocrx_word' id='word_1_77' title='bbox 2204 1483 2463 1568; x_wconf 89' lang='lat' dir='ltr'><strong>placita</strong></span> 
     </span>
     <span class='ocr_line' id='line_1_12' title="bbox 269 1586 2463 1671; baseline 0.001 -23"><span class='ocrx_word' id='word_1_78' title='bbox 269 1604 398 1648; x_wconf 90' lang='lat' dir='ltr'><strong>sua</strong></span> <span class='ocrx_word' id='word_1_79' title='bbox 426 1586 683 1652; x_wconf 90' lang='lat' dir='ltr'><strong>munire</strong></span> <span class='ocrx_word' id='word_1_80' title='bbox 712 1593 915 1670; x_wconf 85' lang='lat' dir='ltr'><strong>atque</strong></span> <span class='ocrx_word' id='word_1_81' title='bbox 944 1589 1310 1671; x_wconf 88' lang='lat' dir='ltr'><strong>quemlibet</strong></span> <span class='ocrx_word' id='word_1_82' title='bbox 1349 1589 1418 1652; x_wconf 89' lang='lat' dir='ltr'><strong>in</strong></span> <span class='ocrx_word' id='word_1_83' title='bbox 1451 1589 1586 1652; x_wconf 86' lang='lat' dir='ltr'><strong>alia</strong></span> <span class='ocrx_word' id='word_1_84' title='bbox 1618 1587 1843 1651; x_wconf 91' lang='lat' dir='ltr'><strong>omnia</strong></span> <span class='ocrx_word' id='word_1_85' title='bbox 1872 1586 2332 1651; x_wconf 87' lang='lat' dir='ltr'><strong>discedentem</strong></span> <span class='ocrx_word' id='word_1_86' title='bbox 2361 1606 2463 1651; x_wconf 90' lang='lat' dir='ltr'><strong>re-</strong></span> 
     </span>
     <span class='ocr_line' id='line_1_13' title="bbox 264 1686 2467 1770; baseline 0 -20"><span class='ocrx_word' id='word_1_87' title='bbox 264 1686 494 1751; x_wconf 81' lang='lat' dir='ltr'><strong>fellere</strong></span> <span class='ocrx_word' id='word_1_88' title='bbox 523 1707 604 1751; x_wconf 91' lang='lat' dir='ltr'><strong>ac</strong></span> <span class='ocrx_word' id='word_1_89' title='bbox 633 1688 1025 1770; x_wconf 84' lang='lat' dir='ltr'><strong>redarguere</strong></span> <span class='ocrx_word' id='word_1_90' title='bbox 1071 1695 1351 1755; x_wconf 88' lang='lat' dir='ltr'><strong>conatus</strong></span> <span class='ocrx_word' id='word_1_91' title='bbox 1395 1695 1515 1754; x_wconf 88' lang='lat' dir='ltr'><strong>est.</strong></span> <span class='ocrx_word' id='word_1_92' title='bbox 1603 1688 1738 1752; x_wconf 88' lang='lat' dir='ltr'><strong>Sed</strong></span> <span class='ocrx_word' id='word_1_93' title='bbox 1773 1693 1954 1753; x_wconf 87' lang='lat' dir='ltr'><strong>tanta</strong></span> <span class='ocrx_word' id='word_1_94' title='bbox 1982 1687 2104 1756; x_wconf 87' lang='lat' dir='ltr'><strong>illa</strong></span> <span class='ocrx_word' id='word_1_95' title='bbox 2131 1696 2467 1753; x_wconf 85' lang='lat' dir='ltr'><strong>tantorum</strong></span> 
     </span>
     <span class='ocr_line' id='line_1_14' title="bbox 268 1789 2467 1875; baseline 0 -23"><span class='ocrx_word' id='word_1_96' title='bbox 268 1789 566 1853; x_wconf 85' lang='lat' dir='ltr'><strong>virorum</strong></span> <span class='ocrx_word' id='word_1_97' title='bbox 616 1789 952 1854; x_wconf 87' lang='lat' dir='ltr'><strong>dissensio</strong></span> <span class='ocrx_word' id='word_1_98' title='bbox 999 1791 1171 1855; x_wconf 88' lang='lat' dir='ltr'><strong>satis</strong></span> <span class='ocrx_word' id='word_1_99' title='bbox 1219 1792 1457 1875; x_wconf 84' lang='lat' dir='ltr'><strong>arguit,</strong></span> <span class='ocrx_word' id='word_1_100' title='bbox 1499 1799 1638 1859; x_wconf 86' lang='lat' dir='ltr'><strong>tam</strong></span> <span class='ocrx_word' id='word_1_101' title='bbox 1669 1789 2050 1874; x_wconf 85' lang='lat' dir='ltr'><strong>periculosa</strong></span> <span class='ocrx_word' id='word_1_102' title='bbox 2090 1798 2162 1855; x_wconf 88' lang='lat' dir='ltr'><strong>et</strong></span> <span class='ocrx_word' id='word_1_103' title='bbox 2203 1789 2467 1854; x_wconf 89' lang='lat' dir='ltr'><strong>lubrica</strong></span> 
     </span>
     <span class='ocr_line' id='line_1_15' title="bbox 271 1889 2467 1976; baseline 0 -23"><span class='ocrx_word' id='word_1_104' title='bbox 271 1910 375 1954; x_wconf 91' lang='lat' dir='ltr'><strong>res</strong></span> <span class='ocrx_word' id='word_1_105' title='bbox 407 1910 609 1972; x_wconf 87' lang='lat' dir='ltr'><strong>quam</strong></span> <span class='ocrx_word' id='word_1_106' title='bbox 647 1889 891 1956; x_wconf 90' lang='lat' dir='ltr'><strong>habeat</strong></span> <span class='ocrx_word' id='word_1_107' title='bbox 929 1891 1500 1971; x_wconf 85' lang='lat' dir='ltr'><strong>deliberationem,</strong></span> <span class='ocrx_word' id='word_1_108' title='bbox 1534 1903 1760 1976; x_wconf 89' lang='lat' dir='ltr'><strong>atque,</strong></span> <span class='ocrx_word' id='word_1_109' title='bbox 1789 1911 1876 1957; x_wconf 87' lang='lat' dir='ltr'><strong>ne</strong></span> <span class='ocrx_word' id='word_1_110' title='bbox 1914 1898 1983 1957; x_wconf 89' lang='lat' dir='ltr'><strong>et</strong></span> <span class='ocrx_word' id='word_1_111' title='bbox 2026 1891 2164 1975; x_wconf 90' lang='lat' dir='ltr'><strong>ipsi</strong></span> <span class='ocrx_word' id='word_1_112' title='bbox 2206 1894 2467 1976; x_wconf 89' lang='lat' dir='ltr'><strong>impetu</strong></span> 
     </span>
     <span class='ocr_line' id='line_1_16' title="bbox 271 1992 2465 2078; baseline 0 -23"><span class='ocrx_word' id='word_1_113' title='bbox 271 1997 396 2055; x_wconf 86' lang='lat' dir='ltr'><strong>aut</strong></span> <span class='ocrx_word' id='word_1_114' title='bbox 423 1992 790 2057; x_wconf 88' lang='lat' dir='ltr'><strong>temeritate</strong></span> <span class='ocrx_word' id='word_1_115' title='bbox 829 1993 1119 2076; x_wconf 87' lang='lat' dir='ltr'><strong>quadam</strong></span> <span class='ocrx_word' id='word_1_116' title='bbox 1160 1994 1483 2059; x_wconf 89' lang='lat' dir='ltr'><strong>ducamur</strong></span> <span class='ocrx_word' id='word_1_117' title='bbox 1521 1992 1609 2058; x_wconf 90' lang='lat' dir='ltr'><strong>ad</strong></span> <span class='ocrx_word' id='word_1_118' title='bbox 1627 1992 2092 2078; x_wconf 89' lang='lat' dir='ltr'><strong>judicandum,</strong></span> <span class='ocrx_word' id='word_1_119' title='bbox 2123 2013 2302 2076; x_wconf 89' lang='lat' dir='ltr'><strong>opus</strong></span> <span class='ocrx_word' id='word_1_120' title='bbox 2333 1999 2465 2070; x_wconf 89' lang='lat' dir='ltr'><strong>est,</strong></span> 
     </span>
     <span class='ocr_line' id='line_1_17' title="bbox 273 2094 2471 2180; baseline 0 -23"><span class='ocrx_word' id='word_1_121' title='bbox 273 2095 563 2177; x_wconf 89' lang='lat' dir='ltr'><strong>primum</strong></span> <span class='ocrx_word' id='word_1_122' title='bbox 601 2101 681 2158; x_wconf 89' lang='lat' dir='ltr'><strong>ut</strong></span> <span class='ocrx_word' id='word_1_123' title='bbox 715 2094 844 2159; x_wconf 85' lang='lat' dir='ltr'><strong>rite</strong></span> <span class='ocrx_word' id='word_1_124' title='bbox 878 2095 1396 2178; x_wconf 84' lang='lat' dir='ltr'><strong>perpendamuS,</strong></span> <span class='ocrx_word' id='word_1_125' title='bbox 1426 2096 1592 2180; x_wconf 91' lang='lat' dir='ltr'><strong>quid</strong></span> <span class='ocrx_word' id='word_1_126' title='bbox 1619 2096 1756 2161; x_wconf 93' lang='lat' dir='ltr'><strong>loci</strong></span> <span class='ocrx_word' id='word_1_127' title='bbox 1799 2095 1910 2160; x_wconf 86' lang='lat' dir='ltr'><strong>isti</strong></span> <span class='ocrx_word' id='word_1_128' title='bbox 1941 2094 2154 2160; x_wconf 88' lang='lat' dir='ltr'><strong>Curtii</strong></span> <span class='ocrx_word' id='word_1_129' title='bbox 2189 2095 2320 2159; x_wconf 89' lang='lat' dir='ltr'><strong>sibi</strong></span> <span class='ocrx_word' id='word_1_130' title='bbox 2355 2102 2471 2159; x_wconf 86' lang='lat' dir='ltr'><strong>ve-&#39;</strong></span> 
     </span>
     <span class='ocr_line' id='line_1_18' title="bbox 272 2194 2472 2280; baseline 0 -21"><span class='ocrx_word' id='word_1_131' title='bbox 272 2195 417 2274; x_wconf 84' lang='lat' dir='ltr'><strong>lint,</strong></span> <span class='ocrx_word' id='word_1_132' title='bbox 450 2194 695 2259; x_wconf 87' lang='lat' dir='ltr'><strong>deinde</strong></span> <span class='ocrx_word' id='word_1_133' title='bbox 728 2202 798 2260; x_wconf 89' lang='lat' dir='ltr'><strong>ut</strong></span> <span class='ocrx_word' id='word_1_134' title='bbox 826 2215 978 2260; x_wconf 91' lang='lat' dir='ltr'><strong>cum</strong></span> <span class='ocrx_word' id='word_1_135' title='bbox 1010 2215 1173 2260; x_wconf 88' lang='lat' dir='ltr'><strong>cura</strong></span> <span class='ocrx_word' id='word_1_136' title='bbox 1203 2217 1283 2261; x_wconf 94' lang='lat' dir='ltr'><strong>ac</strong></span> <span class='ocrx_word' id='word_1_137' title='bbox 1312 2197 1657 2280; x_wconf 85' lang='lat' dir='ltr'><strong>diligentia</strong></span> <span class='ocrx_word' id='word_1_138' title='bbox 1689 2196 2068 2261; x_wconf 86' lang='lat' dir='ltr'><strong>Historiam</strong></span> <span class='ocrx_word' id='word_1_139' title='bbox 2097 2197 2472 2280; x_wconf 89' lang='lat' dir='ltr'><strong>Imperato-</strong></span> 
     </span>
     <span class='ocr_line' id='line_1_19' title="bbox 275 2296 2473 2383; baseline 0 -23"><span class='ocrx_word' id='word_1_140' title='bbox 275 2316 421 2360; x_wconf 88' lang='lat' dir='ltr'><strong>rum</strong></span> <span class='ocrx_word' id='word_1_141' title='bbox 449 2296 740 2374; x_wconf 87' lang='lat' dir='ltr'><strong>illorum,</strong></span> <span class='ocrx_word' id='word_1_142' title='bbox 769 2316 807 2359; x_wconf 93' lang='lat' dir='ltr'><strong>e</strong></span> <span class='ocrx_word' id='word_1_143' title='bbox 835 2297 1081 2381; x_wconf 87' lang='lat' dir='ltr'><strong>quibus</strong></span> <span class='ocrx_word' id='word_1_144' title='bbox 1123 2299 1513 2383; x_wconf 88' lang='lat' dir='ltr'><strong>quempiam</strong></span> <span class='ocrx_word' id='word_1_145' title='bbox 1539 2297 1889 2381; x_wconf 86' lang='lat' dir='ltr'><strong>designare</strong></span> <span class='ocrx_word' id='word_1_146' title='bbox 1919 2300 2147 2382; x_wconf 88' lang='lat' dir='ltr'><strong>potuit</strong></span> <span class='ocrx_word' id='word_1_147' title='bbox 2177 2300 2473 2375; x_wconf 78' lang='lat' dir='ltr'><strong>CurtiuS,</strong></span> 
     </span>
     <span class='ocr_line' id='line_1_20' title="bbox 277 2399 2474 2485; baseline 0 -24"><span class='ocrx_word' id='word_1_148' title='bbox 277 2399 743 2482; x_wconf 84' lang='lat' dir='ltr'><strong>inspiciamus.</strong></span> <span class='ocrx_word' id='word_1_149' title='bbox 831 2399 1013 2462; x_wconf 89' lang='lat' dir='ltr'><strong>Nam</strong></span> <span class='ocrx_word' id='word_1_150' title='bbox 1071 2401 1362 2482; x_wconf 85' lang='lat' dir='ltr'><strong>cognitis</strong></span> <span class='ocrx_word' id='word_1_151' title='bbox 1421 2401 1687 2464; x_wconf 90' lang='lat' dir='ltr'><strong>demum</strong></span> <span class='ocrx_word' id='word_1_152' title='bbox 1750 2402 2253 2485; x_wconf 86' lang='lat' dir='ltr'><strong>perspectisque</strong></span> <span class='ocrx_word' id='word_1_153' title='bbox 2309 2399 2474 2465; x_wconf 86' lang='lat' dir='ltr'><strong>vitis</strong></span> 
     </span>
     <span class='ocr_line' id='line_1_21' title="bbox 279 2502 2476 2588; baseline 0.002 -24"><span class='ocrx_word' id='word_1_154' title='bbox 279 2502 712 2585; x_wconf 90' lang='lat' dir='ltr'><strong>moribusque</strong></span> <span class='ocrx_word' id='word_1_155' title='bbox 738 2503 971 2566; x_wconf 90' lang='lat' dir='ltr'><strong>horum</strong></span> <span class='ocrx_word' id='word_1_156' title='bbox 1001 2502 1382 2585; x_wconf 89' lang='lat' dir='ltr'><strong>principum</strong></span> <span class='ocrx_word' id='word_1_157' title='bbox 1412 2504 1582 2567; x_wconf 89' lang='lat' dir='ltr'><strong>bene</strong></span> <span class='ocrx_word' id='word_1_158' title='bbox 1605 2514 1922 2587; x_wconf 90' lang='lat' dir='ltr'><strong>recteque</strong></span> <span class='ocrx_word' id='word_1_159' title='bbox 1948 2503 2284 2588; x_wconf 88' lang='lat' dir='ltr'><strong>conjicere</strong></span> <span class='ocrx_word' id='word_1_160' title='bbox 2309 2522 2476 2587; x_wconf 91' lang='lat' dir='ltr'><strong>pos-</strong></span> 
     </span>
     <span class='ocr_line' id='line_1_22' title="bbox 281 2603 2472 2689; baseline 0 -22"><span class='ocrx_word' id='word_1_161' title='bbox 281 2622 534 2681; x_wconf 84' lang='lat' dir='ltr'><strong>sumuS,</strong></span> <span class='ocrx_word' id='word_1_162' title='bbox 567 2605 841 2687; x_wconf 85' lang='lat' dir='ltr'><strong>quinam</strong></span> <span class='ocrx_word' id='word_1_163' title='bbox 889 2605 1153 2669; x_wconf 88' lang='lat' dir='ltr'><strong>illorum</strong></span> <span class='ocrx_word' id='word_1_164' title='bbox 1206 2603 1459 2683; x_wconf 88' lang='lat' dir='ltr'><strong>Curtio,</strong></span> <span class='ocrx_word' id='word_1_165' title='bbox 1487 2604 1876 2669; x_wconf 80' lang='lat' dir='ltr'><strong>felicitatem</strong></span> <span class='ocrx_word' id='word_1_166' title='bbox 1922 2605 2265 2689; x_wconf 90' lang='lat' dir='ltr'><strong>publicam</strong></span> <span class='ocrx_word' id='word_1_167' title='bbox 2312 2624 2472 2669; x_wconf 91' lang='lat' dir='ltr'><strong>con-</strong></span> 
     </span>
     <span class='ocr_line' id='line_1_23' title="bbox 282 2705 2522 2790; baseline 0 -22"><span class='ocrx_word' id='word_1_168' title='bbox 282 2706 633 2788; x_wconf 87' lang='lat' dir='ltr'><strong>templanti</strong></span> <span class='ocrx_word' id='word_1_169' title='bbox 661 2706 1054 2790; x_wconf 84' lang='lat' dir='ltr'><strong>civibusque</strong></span> <span class='ocrx_word' id='word_1_170' title='bbox 1095 2705 1603 2788; x_wconf 86' lang='lat' dir='ltr'><strong>congratulanti,</strong></span> <span class='ocrx_word' id='word_1_171' title='bbox 1634 2713 1786 2771; x_wconf 88' lang='lat' dir='ltr'><strong>ante</strong></span> <span class='ocrx_word' id='word_1_172' title='bbox 1828 2705 2066 2770; x_wconf 90' lang='lat' dir='ltr'><strong>oculos</strong></span> <span class='ocrx_word' id='word_1_173' title='bbox 2101 2705 2192 2771; x_wconf 86' lang='lat' dir='ltr'><strong>sit</strong></span> <span class='ocrx_word' id='word_1_174' title='bbox 2235 2706 2477 2770; x_wconf 86' lang='lat' dir='ltr'><strong>obver-</strong></span> <span class='ocrx_word' id='word_1_175' title='bbox 2519 2719 2522 2724; x_wconf 84' lang='grc'><strong><em>·</em></strong></span> 
     </span>
     <span class='ocr_line' id='line_1_24' title="bbox 284 2814 605 2872; baseline 0.006 -2"><span class='ocrx_word' id='word_1_176' title='bbox 284 2814 502 2872; x_wconf 75' lang='lat' dir='ltr'><strong>satus·</strong></span> <span class='ocrx_word' id='word_1_177' title='bbox 602 2859 605 2862; x_wconf 89' lang='lat'>.</span> 
     </span>
    </p>

    <p class='ocr_par' dir='ltr' id='par_1_4' title="bbox 285 2906 2512 4112">
     <span class='ocr_line' id='line_1_25' title="bbox 367 2906 2476 2996; baseline 0.002 -25"><span class='ocrx_word' id='word_1_178' title='bbox 367 2906 481 2973; x_wconf 88' lang='lat' dir='ltr'><strong>Ad</strong></span> <span class='ocrx_word' id='word_1_179' title='bbox 525 2910 817 2993; x_wconf 86' lang='lat' dir='ltr'><strong>priorem</strong></span> <span class='ocrx_word' id='word_1_180' title='bbox 845 2912 1024 2995; x_wconf 90' lang='lat' dir='ltr'><strong>quod</strong></span> <span class='ocrx_word' id='word_1_181' title='bbox 1055 2913 1289 2978; x_wconf 86' lang='lat' dir='ltr'><strong>attinet</strong></span> <span class='ocrx_word' id='word_1_182' title='bbox 1329 2912 1555 2977; x_wconf 91' lang='lat' dir='ltr'><strong>locum</strong></span> <span class='ocrx_word' id='word_1_183' title='bbox 1588 2930 1687 2977; x_wconf 82' lang='grc' dir='ltr'><strong>ιν.</strong></span> <span class='ocrx_word' id='word_1_184' title='bbox 1715 2915 1781 2978; x_wconf 89' lang='grc'><strong>4.</strong></span> <span class='ocrx_word' id='word_1_185' title='bbox 1811 2912 1926 2977; x_wconf 88' lang='lat' dir='ltr'><strong>fin.</strong></span> <span class='ocrx_word' id='word_1_186' title='bbox 1950 2912 2264 2996; x_wconf 89' lang='lat' dir='ltr'><strong>equidem</strong></span> <span class='ocrx_word' id='word_1_187' title='bbox 2295 2910 2476 2990; x_wconf 88' lang='lat' dir='ltr'><strong>inde,</strong></span> 
     </span>
     <span class='ocr_line' id='line_1_26' title="bbox 285 3009 2479 3106; baseline 0.001 -32"><span class='ocrx_word' id='word_1_188' title='bbox 285 3009 471 3094; x_wconf 87' lang='lat' dir='ltr'><strong>quod</strong></span> <span class='ocrx_word' id='word_1_189' title='bbox 497 3013 585 3076; x_wconf 92' lang='lat' dir='ltr'><strong>ad</strong></span> <span class='ocrx_word' id='word_1_190' title='bbox 627 3021 896 3079; x_wconf 78' lang='lat' dir='ltr'><strong>aetatem</strong></span> <span class='ocrx_word' id='word_1_191' title='bbox 934 3014 1156 3080; x_wconf 87' lang='lat' dir='ltr'><strong>Curtii</strong></span> <span class='ocrx_word' id='word_1_192' title='bbox 1189 3014 1635 3106; x_wconf 71' lang='lat' dir='ltr'><strong>deliniendam</strong></span> <span class='ocrx_word' id='word_1_193' title='bbox 1677 3016 2026 3099; x_wconf 86' lang='lat' dir='ltr'><strong>pertineat,</strong></span> <span class='ocrx_word' id='word_1_194' title='bbox 2057 3014 2222 3079; x_wconf 89' lang='lat' dir='ltr'><strong>nihil</strong></span> <span class='ocrx_word' id='word_1_195' title='bbox 2252 3021 2479 3078; x_wconf 81' lang='lat' dir='ltr'><strong>extor-</strong></span> 
     </span>
     <span class='ocr_line' id='line_1_27' title="bbox 285 3109 2481 3201; baseline 0.001 -26"><span class='ocrx_word' id='word_1_196' title='bbox 285 3131 489 3194; x_wconf 90' lang='lat' dir='ltr'><strong>quere</strong></span> <span class='ocrx_word' id='word_1_197' title='bbox 516 3133 820 3197; x_wconf 87' lang='lat' dir='ltr'><strong>possum,</strong></span> <span class='ocrx_word' id='word_1_198' title='bbox 846 3136 1048 3199; x_wconf 90' lang='lat' dir='ltr'><strong>quam</strong></span> <span class='ocrx_word' id='word_1_199' title='bbox 1077 3109 1348 3182; x_wconf 78' lang='lat' dir='ltr'><strong>Curtius</strong></span> <span class='ocrx_word' id='word_1_200' title='bbox 1384 3122 1548 3201; x_wconf 88' lang='lat' dir='ltr'><strong>post</strong></span> <span class='ocrx_word' id='word_1_201' title='bbox 1584 3116 1908 3181; x_wconf 90' lang='lat' dir='ltr'><strong>Severum</strong></span> <span class='ocrx_word' id='word_1_202' title='bbox 1937 3117 2135 3194; x_wconf 84' lang='lat' dir='ltr'><strong>vixit,</strong></span> <span class='ocrx_word' id='word_1_203' title='bbox 2162 3134 2314 3180; x_wconf 92' lang='lat' dir='ltr'><strong>cum</strong></span> <span class='ocrx_word' id='word_1_204' title='bbox 2345 3115 2481 3178; x_wconf 86' lang='lat' dir='ltr'><strong>ista</strong></span> 
     </span>
     <span class='ocr_line' id='line_1_28' title="bbox 285 3216 2482 3302; baseline 0.001 -24"><span class='ocrx_word' id='word_1_205' title='bbox 285 3217 306 3246; x_wconf 78' lang='lat'>⁸</span> <span class='ocrx_word' id='word_1_206' title='bbox 330 3216 778 3281; x_wconf 86' lang='lat' dir='ltr'><strong>mansuetudo</strong></span> <span class='ocrx_word' id='word_1_207' title='bbox 827 3217 1173 3283; x_wconf 87' lang='lat' dir='ltr'><strong>Romana’</strong></span> <span class='ocrx_word' id='word_1_208' title='bbox 1220 3220 1342 3283; x_wconf 82' lang='lat' dir='ltr'><strong>vix</strong></span> <span class='ocrx_word' id='word_1_209' title='bbox 1386 3220 1525 3285; x_wconf 90' lang='lat' dir='ltr'><strong>alia</strong></span> <span class='ocrx_word' id='word_1_210' title='bbox 1564 3238 1720 3282; x_wconf 90' lang='lat' dir='ltr'><strong>esse</strong></span> <span class='ocrx_word' id='word_1_211' title='bbox 1757 3220 2003 3302; x_wconf 88' lang='lat' dir='ltr'><strong>possit,</strong></span> <span class='ocrx_word' id='word_1_212' title='bbox 2023 3221 2026 3222; x_wconf 69' lang='grc'>’</span> <span class='ocrx_word' id='word_1_213' title='bbox 2048 3237 2245 3302; x_wconf 90' lang='lat' dir='ltr'><strong>quam</strong></span> <span class='ocrx_word' id='word_1_214' title='bbox 2285 3217 2482 3302; x_wconf 88' lang='lat' dir='ltr'><strong>hujus</strong></span> 
     </span>
     <span class='ocr_line' id='line_1_29' title="bbox 288 3313 2482 3402; baseline 0.001 -23"><span class='ocrx_word' id='word_1_215' title='bbox 288 3313 741 3399; x_wconf 81' lang='lat' dir='ltr'><strong>ImperatoriS,</strong></span> <span class='ocrx_word' id='word_1_216' title='bbox 789 3319 907 3402; x_wconf 89' lang='lat' dir='ltr'><strong>qni</strong></span> <span class='ocrx_word' id='word_1_217' title='bbox 940 3320 1072 3385; x_wconf 85' lang='lat' dir='ltr'><strong>Jus</strong></span> <span class='ocrx_word' id='word_1_218' title='bbox 1119 3321 1434 3387; x_wconf 85' lang='lat' dir='ltr'><strong>Italicum</strong></span> <span class='ocrx_word' id='word_1_219' title='bbox 1461 3321 1691 3401; x_wconf 85' lang='lat' dir='ltr'><strong>Tyriis</strong></span> <span class='ocrx_word' id='word_1_220' title='bbox 1721 3321 2075 3387; x_wconf 89' lang='lat' dir='ltr'><strong>concessit.</strong></span> <span class='ocrx_word' id='word_1_221' title='bbox 2165 3320 2482 3384; x_wconf 87' lang='lat' dir='ltr'><strong>Ceterum</strong></span> 
     </span>
     <span class='ocr_line' id='line_1_30' title="bbox 287 3418 2486 3505; baseline 0 -23"><span class='ocrx_word' id='word_1_222' title='bbox 287 3437 395 3482; x_wconf 89' lang='lat' dir='ltr'><strong>me</strong></span> <span class='ocrx_word' id='word_1_223' title='bbox 410 3418 649 3502; x_wconf 87' lang='lat' dir='ltr'><strong>judice</strong></span> <span class='ocrx_word' id='word_1_224' title='bbox 679 3420 895 3498; x_wconf 80' lang='lat' dir='ltr'><strong>locuS,</strong></span> <span class='ocrx_word' id='word_1_225' title='bbox 927 3442 1123 3505; x_wconf 89' lang='lat' dir='ltr'><strong>quem</strong></span> <span class='ocrx_word' id='word_1_226' title='bbox 1153 3430 1424 3501; x_wconf 83' lang='lat' dir='ltr'><strong>vocant,</strong></span> <span class='ocrx_word' id='word_1_227' title='bbox 1457 3423 1831 3487; x_wconf 88' lang='lat' dir='ltr'><strong>communis</strong></span> <span class='ocrx_word' id='word_1_228' title='bbox 1860 3423 2260 3505; x_wconf 88' lang='lat' dir='ltr'><strong>minimeque</strong></span> <span class='ocrx_word' id='word_1_229' title='bbox 2297 3426 2317 3456; x_wconf 86' lang='lat'>‘</span> <span class='ocrx_word' id='word_1_230' title='bbox 2339 3421 2486 3484; x_wconf 86' lang='lat' dir='ltr'><strong>lon-</strong></span> 
     </span>
     <span class='ocr_line' id='line_1_31' title="bbox 292 3522 2484 3608; baseline -0 -21"><span class='ocrx_word' id='word_1_231' title='bbox 292 3540 377 3601; x_wconf 83' lang='lat' dir='ltr'><strong>ga</strong></span> <span class='ocrx_word' id='word_1_232' title='bbox 401 3522 577 3605; x_wconf 85' lang='lat' dir='ltr'><strong>pax’</strong></span> <span class='ocrx_word' id='word_1_233' title='bbox 611 3523 695 3587; x_wconf 91' lang='lat' dir='ltr'><strong>ad</strong></span> <span class='ocrx_word' id='word_1_234' title='bbox 727 3525 1079 3608; x_wconf 88' lang='lat' dir='ltr'><strong>imperium</strong></span> <span class='ocrx_word' id='word_1_235' title='bbox 1124 3524 1509 3591; x_wconf 87' lang='lat' dir='ltr'><strong>Romanum</strong></span> <span class='ocrx_word' id='word_1_236' title='bbox 1554 3526 1941 3590; x_wconf 83' lang='lat' dir='ltr'><strong>universum</strong></span> <span class='ocrx_word' id='word_1_237' title='bbox 1969 3524 2313 3590; x_wconf 85' lang='lat' dir='ltr'><strong>referenda</strong></span> <span class='ocrx_word' id='word_1_238' title='bbox 2357 3526 2484 3599; x_wconf 87' lang='lat' dir='ltr'><strong>est,</strong></span> 
     </span>
     <span class='ocr_line' id='line_1_32' title="bbox 295 3622 2486 3708; baseline 0.001 -23"><span class='ocrx_word' id='word_1_239' title='bbox 295 3622 675 3708; x_wconf 89' lang='lat' dir='ltr'><strong>sed-potius</strong></span> <span class='ocrx_word' id='word_1_240' title='bbox 707 3626 851 3691; x_wconf 83' lang='lat' dir='ltr'><strong>baec</strong></span> <span class='ocrx_word' id='word_1_241' title='bbox 892 3625 1033 3692; x_wconf 82' lang='lat' dir='ltr'><strong>fere</strong></span> <span class='ocrx_word' id='word_1_242' title='bbox 1078 3627 1377 3692; x_wconf 88' lang='lat' dir='ltr'><strong>voluisse</strong></span> <span class='ocrx_word' id='word_1_243' title='bbox 1424 3628 1558 3692; x_wconf 90' lang='lat' dir='ltr'><strong>sibi</strong></span> <span class='ocrx_word' id='word_1_244' title='bbox 1603 3625 1867 3692; x_wconf 86' lang='lat' dir='ltr'><strong>videtur</strong></span> <span class='ocrx_word' id='word_1_245' title='bbox 1903 3624 2220 3691; x_wconf 84' lang='lat' dir='ltr'><strong>Curtius:</strong></span> <span class='ocrx_word' id='word_1_246' title='bbox 2266 3624 2486 3708; x_wconf 84' lang='lat' dir='ltr'><strong>Tyrus</strong></span> 
     </span>
     <span class='ocr_line' id='line_1_33' title="bbox 293 3726 2512 3816; baseline 0.001 -28"><span class='ocrx_word' id='word_1_247' title='bbox 293 3731 452 3807; x_wconf 87' lang='lat' dir='ltr'><strong>post</strong></span> <span class='ocrx_word' id='word_1_248' title='bbox 479 3726 827 3793; x_wconf 79' lang='lat' dir='ltr'><strong>excidium</strong></span> <span class='ocrx_word' id='word_1_249' title='bbox 854 3736 1086 3793; x_wconf 85' lang='lat' dir='ltr'><strong>renata</strong></span> <span class='ocrx_word' id='word_1_250' title='bbox 1123 3732 1462 3816; x_wconf 87' lang='lat' dir='ltr'><strong>nullisque</strong></span> <span class='ocrx_word' id='word_1_251' title='bbox 1498 3731 1787 3814; x_wconf 88' lang='lat' dir='ltr'><strong>amplius</strong></span> <span class='ocrx_word' id='word_1_252' title='bbox 1828 3729 2143 3794; x_wconf 87' lang='lat' dir='ltr'><strong>hostibus</strong></span> <span class='ocrx_word' id='word_1_253' title='bbox 2171 3727 2512 3792; x_wconf 72' lang='lat' dir='ltr'><strong>infestata‘</strong></span> 
     </span>
     <span class='ocr_line' id='line_1_34' title="bbox 296 3827 2490 3916; baseline 0.001 -26"><span class='ocrx_word' id='word_1_254' title='bbox 296 3827 427 3892; x_wconf 85' lang='lat' dir='ltr'><strong>cito</strong></span> <span class='ocrx_word' id='word_1_255' title='bbox 456 3829 748 3909; x_wconf 88' lang='lat' dir='ltr'><strong>reviruit,</strong></span> <span class='ocrx_word' id='word_1_256' title='bbox 780 3830 1108 3914; x_wconf 90' lang='lat' dir='ltr'><strong>siquidem</strong></span> <span class='ocrx_word' id='word_1_257' title='bbox 1135 3831 1333 3915; x_wconf 84' lang='lat' dir='ltr'><strong>longa</strong></span> <span class='ocrx_word' id='word_1_258' title='bbox 1359 3853 1503 3916; x_wconf 85' lang='lat' dir='ltr'><strong>pax</strong></span> <span class='ocrx_word' id='word_1_259' title='bbox 1534 3836 1779 3896; x_wconf 83' lang='lat' dir='ltr'><strong>cuncta</strong></span> <span class='ocrx_word' id='word_1_260' title='bbox 1807 3830 2083 3909; x_wconf 86' lang='lat' dir='ltr'><strong>refovet,</strong></span> <span class='ocrx_word' id='word_1_261' title='bbox 2113 3829 2349 3915; x_wconf 90' lang='lat' dir='ltr'><strong>quidni</strong></span> <span class='ocrx_word' id='word_1_262' title='bbox 2380 3849 2490 3894; x_wconf 86' lang='lat' dir='ltr'><strong>ur-</strong></span> 
     </span>
     <span class='ocr_line' id='line_1_35' title="bbox 295 3929 2489 4020; baseline 0.002 -28"><span class='ocrx_word' id='word_1_263' title='bbox 295 3929 448 3993; x_wconf 88' lang='lat' dir='ltr'><strong>bem</strong></span> <span class='ocrx_word' id='word_1_264' title='bbox 474 3931 698 4010; x_wconf 91' lang='lat' dir='ltr'><strong>talem,</strong></span> <span class='ocrx_word' id='word_1_265' title='bbox 730 3933 819 3997; x_wconf 89' lang='lat' dir='ltr'><strong>ad</strong></span> <span class='ocrx_word' id='word_1_266' title='bbox 850 3953 1019 4018; x_wconf 89' lang='lat' dir='ltr'><strong>opes</strong></span> <span class='ocrx_word' id='word_1_267' title='bbox 1048 3937 1545 4020; x_wconf 86' lang='lat' dir='ltr'><strong>recuperandas</strong></span> <span class='ocrx_word' id='word_1_268' title='bbox 1586 3943 1794 4016; x_wconf 87' lang='lat' dir='ltr'><strong>atque</strong></span> <span class='ocrx_word' id='word_1_269' title='bbox 1828 3933 2169 4016; x_wconf 89' lang='lat' dir='ltr'><strong>augendas</strong></span> <span class='ocrx_word' id='word_1_270' title='bbox 2198 3939 2335 3998; x_wconf 90' lang='lat' dir='ltr'><strong>tam</strong></span> <span class='ocrx_word' id='word_1_271' title='bbox 2366 3952 2489 4017; x_wconf 92' lang='lat' dir='ltr'><strong>op-</strong></span> 
     </span>
     <span class='ocr_line' id='line_1_36' title="bbox 298 4034 850 4112; baseline 0.007 -17"><span class='ocrx_word' id='word_1_272' title='bbox 298 4037 576 4112; x_wconf 85' lang='lat' dir='ltr'><strong>portune</strong></span> <span class='ocrx_word' id='word_1_273' title='bbox 604 4034 850 4100; x_wconf 68' lang='lat' dir='ltr'><strong>sitam?</strong></span> 
     </span>
    </p>

    <p class='ocr_par' dir='ltr' id='par_1_5' title="bbox 332 4132 2492 4220">
     <span class='ocr_line' id='line_1_37' title="bbox 332 4132 2492 4220; baseline 0.002 -23"><span class='ocrx_word' id='word_1_274' title='bbox 332 4217 336 4219; x_wconf 7' lang='lat' dir='ltr'>Y</span> <span class='ocrx_word' id='word_1_275' title='bbox 387 4132 552 4220; x_wconf 82' lang='lat' dir='ltr'><strong>Plus</strong></span> <span class='ocrx_word' id='word_1_276' title='bbox 582 4136 825 4201; x_wconf 82' lang='lat' dir='ltr'><strong>auxilii</strong></span> <span class='ocrx_word' id='word_1_277' title='bbox 872 4138 1063 4203; x_wconf 89' lang='lat' dir='ltr'><strong>locus</strong></span> <span class='ocrx_word' id='word_1_278' title='bbox 1093 4140 1263 4206; x_wconf 88' lang='lat' dir='ltr'><strong>alter</strong></span> <span class='ocrx_word' id='word_1_279' title='bbox 1302 4156 1382 4206; x_wconf 77' lang='lat' dir='ltr'><strong>x,</strong></span> <span class='ocrx_word' id='word_1_280' title='bbox 1416 4143 1480 4207; x_wconf 89' lang='grc'><strong>9.</strong></span> <span class='ocrx_word' id='word_1_281' title='bbox 1525 4141 1596 4206; x_wconf 86' lang='grc'><strong>3.</strong></span> <span class='ocrx_word' id='word_1_282' title='bbox 1635 4139 1847 4218; x_wconf 87' lang='lat' dir='ltr'><strong>affert,</strong></span> <span class='ocrx_word' id='word_1_283' title='bbox 1877 4141 1936 4205; x_wconf 92' lang='lat' dir='ltr'><strong>si</strong></span> <span class='ocrx_word' id='word_1_284' title='bbox 1977 4160 2118 4206; x_wconf 77' lang='lat' dir='ltr'><strong>non</strong></span> <span class='ocrx_word' id='word_1_285' title='bbox 2156 4140 2243 4204; x_wconf 92' lang='lat' dir='ltr'><strong>ad</strong></span> <span class='ocrx_word' id='word_1_286' title='bbox 2290 4139 2492 4205; x_wconf 76' lang='lat' dir='ltr'><strong>extri-</strong></span> 
     </span>
    </p>
   </div>
   <div class='ocr_carea' id='block_1_3' title="bbox 303 4234 2490 4411">
    <p class='ocr_par' dir='ltr' id='par_1_6' title="bbox 303 4234 2490 4411">
     <span class='ocr_line' id='line_1_38' title="bbox 303 4234 2490 4327; baseline 0.004 -31"><span class='ocrx_word' id='word_1_287' title='bbox 303 4234 580 4300; x_wconf 86' lang='lat' dir='ltr'><strong>caudam</strong></span> <span class='ocrx_word' id='word_1_288' title='bbox 609 4237 962 4327; x_wconf 12' lang='lat' dir='ltr'><strong>veri-tatem</strong></span> <span class='ocrx_word' id='word_1_289' title='bbox 1001 4240 1203 4307; x_wconf 25' lang='lat' dir='ltr'><strong>haud,</strong></span> <span class='ocrx_word' id='word_1_290' title='bbox 1226 4242 1683 4324; x_wconf 82' lang='lat' dir='ltr'><strong>dubitandam,</strong></span> <span class='ocrx_word' id='word_1_291' title='bbox 1715 4242 1801 4307; x_wconf 88' lang='lat' dir='ltr'><strong>ad</strong></span> <span class='ocrx_word' id='word_1_292' title='bbox 1843 4242 2261 4326; x_wconf 88' lang='lat' dir='ltr'><strong>conjecturas</strong></span> <span class='ocrx_word' id='word_1_293' title='bbox 2310 4246 2490 4308; x_wconf 78' lang='lat' dir='ltr'><strong>certe</strong></span> 
     </span>
     <span class='ocr_line' id='line_1_39' title="bbox 432 4345 2361 4411; baseline 0.006 -14"><span class='ocrx_word' id='word_1_294' title='bbox 432 4345 607 4411; x_wconf 72' lang='lat' dir='ltr'><strong>Detph.</strong></span> <span class='ocrx_word' id='word_1_295' title='bbox 628 4353 673 4398; x_wconf 71' lang='lat' dir='ltr'><strong>et</strong></span> <span class='ocrx_word' id='word_1_296' title='bbox 702 4348 817 4399; x_wconf 64' lang='grc' dir='ltr'><strong>γαν.</strong></span> <span class='ocrx_word' id='word_1_297' title='bbox 837 4349 964 4402; x_wconf 69' lang='lat' dir='ltr'><strong>Clas.</strong></span> <span class='ocrx_word' id='word_1_298' title='bbox 1288 4353 1371 4411; x_wconf 60' lang='lat' dir='ltr'><strong>‚Q.</strong></span> <span class='ocrx_word' id='word_1_299' title='bbox 1401 4353 1543 4405; x_wconf 72' lang='lat' dir='ltr'><strong>Cart.</strong></span> <span class='ocrx_word' id='word_1_300' title='bbox 2315 4351 2361 4400; x_wconf 84' lang='grc' dir='ltr'><em>Β</em></span> 
     </span>
    </p>
   </div>
  </div>
 </body>
</html>
