2978 4933
468 365 598 453 104
789 424 806 432 -
1258 377 1316 427 J.
1365 362 1871 428 rnemsm‘mu

473 527 576 606 qui
603 544 739 596 cum
768 540 986 603 magno
1022 539 1160 604 rege
1193 531 1256 582 et
1288 520 1588 582 Thebanis
1616 518 1964 582 Graecorum
1999 518 2327 586 libertatem
2374 519 2660 581 adversus

471 636 787 705 tyrannum
812 640 1071 683 asserere
1100 618 1344 692 vellent,
1371 638 1479 684 eos,
1507 617 1668 699 apud
1694 618 1930 680 Thebas
1958 618 2290 699 perfugium
2314 615 2663 679 habituros!

477 723 577 784 18.
608 721 735 781 Nec
759 729 958 779 tamen
977 716 1300 779 Alexandri
1324 717 1570 800 imperio
1596 726 1943 799 oppugnata
1968 718 2111 777 urbs
2130 725 2258 785 est;
2289 715 2418 789 sed,
2434 726 2501 777 ut
2519 714 2666 775 Pto-

473 821 717 881 lemaeus
744 811 1027 892 tradidit,¹
1049 820 1215 895 (nam
1242 816 1486 896 quidam
1507 816 1676 877 aliter
1699 818 1986 891 narrant,)
2013 812 2354 886 Perdiccae,
2372 815 2474 892 qui
2498 813 2560 872 in
2592 830 2666 872 ea

474 926 799 979 castrorum
842 926 1009 996 parte
1042 917 1310 989 curabat,
1351 934 1486 996 quae
1528 914 1686 975 vallo
1725 913 2005 987 hostium,
2046 932 2167 994 quo
2210 910 2533 973 Cadmeam
2576 911 2670 969 in-

475 1016 800 1088 cluserant,
829 1017 1081 1076 obversa
1106 1023 1251 1091 erat,
1280 1033 1401 1084 non
1427 1023 1738 1094 expectato
1768 1012 1939 1092 signo
1966 1011 2252 1092 impetum
2277 1012 2338 1072 in
2366 1028 2470 1070 eos
2498 998 2672 1071 fecit:

478 1121 873 1193 superatoque
914 1111 1279 1172 munimento
1320 1129 1533 1172 manus
1571 1130 1705 1171 curn
1745 1109 1922 1172 hoste
1961 1127 2271 1170 conserere
2307 1102 2521 1187 coepit;
2574 1104 2670 1165 19.

478 1219 539 1269 et
566 1211 906 1291 Amyntam,
932 1209 1035 1291 qui
1060 1229 1196 1270 cum
1225 1230 1336 1271 sua
1362 1209 1605 1272 cohorte
1643 1210 1820 1290 juxta
1854 1210 2048 1290 ipsum
2087 1206 2392 1280 tendebat,
2418 1214 2488 1264 ut
2512 1202 2673 1265 idem

480 1304 748 1377 auderet,
777 1307 1048 1389 exemplo
1074 1308 1378 1387 permovit.
1448 1311 1551 1369 20.
1581 1308 1727 1368 Mox
1756 1306 2094 1369 Alexander
2123 1305 2245 1367 suis
2275 1304 2509 1374 timens,
2537 1290 2678 1362 cum

406 1416 411 1423 ·
481 1413 611 1462 tota
634 1403 936 1484 copiarum
965 1405 1117 1466 mole
1145 1403 1331 1478 affuit,
1359 1415 1422 1466 et
1464 1413 1482 1439 ⁸
1509 1406 1715 1467 leviter
1743 1404 1981 1467 armatis
2007 1394 2403 1486 perrumpere,
2430 1400 2680 1479 suisque

482 1500 705 1562 auxilio
732 1500 816 1561 ire
833 1500 849 1525 '
881 1500 1092 1581 jussis,
1117 1501 1246 1582 ipse
1267 1520 1408 1585 ‚cum
1435 1502 1675 1584 reliquis
1707 1522 1818 1583 pro
1842 1501 1999 1565 vallo
2025 1501 2310 1563 substitit.
2376 1490 2494 1559 21.
2538 1496 2682 1575 Acri

482 1609 759 1671 conserto
805 1600 1009 1679 praelio
1045 1600 1384 1675 Perdiccas,
1425 1602 1568 1664 dum
1609 1603 1851 1664 interius
1888 1599 2107 1663 vallum
2142 1599 2398 1674 molitur,
2424 1597 2685 1674 graviter

465 1696 723 1783 *saucius*
766 1714 970 1777 pugna
1010 1696 1330 1768 effer-tunm
1369 1710 1429 1759 et
1455 1700 1830 1761 Cretensium
1859 1698 2294 1780 sagittariorum
2321 1694 2514 1768 multi,
2541 1714 2684 1773 cum

487 1793 791 1874 Eurybota
845 1794 997 1856 duce
1056 1815 1165 1856 suo
1220 1796 1464 1857 cadunt.
1547 1796 1813 1858 Thebani
1866 1795 2154 1877 perculsis
2201 1795 2448 1864 instant,
2493 1802 2555 1852 et
2603 1791 2683 1852 ad

486 1890 893 1966 Alexandrum
938 1891 1297 1972 refugientes
1341 1896 1756 1975 insequuntur.
1839 1896 1935 1954 22.
1983 1894 2071 1953 Ibi
2100 1912 2236 1954 cum
2263 1912 2367 1953 rex
2392 1892 2687 1951 instructa

484 1986 783 2070 phalange
819 1989 1121 2071 dispersos
1149 2003 1210 2054 et
1236 1994 1504 2053 turbatos
1542 1982 1801 2053 hostium
1828 1991 2068 2051 ordines
2096 1988 2436 2057 invaderet:
2482 1988 2686 2049 statim

407 2094 408 2097 ’
487 2106 660 2147 versa
694 2110 911 2171 pugnae
961 2083 1219 2168 fortuna,
1262 2102 1430 2152 tanta
1456 2090 1873 2151 Thebanorum
1902 2080 2216 2169 trepidatio
2243 2087 2374 2160 fuit,
2403 2096 2472 2147 ut
2499 2106 2576 2147 ne
2604 2085 2684 2146 ad

488 2196 689 2265 portas
740 2187 1001 2266 quidem,
1050 2211 1156 2271 per
1201 2209 1353 2270 quas
1401 2188 1462 2247 in
1512 2188 1716 2246 urbem
1765 2205 1830 2245 se
1875 2192 2241 2266 receperant,
2278 2180 2685 2243 occludendas

489 2293 687 2343 mente
710 2296 1148 2365 competerent:
1178 2287 1350 2346 simul
1375 2285 1477 2365 qui
1501 2282 1826 2343 Cadmeam
1846 2283 2147 2353 tenebant,
2165 2280 2223 2339 in
2249 2270 2546 2359 subjectos
2564 2281 2689 2341 arci

490 2377 654 2437 vicos
682 2394 1084 2447 excurrerunt.
1166 2385 1268 2442 23.
1298 2383 1390 2442 Ita
1419 2380 1783 2441 nobilissima
1802 2379 2054 2439 Graeciae
2078 2371 2218 2439 urbs
2246 2377 2399 2437 intra
2429 2368 2689 2439 eundem

493 2472 649 2533 diem
694 2487 1044 2558 oppugnata
1090 2489 1152 2539 et
1191 2489 1368 2560 capta
1408 2487 1522 2541 est.
1608 2476 1853 2542 Nullum
1884 2477 1943 2537 in
1987 2496 2060 2538 ea
2087 2474 2456 2537 crudelitatis
2487 2495 2689 2537 exem-

490 2569 652 2650 plum
679 2578 1141 2654 praetermissum
1182 2587 1453 2639 constat:
1494 2577 1649 2637 viros
1678 2575 2067 2656 foeminasque
2094 2574 2430 2656 promiscua
2456 2569 2692 2655 strages

492 2668 726 2742 hausit3
773 2693 884 2735 nec
928 2676 1003 2736 ab
1042 2675 1412 2758 impuberum
1449 2675 1620 2738 caede
1658 2684 2046 2754 temperatum
2077 2682 2190 2734 est.
2272 2675 2373 2733 24.
2415 2671 2693 2732 Phocen-

492 2768 644 2829 sium
674 2770 1217 2854 Plataeensiumque
1244 2786 1306 2837 et
1335 2774 1861 2837 Orchomeniorum
1908 2784 1969 2833 et
2009 2770 2459 2850 Thespiensium
2497 2761 2691 2829 eain-

494 2866 674 2927 famia
699 2868 843 2938 fuit;
863 2877 887 2902 ¹⁸
920 2871 1135 2949 quibus
1164 2871 1326 2946 olim,
1360 2872 1502 2932 dum
1528 2872 1811 2933 Thebana
1840 2890 1934 2931 res
1961 2869 2218 2939 valebat,
2246 2868 2455 2928 vicinae
2481 2867 2693 2927 civita-

494 2963 573 3022 tis
602 2965 905 3045 opulentia
931 2948 1182 3030 exitiosa
1208 2969 1434 3030 fuerat:
1477 2968 1842 3029 Macedones
1893 2966 2049 3027 ultra
2095 2966 2185 3026 fas
2231 2963 2370 3025 belli
2411 2984 2532 3024 non
2578 2984 2693 3024 εω-

494 3060 674 3123 viere.
756 3067 856 3125 25.
897 3065 1187 3140 Tandem,
1233 3075 1251 3102 ⁸
1280 3078 1347 3128 ut
1371 3066 1638 3128 coedibus
1667 3064 2100 3139 abstineretur,'
2124 3062 2550 3144 proclamatum
2581 3071 2695 3135 est,

498 3177 635 3219 cum
679 3160 808 3240 jam
856 3181 963 3223 sex
1011 3163 1311 3225 hominum
1355 3163 1580 3225 millia⁰
1613 3162 1961 3244 periissent:
2003 3160 2216 3222 ceteris
2245 3160 2455 3239 captis,
2483 3158 2558 3219 ad
2589 3159 2694 3219 tri-

502 3255 668 3336 ginta
697 3257 883 3330 millia
910 3260 1222 3322 liberorum
1251 3261 1513 3343 capitum
1556 3261 1886 3322 venierunt.
1970 3259 2070 3319 26.
2113 3263 2130 3293 ‘
2162 3256 2253 3317 Ex
2291 3256 2449 3317 omni
2489 3257 2697 3337 praeda

497 3355 934 3437 quadringenta
980 3368 1041 3420 et
1093 3357 1492 3440 quadraginta
1539 3357 1769 3420 talenta
1811 3355 2056 3417 redacta
2095 3352 2314 3418 fuisse'
2356 3352 2695 3414 Clitarchus

500 3452 778 3515 tradidit:
798 3468 824 3506 Ρ
853 3456 973 3529 alii,
1005 3463 1024 3490 ‘
1043 3476 1118 3518 ex
1145 3457 1335 3537 pretio
1363 3457 1728 3537 captivorum
1755 3454 1815 3515 id
1838 3447 2108 3536 pecuniae
2135 3451 2453 3513 effectum!
2470 3462 2495 3496 ‘¹
2537 3453 2699 3512 Cen-

498 3560 626 3611 tum
653 3552 896 3627 talenta,
927 3574 1062 3634 quoe
1116 3554 1413 3616 Thebanis
1449 3553 1724 3614 Thessali
1771 3550 2091 3624 debebant,
2143 3546 2481 3608 Alexander
2520 3541 2697 3609 sociis

500 3659 750 3732 accepto
781 3650 938 3713 tulit.
1023 3653 1127 3713 27.
1169 3652 1356 3723 Pauci
1382 3671 1535 3732 quos
1563 3651 1781 3712 bellum
1824 3647 2179 3709 dissuasisse
2207 3646 2545 3718 constabat,
2575 3664 2698 3705 ser-

498 3748 747 3809 vitutem
777 3748 1148 3830 effugerunt:
1189 3751 1329 3811 item
1360 3750 1748 3822 sacerdotes?
1774 3759 1837 3809 et
1876 3765 2128 3827 quorum
2171 3744 2432 3823 hospitio
2460 3763 2563 3803 rex
2590 3762 2697 3823 pa·-

500 3853 660 3905 terve
687 3846 814 3925 ejus
843 3868 988 3908 usus
1020 3859 1198 3910 esset.
1282 3851 1382 3909 28.
1427 3849 1522 3909 Ex
1546 3846 1786 3927 reliquis
1812 3842 2144 3906 Timoclea⁸
2164 3841 2385 3909 nobilis
2422 3839 2697 3902 facinoris

563 4020 577 4054 ¹
615 4019 824 4071 Arrian-
858 4036 897 4072 1.
938 4025 987 4073 8.
1023 4022 1263 4087 Polyaen.
1297 4024 1463 4075 strat.
1484 4038 1563 4075 rv.
1708 4030 1734 4064 Ρ
1767 4020 2048 4072 Athenaeus
2070 4032 2148 4070 lv.

506 4102 555 4149 3.
577 4102 659 4149 12.
1708 4108 1733 4143 «ι
1768 4097 1922 4148 Diod.
1943 4098 1979 4147 1.
2003 4096 2041 4144 1.
2585 4153 2589 4158 ff

570 4183 607 4211 ¹¹¹
634 4174 843 4226 Arrian.
866 4176 899 4225 l.
924 4176 961 4225 Ι.
1708 4184 1747 4212 τ’
1761 4175 1906 4224 Plut.
1933 4171 2089 4223 Alex.
2110 4187 2162 4236 p.
2183 4171 2298 4222 670.
2319 4168 2549 4220 AElianus
2571 4166 2693 4218 Var.

571 4261 596 4287 η
630 4253 836 4305 Ari-ian.
859 4255 892 4305 l.
911 4255 945 4305 1.
977 4253 1136 4306 Diod.
1156 4268 1300 4306 xvu.
1321 4269 1373 4320 p.
1397 4258 1513 4305 569.
1578 4315 1581 4320 .
1647 4252 1786 4303 Hist.
1808 4264 1937 4302 xm.
1953 4254 2002 4300 7.
2068 4289 2071 4290 ⁷

570 4338 593 4364 ⁰
627 4328 781 4382 Diod.
805 4330 838 4381 l.
863 4331 900 4382 l.
1712 4338 1731 4364 ⁸
1763 4329 1904 4380 Plut.
1928 4328 2078 4380 Alex.
2102 4328 2137 4377 l.
2156 4327 2194 4376 Ι.
2227 4325 2309 4376 Id.
2335 4323 2401 4374 de
2422 4323 2559 4374 Virt.
2582 4321 2701 4372 Mu·>
