2978 4933
517 382 649 448 242

520 542 933 621 Alexandro,
968 549 1038 607 et
1068 547 1281 607 utrum
1324 550 1803 626 perseveraret,
1836 562 1919 607 an
1974 544 2207 620 abiret,
2230 543 2398 608 satis
2429 544 2707 619 incerto,

515 646 766 710 elassis
789 642 811 681 f
839 645 1071 729 Cypro
1098 646 1416 710 advenit:
1460 645 1824 728 eodemque
1855 652 2185 729 temporess
2213 645 2547 710 Cleander
2562 666 2707 710 cnm

516 748 779 815 Graeeis
799 749 1121 815 militibus
1142 752 1210 814 in
1232 749 1472 814 Asiam
1495 769 1702 835 nuper
1719 749 2067 814 advectus.
2127 747 2405 814 Centum
2433 756 2502 814 et
2519 757 2708 813 octo-

517 849 739 933 gintah
767 853 1042 917 navium
1073 853 1366 918 classem
1396 853 1463 916 in
1486 852 1624 917 duo
1655 851 1892 917 dividit
1922 871 2211 932 cornua3
2254 842 2498 921 laevtfm
2533 851 2711 934 Pny-

515 960 807 1038 tagora'S,
855 975 976 1022 rex
1024 955 1441 1040 Cypriorum,
1495 976 1648 1019 oum
1695 954 1968 1020 Cratero
2018 956 2365 1034 tuebatur;
2417 954 2713 1019 Alexan-

515 1059 710 1122 drum
738 1060 808 1123 in
841 1059 1080 1125 dextro
1110 1060 1598 1144 quinqueremis
1627 1061 1807 1143 regia
1845 1060 2149 1124 vehebat.
2232 1058 2340 1123 12.
2402 1058 2473 1123 N
2476 1077 2556 1121 ec
2577 1057 2711 1139 Ty—

517 1160 623 1239 rii,
654 1181 1032 1245 quanquam
1084 1163 1374 1227 classem
1421 1164 1779 1241 habebant,
1820 1164 1968 1228 ausi
2000 1162 2242 1227 navale
2284 1162 2448 1225 inire
2497 1168 2712 1224 certa-

513 1283 693 1342 men,
745 1271 884 1329 tres
937 1267 1212 1331 omnino
1265 1286 1472 1330 naves
1522 1274 1676 1331 ante
1718 1268 1874 1350 ipsa
1924 1267 2177 1335 moenia
2226 1268 2709 1347 opposuerunt:

517 1367 763 1448 quibus
785 1364 801 1402 ⁵
821 1388 944 1433 rex
973 1370 1286 1433 invectus
1317 1371 1508 1452 ipsas
1532 1370 1862 1433 demersit.
1908 1369 2014 1433 13.
2045 1368 2337 1431 Postera
2357 1364 2470 1428 die
2489 1362 2711 1428 classe

513 1469 604 1532 ad
635 1470 887 1535 moenia
919 1472 1233 1552 admo'ta3
1282 1472 1575 1555 undique
1606 1472 1972 1548 tormentiS,
2005 1478 2072 1536 et
2100 1469 2395 1535 maxime
2427 1468 2712 1531 arietum

516 1571 742 1654 pulsu,
792 1594 1016 1639 muros
1044 1575 1293 1659 quatit:
1341 1594 1519 1658 quos
1549 1574 1735 1659 Tyrii
1785 1576 2028 1659 raptim
2075 1572 2438 1638 obstructis
2489 1566 2712 1635 saxiss‘

979 401 1045 459 ρ.
1094 396 1358 446 cun'ru
1410 396 1592 446 num
1645 398 1787 446 mn.
1833 399 1935 445 1v.
1982 400 2147 450 οΑΡ.
2194 385 2259 449 3.

570 1759 596 1803 ,τ’
629 1754 935 1807 Festinanten·
957 1758 1227 1822 compositis
1248 1757 1502 1822 lapidibus.

515 1967 736 2015 damento
755 1968 1025 2019 ἄκεα-11
1062 1969 1168 2019 Pro
1200 1975 1246 2019 et
1281 1974 1440 2019 utrum
1479 1969 1626 2020 Leid.
1661 1970 1800 2019 Dan.
1831 1970 1967 2020 Mer.
2002 1974 2057 2017 et
2092 1964 2244 2017 Voss.
2278 1970 2328 2016 2.
2350 1981 2445 2024 ne;
2496 1967 2642 2015 Dan.
2662 1976 2716 2016 et

515 2029 651 2080 Mer.
676 2033 727 2080 in
749 2048 911 2097 marg.
933 2048 1052 2091 rme,-
1087 2042 1140 2083 et
1165 2036 1239 2084 sic
1262 2036 1410 2084 Voss.
1438 2040 1483 2086 l.
1506 2036 1673 2097 Bong.
1699 2034 1864 2099 Lugd.
1900 2042 1954 2083 et
1992 2033 2193 2093 Amst.;
2245 2032 2357 2082 Pal.
2395 2037 2440 2081 1.
2479 2037 2716 2080 ratramne.

512 2095 744 2147 Floreat.
771 2098 923 2148 Leid.
947 2099 1089 2148 Voss.
1113 2104 1161 2148 1.
1184 2101 1353 2160 Bong.
1376 2100 1549 2163 Lngd.
1581 2107 1635 2149 et
1662 2098 1829 2149 Amst.
1863 2100 1985 2148 satis
2016 2103 2162 2147 certa.
2227 2097 2394 2159 Boug.
2419 2101 2467 2147 l.
2502 2098 2715 2149 Alexan-

512 2161 598 2208 der
621 2176 711 2224 pro
739 2163 983 2215 Cleander.
1052 2165 1200 2213 Voss.
1223 2169 1273 2215 2.
1299 2167 1468 2228 Bong.
1493 2164 1654 2229 Lugd.
1678 2172 1735 2215 et
1775 2166 1941 2214 Amst.
1978 2164 2186 2214 advectis
2201 2178 2222 2219 ;
2257 2161 2372 2210 Pal.
2407 2165 2454 2209 1.
2494 2170 2554 2210 et
2578 2164 2714 2211 Mer.

511 2226 746 2275 adductis.
812 2229 944 2277 Vide
982 2229 1109 2278 Not.
1135 2231 1257 2277 Var.
1328 2231 1453 2279 Mox
1479 2231 1632 2278 Voss.
1668 2232 1718 2280 2.
1755 2230 1956 2278 Centum
1988 2229 2247 2289 nonaginta
2277 2227 2563 2287 navigium,·
2601 2226 2717 2276 Flo-

511 2297 647 2340 rent.
667 2291 813 2342 Leid.
836 2300 890 2342 et
913 2295 1058 2343 Voss.
1086 2294 1249 2343 CXC.
1274 2295 1552 2355 navigium;
1585 2296 1753 2358 Bong.
1779 2295 1897 2344 XC.
1919 2294 2200 2354 nauigium;
2233 2293 2373 2341 Dan.
2398 2291 2562 2341 etiam
2585 2292 2717 2341 navi-

507 2355 643 2414 gium
658 2372 675 2412 ,·
710 2356 874 2420 Lngd.
898 2365 950 2406 et
974 2356 1140 2407 Amst.
1165 2359 1276 2407 XC.
1299 2360 1505 2410 navium.
1540 2359 1786 2407 Heinsius
1821 2359 1979 2421 legit:
2023 2359 2224 2407 Centum
2245 2362 2292 2406 et
2312 2358 2562 2416 octoginta
2585 2357 2716 2405 viavi-

507 2419 611 2478 gia.
647 2416 792 2471 Leid.
815 2422 1047 2472 Florent.
1072 2424 1221 2473 Voss.
1247 2426 1293 2471 1.
1312 2427 1362 2473 2.
1387 2424 1501 2473 Pal.
1525 2428 1570 2474 1.
1595 2425 1731 2473 Mer.
1753 2431 1808 2472 et
1833 2424 1943 2473 Col.
1967 2423 2212 2473 omittunt
2232 2422 2444 2471 classevn.
2476 2421 2718 2470 Florem.

513 2484 663 2533 Leid.
689 2487 841 2535 Voss.
868 2493 915 2539 1.
952 2488 1072 2537 Ald.
1110 2497 1163 2537 et
1201 2489 1335 2537 Dan.
1374 2490 1715 2553 Pythagora-s,-
1750 2489 1892 2539 Pith.
1919 2490 2232 2549 Pietagora83
2266 2489 2418 2536 Voss.
2456 2491 2508 2535 2.
2550 2487 2719 2534 Pitta-

506 2564 688 2609 goras,·
721 2552 886 2615 Lugd.
920 2553 1405 2618 Pnythagoras.--l2
1440 2556 1590 2603 Voss.
1618 2560 1669 2603 2.
1689 2555 1906 2603 triremes
1922 2554 2107 2602 omnino
2126 2558 2237 2600 ante
2254 2567 2272 2608 ,-
2307 2552 2546 2600 Florem.
2574 2551 2719 2599 Leid.

512 2621 569 2663 et
591 2616 742 2667 Voss.
779 2623 824 2667 l.
849 2618 942 2667 tris
973 2618 1158 2667 omnino
1187 2625 1298 2669 ante
1313 2635 1334 2677 ‚·
1374 2620 1483 2670 Pal.
1509 2624 1553 2668 l.
1577 2623 1674 2669 tres
1696 2620 1882 2668 omnino
1903 2623 2013 2667 ante
2026 2633 2046 2675 ,⁰
2081 2617 2164 2667 ed.
2189 2618 2299 2665 Col.
2320 2631 2473 2680 quam
2499 2617 2718 2677 Schrag.

511 2679 661 2742 vidit,
688 2683 852 2743 Lugd.
887 2691 942 2734 et
974 2684 1142 2734 Amst.
1164 2690 1261 2734 tres
1283 2685 1468 2734 omnino
1491 2699 1634 2733 naves
1654 2690 1784 2745 ante,
1805 2682 1939 2748 quod
1967 2697 2081 2731 cum
2118 2680 2300 2731 Medio
2326 2696 2427 2730 non
2452 2680 2720 2755 dubitavit

510 2744 736 2796 scribere
769 2749 1093 2801 Schmieder.
1160 2750 1256 2799 Ed.
1281 2765 1360 2813 pr.
1383 2751 1598 2799 Venett.
1623 2749 1840 2799 Mediol.
1866 2749 2060 2798 Veron.
2082 2753 2137 2796 et
2173 2747 2347 2809 vulgg.
2372 2747 2600 2795 triremes
2622 2762 2718 2793 om·

509 2824 592 2857 ‘nes
644 2817 770 2868 ante,
814 2816 893 2874 85⁶.
960 2816 1111 2865 Voss.
1165 2820 1209 2866 1.
1258 2821 1601 2879 apposuerunt.-
1635 2831 1681 2878 q.
1713 2829 1758 2864 r.
1792 2815 1830 2864 i.
1864 2814 1967 2876 ipsa
1999 2811 2235 2862 demersit.
2285 2810 2452 2860 ‘Aliis
2512 2811 2719 2874 placuit

511 2873 848 2925 Freinshemii
881 2880 1199 2941 conjectura,
1225 2882 1327 2942 qui,
1361 2881 1571 2944 reliquis
1608 2879 1837 2940 intactis,
1869 2879 2029 2940 legit:
2066 2877 2221 2926 tribus
2240 2892 2329 2925 rex
2359 2875 2620 2939 invectus,'
2641 2878 2719 2938 ξε.

510 2938 830 2988 Schmieder.
864 2945 879 2969 ⁴
899 2943 1089 2992 Forte:
1127 2943 1292 3006 quibus
1320 2960 1363 2992 r.
1386 2944 1421 2993 i.
1443 2945 1700 3008 dissipatas
1720 2941 1983 3007 depressit?
2017 2943 2334 2991 Heins.—13
2371 2941 2521 2989 Idem
2548 2940 2715 2989 Hein-

511 3003 616 3051 sius
653 3005 788 3066 conj.
822 3005 1023 3055 arietum
1055 3008 1277 3068 impulsu.
1313 3009 1429 3057 Pal.
1466 3014 1514 3058 l.
1548 3025 1709 3058 muros
1741 3009 1979 3072 quatiunt.
2064 3007 2309 3055 Heinsius
2345 3007 2483 3068 conj.
2522 3006 2719 3054 minime

507 3067 640 3126 orsi;
674 3069 784 3118 Elz.
806 3071 1004 3120 omittit
1026 3072 1249 3135 undique,
1283 3074 1418 3137 quod
1454 3075 1642 3138 probat
1676 3074 1904 3137 Medius,
1937 3078 1992 3122 et
2024 3073 2168 3121 uncis
2200 3071 2421 3121 includit
2452 3071 2713 3121 Bothe.—

1506 3201 1721 3252 NOTAE

575 3295 594 3330 t
625 3297 829 3361 Classis]
875 3298 1047 3362 Hujus
1089 3305 1264 3349 tamen
1308 3299 1564 3350 adventus

493 3373 574 3424 ‘ab
588 3374 811 3424 Arriano
829 3374 971 3440 prius
989 3374 1217 3425 refertur
1229 3378 1564 3441 expeditione

510 3439 790 3501 Aleiandri
809 3451 861 3501 in
887 3450 1150 3504 Arabiam.

570 3536 596 3572 ε
629 3529 807 3579 Eodem
828 3531 994 3594 temp]
1026 3531 1145 3582 Jam
1171 3545 1378 3582 reverso
1401 3547 1462 3582 ex
1489 3529 1564 3583 A·

490 3603 648 3653 rabia
689 3619 875 3655 novum
923 3607 1021 3657 hoe
1070 3609 1484 3670 supplementum
1532 3623 1565 3658 a

497 3680 762 3731 Cleandro
776 3682 1055 3734 adductum
1077 3683 1274 3733 indicat
1294 3684 1566 3749 Arrianus,

504 3758 641 3820 apud
664 3774 813 3823 quem
829 3768 1073 3825 corrupte
1092 3761 1110 3789 ‘
1128 3761 1447 3811 Alexander'
1468 3777 1562 3825 pro

507 3835 522 3860 ‘
542 3835 827 3886 Cleandro'
850 3838 1058 3901 legitur.
1126 3839 1181 3887 Is
1207 3840 1318 3903 ipse
1344 3845 1425 3888 est
1444 3839 1563 3888 Cle-

504 3908 685 3973 ander,
706 3926 855 3975 quem
879 3914 1022 3963 initio
1039 3915 1155 3964 libri
1182 3916 1322 3964 tertii
1346 3915 1410 3963 ad
1436 3930 1559 3965 eon·

502 3990 794 4040 ducendum
833 4005 897 4040 ex
935 3993 1297 4056 Peloponnesi>
1342 3993 1560 4043 militem

500 4064 661 4115 fuisse
677 4067 884 4116 missum
909 4068 1140 4116 vidimus.

565 4141 589 4175 δ
627 4143 826 4192 Centum
843 4149 888 4194 et
905 4143 1168 4207 octoginta]
1201 4143 1357 4210 Ap‘ud
1377 4145 1558 4196 Arria-

501 4235 621 4270 num
644 4221 809 4284 major
829 4221 989 4271 initur
1013 4237 1266 4272 numerus.
1296 4217 1390 4275 Ait
1409 4221 1559 4288 q’uip-

501 4311 568 4361 pe
607 4295 766 4348 fuisse
804 4312 953 4348 naves
989 4298 1205 4364 Cyprias
1244 4305 1451 4350 centum
1486 4299 1560 4350 vi-

1645 3298 1792 3361 ginti,
1824 3296 2127 3347 Phoenicum
2165 3295 2447 3360 octoginta,
2483 3294 2716 3345 Rhodio-

1646 3390 1755 3425 rum
1794 3367 1996 3435 decem,
2040 3373 2255 3422 totidem
2302 3372 2610 3434 Lydiorum‚
2648 3386 2714 3420 ex

1643 3452 1773 3502 Solis
1814 3458 1870 3500 et
1912 3450 2072 3500 Mallo
2118 3458 2243 3512 tres,
2286 3464 2352 3497 ex
2396 3444 2716 3498 Macedonia

1644 3543 1799 3580 unam
1821 3528 2195 3593 quinquaginta
2215 3541 2488 3576 remorum.

1708 3604 1723 3638 ¹
1756 3604 1938 3661 Quibus
1951 3604 2152 3668 [tribus]
2175 3603 2371 3653 Omnes
2388 3602 2600 3666 quidem
2622 3617 2717 3653 na-

1645 3696 1735 3731 ves
1775 3689 1901 3730 ante
1939 3682 2129 3729 moenia
2165 3681 2244 3730 vel
2289 3679 2462 3745 potins
2509 3679 2564 3728 in
2594 3680 2711 3742 ipso

1645 3764 1826 3823 portus
1846 3757 1989 3807 aditu
2013 3758 2283 3807 collocatae
2303 3763 2422 3805 sunt
2450 3770 2483 3803 a
2502 3756 2708 3819 Tyriis:

1642 3852 1744 3887 non
1766 3851 1941 3887 omnes
1960 3843 2153 3895 tamen,
2176 3836 2267 3884 sed
2289 3836 2411 3884 solae
2437 3842 2564 3896 tres,
2584 3849 2706 3898 qnae
2759 3871 2764 3876 .

1640 3916 1694 3964 in
1737 3916 1982 3965 extremis
2026 3913 2265 3963 faucibus
2313 3914 2594 3972 haeserant,
2640 3910 2705 3960 ab

1639 3992 1938 4042 Alexandro
1978 3998 2098 4039 sunt
2127 3990 2398 4051 demersae,
2419 3995 2475 4037 ut
2514 3987 2706 4036 scribit

1637 4069 1908 4120 Arrianus.
1947 4069 2107 4119 Certe
2125 4067 2262 4116 infra
2284 4066 2485 4128 abipso
2515 4065 2703 4114 Curtio

1637 4153 1951 4196 memoratur
1990 4144 2175 4193 navale
2216 4143 2484 4206 Tyriorum
2529 4146 2703 4189 certa-

1637 4238 1775 4274 men.
1840 4225 2035 4285 Quare,
2057 4221 2195 4286 quod
2215 4221 2296 4270 hie
2315 4219 2469 4282 vulgo
2489 4218 2700 4281 legeba-

1640 4307 1746 4365 tur,
1767 4300 1951 4366 qm'bus,
1972 4299 2047 4349 ita
2072 4306 2128 4349 ut
2147 4297 2213 4348 ad
2235 4311 2411 4349 omnes
2433 4309 2590 4346 naves
2614 4309 2697 4343 re·
