2978 4933
814 455 930 501 οι..
977 451 1166 505 exn.
1211 437 1273 500 4.
1347 452 1422 499 A.
1472 452 1594 503 cn.
1648 449 1721 498 N·
1767 435 1920 502 328.
1986 501 1989 506 ,
2339 437 2482 502 577

271 599 466 683 queis
511 619 800 675 evasere,
861 618 1015 662 cum
1074 617 1321 663 cuneos
1360 598 1527 661 inter
1580 615 1754 660 saxa
1798 595 2182 678 defigerent,
2227 598 2471 678 gradus

272 704 582 781 subinde,
627 704 823 788 quisg
865 704 1277 772 insisterent:
1326 703 1498 767 diem
1553 703 1725 766 inter
1754 710 2006 766 metum
2028 702 2469 786 ‘laboremque

271 815 802 873 consumserunt.
892 809 999 873 16.
1047 807 1178 871 Per
1200 827 1444 897 aspera
1474 807 1687 872 enixis
1716 807 1984 874 duriora
2014 805 2382 883 restabant,
2407 812 2472 870 et

268 930 566 976 crescere
597 911 886 976 altitudo
911 917 1113 996 petrae
1145 910 1536 978 videbatur:
1579 912 1702 976 illa
1719 930 1876 974 vero
1901 909 2303 980 miserabilis
2328 916 2473 976 erat

243 1012 503 1091 'facies
534 1035 690 1078 cum
735 1014 836 1093 ii,⁶
886 1033 1063 1097 quos
1101 1014 1432 1079 instabilis
1463 1015 1705 1096 gradus
1734 1014 2081 1090 fefellerat,
2111 1033 2201 1077 ex
2230 1015 2470 1097 praeci.

267 1117 394 1198 piti
424 1117 961 1182 devolverentur:
1015 1135 1181 1184 mox
1214 1117 1456 1182 eadem
1485 1118 1555 1180 in
1594 1136 1666 1180 se
1694 1117 2010 1201 patienda
2039 1116 2238 1184 alieni
2271 1136 2470 1184 casus

269 1219 661 1285 ostendebat
690 1221 1093 1304 exemplum.
1156 1220 1264 1284 17.
1307 1218 1438 1284 Per
1467 1219 1588 1283 has
1619 1227 1839 1284 tamen
1871 1219 2298 1288 difficultates
2331 1220 2472 1288 eni-r

267 1324 489 1386 tuntur
539 1322 606 1386 in
658 1324 978 1388 verticem
1030 1321 1322 1387 montis:
1370 1342 1606 1386 omnes
1657 1322 2047 1405 fatigatione
2094 1322 2472 1392 continuati.

266 1424 515 1489 laboris
565 1423 827 1503 affecti3
872 1424 1140 1510 quidam
1186 1424 1486 1490 mulctati
1535 1430 1723 1507 parte
1768 1427 2245 1491 membrorum:
2293 1426 2471 1508 pari-

267 1535 501 1612 terque
530 1548 652 1594 eos
684 1536 750 1595 et
777 1548 916 1594 nox
950 1534 1016 1593 et
1046 1547 1323 1594 somnus
1354 1525 1714 1612 oppressit.
1791 1530 1892 1596 18.
1939 1530 2182 1596 Stratis
2215 1532 2470 1614 passim

267 1633 660 1714 corporibus
687 1633 756 1696 in
786 1633 987 1697 invi—is
1004 1640 1073 1697 et
1101 1627 1172 1696 in
1193 1632 1453 1716 asperis
1477 1651 1824 1714 saxorum,
1850 1632 2133 1716 periculi
2154 1634 2467 1702 instantis

181 1811 184 1812 ⁷
271 1735 491 1815 obliti,
538 1737 609 1802 in
652 1737 872 1802 lucem
916 1738 1357 1820 quieverunt:
1404 1735 1811 1819 tandemque
1855 1736 2044 1800 velut
2070 1755 2159 1799 ex
2190 1736 2326 1799 alto
2359 1755 2468 1801 so-

263 1858 430 1921 pore
462 1841 756 1918 excitati,
803 1840 1111 1905 occultas
1159 1841 1638 1925 subjectasque
1668 1840 1842 1923 ipsis
1870 1839 2090 1906 valles
2122 1839 2465 1916 rimanteS,

247 1940 501 2023 ignari,
541 1943 605 2005 in
635 1962 770 2025 qua
798 1949 987 2025 parte
1037 1947 1248 2025 petrae
1289 1949 1475 2007 tanta
1507 1944 1609 2006 vis
1639 1941 1937 2010 hostium
1969 1941 2236 2030 condita
2266 1950 2466 2019 esset,

261 2043 517 2108 fumum
546 2064 795 2129 specus
827 2046 999 2110 infra
1028 2066 1101 2110 se
1124 2047 1315 2130 ipsos
1349 2047 1695 2111 evolutum
1719 2052 2144 2112 not-averunt.
2219 2047 2325 2110 19.
2360 2045 2468 2114 Ex

264 2166 399 2228 quo
439 2146 844 2216 intellectum
885 2154 1012 2225 est,
1059 2148 1246 2212 illam
1289 2148 1586 2212 hostium
1615 2150 1942 2214 latebram
1970 2168 2136 2213 esse.
2225 2148 2466 2232 Itaque

262 2248 475 2314 hastis
508 2249 909 2334 imposuere,
958 2250 1141 2334 quod
1183 2257 1582 2315 convenerat
1613 2252 1876 2334 signum
1903 2272 1920 2317 ε
1967 2256 2248 2335 totoque
2276 2271 2312 2314 e
2341 2272 2464 2315 nu-

261 2469 270 2477 '
325 2481 348 2506 ⁰
385 2476 510 2524 Erat
526 2481 683 2526 antem
702 2475 843 2526 triste
862 2472 981 2527 illud
1004 2477 1340 2540 spectaculum,
1351 2488 1472 2538 cum,
1493 2478 1578 2539 ᾃτ.

1183 2622 1544 2642 OO‘OMOMO

260 2718 425 2780 Bong.
460 2725 514 2767 et
547 2719 683 2769 Mer.
718 2721 884 2782 quibus
914 2737 1019 2770 cum
1051 2736 1237 2772 cuneos.
1308 2722 1539 2772 Floreat.
1575 2721 1717 2771 Leid.
1756 2722 1906 2770 Voss.
1942 2726 1988 2769 1.
2024 2723 2071 2769 2.
2095 2720 2227 2767 Dan.
2253 2718 2368 2767 Pal.
2412 2722 2461 2766 1.

261 2783 425 2845 Bong.
452 2789 496 2832 1.
519 2787 567 2832 2.
606 2791 662 2834 et
698 2787 833 2834 Mer.
865 2791 1049 2846 gradus
1080 2787 1295 2848 subinde,
1318 2789 1469 2850 queis,
1492 2791 1573 2849 ὅγε.
1611 2786 1748 2849 quod
1784 2787 1983 2847 recepit
2004 2783 2322 2834 Schmieder.
2348 2797 2464 2831 cum

261 2855 417 2896 antea
441 2848 493 2895 in
519 2848 639 2897 edd.
662 2851 955 2913 legeretur:
990 2851 1096 2912 quis
1112 2854 1293 2913 gradus
1311 2852 1522 2902 subinde.
1594 2852 1902 2900 Hemnanno
1925 2849 1982 2898 τὸ
1999 2851 2182 2911 gradus
2205 2863 2269 2897 ex
2294 2848 2467 2911 glossa

261 2913 487 2966 videtur,
511 2918 566 2961 et
588 2914 747 2977 legit:
783 2915 887 2977 quis
915 2916 1109 2963 subinde
1129 2914 1430 2966 insisterent.
1454 2916 1591 2965 Vide
1620 2917 1742 2965 Not.
1768 2917 1892 2964 Var.
1961 2915 2074 2963 Pal.
2100 2919 2147 2962 1.
2169 2912 2465 2962 institerunt.

259 2981 389 3026 —16
424 2978 651 3026 Florem.
687 2985 740 3026 et
773 2980 914 3028 Leid.
949 2981 1050 3029 Per
1082 2996 1249 3043 aspera
1279 2982 1421 3039 nisu5
1455 2982 1605 3029 Voss,
1642 2985 1688 3029 1.
1725 2980 1894 3044 Bong.
1929 2985 1984 3028 et
2017 2980 2153 3028 Dan.
2185 2980 2243 3027 Ρ.
2265 2993 2312 3028 α.
2335 2977 2466 3035 ηἱεί;

263 3041 410 3091 Voss·
433 3042 569 3091 2..P.
594 3060 639 3092 a.
663 3043 745 3091 ubi
758 3059 778 3101 ,·
813 3044 928 3092 Pal.
955 3048 1002 3093 1.
1023 3045 1083 3093 P.
1108 3062 1151 3093 α.
1174 3047 1339 3093 emersi
1353 3064 1372 3104 ,·
1406 3045 1550 3094 Mod.
1575 3046 1709 3093 Mer.
1736 3046 1890 3094 Frob.
1915 3044 2081 3107 Lugd.
2107 3052 2158 3092 et
2185 3042 2348 3092 Amst.
2399 3043 2463 3092 P.

258 3121 304 3156 a.
322 3107 490 3170 enisis,
515 3114 572 3155 ut
592 3122 657 3156 ex
680 3109 977 3158 melioribus
1000 3111 1151 3159 codd.
1175 3111 1300 3172 legit
1335 3112 1582 3159 Burman.
1619 3110 1683 3158 ad
1719 3110 1836 3158 Val.
1874 3111 2012 3159 Flac.
2048 3123 2114 3160 ιι.
2147 3112 2262 3157 462.
2299 3108 2466 3157 ceteri

227 3171 411 3221 ..eodm
437 3180 491 3220 et
517 3173 636 3222 edd.
672 3181 895 3224 recentt.
934 3175 993 3223 Ρ.
1016 3190 1063 3223 α.
1089 3176 1258 3225 ennio.
1316 3177 1466 3225 vose.
1501 3180 1551 3224 2.
1589 3176 1783 3223 omittit
1812 3180 1981 3239 μείνω,
2015 3182 2070 3229 et
2103 3189 2222 3222 mox
2255 3178 2376 3228 erat,
2411 3180 2467 3219 et

256 3251 351 3300 pro
374 3236 414 3284 ii
435 3237 596 3286 habet
618 3237 682 3288 hi.
746 3239 893 3287 Idem
913 3240 1063 3299 paulo
1088 3248 1202 3303 post
1225 3241 1279 3288 in
1298 3243 1477 3302 eudem,
1497 3242 1684 3288 omisso
1705 3255 1832 3288 mox.
1903 3241 2038 3288 Mer.
2055 3239 2289 3302 patientia
2302 3237 2466 3287 alieni.

258 3304 388 3351 —17
427 3303 576 3351 VosS.
601 3307 650 3352 2.
687 3318 845 3353 omnes
866 3303 1094 3365 fatigati.
1161 3304 1283 3354 Ald.
1312 3306 1475 3354 Colin.
1519 3306 1721 3367 Gryph.
1762 3304 1915 3353 Frob.
1953 3305 2075 3353 Bas,
2109 3304 2249 3350 Mer.
2271 3310 2324 3351 et
2351 3303 2466 3350 Col.

199 3430 206 3431 ἶ
256 3368 470 3417 mutilati
503 3374 674 3431 ραι-ιω
725 3370 954 3418 Floreat.
991 3369 1139 3419 Leid.
1180 3371 1331 3418 Voss.
1371 3374 1416 3418 l.
1455 3369 1571 3423 Pal.
1604 3374 1649 3417 l.
1691 3375 1747 3418 et
1786 3369 1955 3430 Bong.
1986 3372 2034 3418 2.
2072 3367 2269 3415 mulcati
2296 3371 2467 3429 μανία

257 3431 429 3496 Bong.
450 3437 497 3480 1.
525 3433 716 3496 aliique
740 3434 930 3485 multati
949 3439 1106 3497 parte.
1171 3435 1326 3483 Voss.
1350 3437 1397 3482 l.
1414 3439 1687 3498 partemque
1708 3447 1799 3482 eos.
1869 3433 2020 3482 Voss.
2060 3437 2110 3481 2.
2142 3436 2197 3480 ut
2229 3447 2325 3491 nox
2344 3445 2466 3479 som-

251 3502 493 3554 nus—18
529 3497 680 3551 Idem
711 3499 909 3549 codex:
946 3502 1135 3548 tandem
1167 3502 1312 3561 velut,
1346 3509 1399 3547 et
1436 3514 1592 3547 mox:
1627 3498 1721 3561 ipsi
1752 3499 1914 3553 valles.
1981 3498 2212 3547 Florent.
2240 3496 2384 3549 Leid.
2410 3502 2466 3545 et

256 3562 409 3612 Voss.
430 3562 669 3613 rimantis.
735 3564 849 3613 Pal.
895 3567 940 3613 1.
976 3565 1134 3626 specui
1167 3565 1313 3612 intra.
1382 3562 1506 3613 Ald.
1544 3565 1838 3622 revolutum3
1889 3563 2031 3613 Mod.
2065 3564 2298 3612 evolutum
2333 3566 2378 3608 et
2415 3574 2467 3608 os

241 3641 430 3690 specus.
502 3630 619 3678 Bas.
637 3632 936 3679 notaverant.
971 3632 985 3658 ‘
1003 3630 1173 3678 Valde
1197 3628 1395 3678 arridet
1418 3629 1619 3678 Heiusii
1645 3629 1946 3692 conjectura
1967 3645 1979 3674 t
2002 3627 2194 3688 ftcmum
2205 3641 2368 3686 specus
2390 3627 2468 3674 in-

243 3691 337 3752 sra
367 3708 418 3741 se
449 3694 569 3744 ostio
602 3695 834 3745 evolutum
869 3699 1299 3747 notaverunt.——l9
1335 3696 1566 3744 Florent.
1593 3695 1739 3747 Leid.
1773 3700 1842 3742 et·
1862 3694 2029 3756 Bong.
2064 3697 2109 3742 l.
2143 3693 2427 3742 intellectam
2446 3707 2465 3747 ,-

256 3757 423 3822 Bong.
449 3763 496 3808 2.
524 3767 575 3806 et
595 3760 748 3808 Voss.
772 3763 819 3808 1.
835 3759 1076 3814 intellecta
1093 3776 1113 3818 ,·
1150 3760 1299 3808 Voss.
1324 3764 1372 3807 2.
1393 3760 1702 3820 intellectum,
1723 3759 1910 3809 omisso
1935 3763 2024 3808 est.
2058 3758 2210 3806 Voss.
2231 3761 2280 3807 2.
2305 3757 2466 3811 hastas

251 3822 402 3873 Pith.
452 3824 792 3889 imposuerunt,
820 3831 876 3874 et
912 3839 1031 3874 mox
1063 3827 1156 3875 duo
1191 3830 1239 3875 et
1276 3825 1461 3876 XXX.
1529 3826 1763 3875 Florent.
1806 3823 1954 3874 Leid.
1980 3831 2035 3872 et
2056 3824 2212 3872 Voss.
2246 3826 2293 3872 l.
2317 3821 2392 3870 11.
2415 3825 2465 3870 et

1251 3951 1464 4005 NOTAE

321 4058 348 4094 8
387 4051 581 4100 Gradus
600 4066 639 4101 s.
677 4053 785 4115 quis
817 4053 971 4117 [queis
1001 4054 1181 4115 gradus
1210 4052 1317 4101 sub-
1401 4051 1470 4101 sit
1487 4051 1748 4114 vulgatam
1767 4050 1882 4100 loco
1904 4048 2132 4098 movere.
2203 4047 2305 4096 Cur
2328 4047 2463 4095 enim

249 4126 388 4190 inde]
414 4129 534 4176 Non
559 4126 743 4179 damno
767 4131 980 4179 aliorum
1006 4130 1315 4180 lectionem:
1401 4128 1566 4176 minus
1602 4127 1734 4183 bene
1779 4125 1992 4175 Curtius
2024 4123 2251 4173 dixeritt
2282 4124 2466 4184 gradus

255 4217 362 4252 cum
380 4202 695 4253 cuneisinter
714 4220 837 4257 saxa
856 4206 1118 4269 defigerent
1136 4206 1320 4267 gratim
1363 4200 1368 4205 ’
1398 4204 1689 4266 insisterent,
1713 4217 1865 4267 quam
1890 4201 2139 4265 Virgilius
2160 4199 2360 4250 AEneid.
2385 4210 2464 4246 xl.

255 4279 338 4343 (id
362 4288 462 4339 est,
484 4281 627 4329 velut
649 4279 839 4345 scalas)
860 4282 1075 4344 subinde,
1096 4283 1226 4346 queis
1241 4283 1319 4331 in·
1398 4285 1516 4333 5⁷4.
1549 4284 1564 4309 ‘
1584 4280 1818 4344 Vestigia
1836 4276 2133 4341 institerat‚'
2156 4275 2207 4325 id
2228 4282 2327 4336 est,
2345 4277 2360 4302 ‘
2377 4288 2465 4338 po-

251 4357 493 4407 sisterent.
557 4357 658 4407 Sed
684 4373 783 4408 nec
806 4358 960 4408 video
982 4374 1075 4410 cur
1105 4374 1318 4410 necesse
1401 4363 1576 4407 suerat
1588 4356 1623 4406 ?’

390 4438 566 4503 Detpla.
588 4448 636 4491 et
667 4441 782 4492 γαν.
802 4441 933 4492 cuns.
1238 4442 1302 4497 Q.
1327 4439 1465 4489 Curt.
2214 4437 2245 4482 2
2281 4432 2330 4482 Ο
