2978 4933
767 426 1027 476 surm..
1076 425 1156 475 1N
1207 426 1271 486 Q·
1325 422 1674 473 cun'rmM
1728 425 1869 473 Lm.
1916 425 1997 472 11.
2342 408 2469 474 131

258 569 323 627 ⁸7.
368 566 441 627 Id
466 588 650 628 unum
669 570 794 649 regi
817 588 888 629 ex
920 568 1212 628 sententia
1236 567 1599 628 successisse
1629 558 1897 646 negant}
1918 585 2051 626 cum
2080 575 2310 627 ceteros
2341 567 2469 646 ejus

254 677 527 726 conatus
558 667 800 731 fortuna
825 667 997 727 enixe
1016 667 1282 747 juvaret:
1309 666 1567 746 abiitque
1598 685 1691 726 res
1721 665 1783 725 in
1812 656 2171 744 religionem,
2198 673 2215 699 ‘
2240 683 2349 724 nec
2378 665 2467 723 fas

256 780 400 822 esse
428 764 824 825 mortalibus?
863 765 1259 825 existimatum
1290 773 1404 835 est,
1444 770 1460 798 ‘
1493 773 1717 822 mutare
1762 761 1989 832 faciem,
2029 780 2204 839 quam
2256 771 2471 821 natura

256 859 420 918 locis
445 858 728 920 indiderit
751 860 792 920 :’
835 859 1039 940 utique
1068 871 1386 939 postquam
1416 859 1564 920 alios
1595 858 1807 919 similia
1835 858 2071 918 molitos
2097 859 2314 937 ubique
2335 879 2469 918 suc·

235 974 477 1016 *cessus
521 954 813 1018 destituit.
900 959 959 1017 8.
1005 956 1395 1016 Clazomenas
1431 966 1636 1023 tamen
1682 956 1835 1016 mole
1864 955 2111 1016 duorum
2143 955 2468 1015 stadiorum

255 1063 519 1130 aggesta
540 1053 866 1113 continenti
889 1053 1109 1133 junxit,
1137 1072 1285 1132 quas
1316 1053 1457 1113 olim
1484 1065 1646 1114 metu
1675 1053 1987 1114 Persarum
2019 1054 2376 1114 Clazomenii
2409 1054 2468 1112 in

255 1150 530 1210 insulam
581 1152 1054 1212 transtulerant.⁶
1136 1149 1254 1210 Sed
1303 1150 1433 1211 haec
1477 1150 1718 1230 quidem
1767 1170 1943 1231 opera
1968 1151 2145 1232 regiis
2173 1151 2466 1230 praefectis

263 1248 601 1315 commissa
630 1259 789 1310 sunt.
832 1251 896 1309 9.
941 1250 1098 1328 Ipse,
1128 1249 1429 1309 sacrificiis
1460 1249 1683 1330 Ephesi
1710 1250 2017 1327 magnifice
2045 1250 2378 1322 celebratis,
2405 1251 2464 1307 in

253 1345 554 1406 honorem
594 1346 743 1406 Deoe
786 1367 920 1406 cum
967 1346 1241 1406 universo
1271 1345 1550 1417 exercitu,
1580 1345 1681 1425 qui
1710 1344 1936 1419 aderat,
1964 1346 2024 1404 in
2054 1346 2227 1405 armis
2257 1345 2469 1405 decur-

253 1444 335 1502 rit
363 1462 383 1510 ς
409 1441 434 1475 ¹¹
482 1452 720 1522 postero
761 1441 976 1504 deinde
1026 1443 1117 1504 die
1163 1464 1299 1504 cum
1336 1443 1606 1524 peditatu
1637 1463 1815 1523 quem
1844 1461 2045 1503 secum
2071 1442 2349 1516 habebat,
2372 1461 2469 1502 as-

176 1599 182 1603 .
255 1539 480 1599 sumtis
509 1539 801 1601 Thracum
829 1541 1150 1619 equitibus,
1179 1550 1241 1600 et
1261 1551 1515 1620 quatuor
1543 1540 1860 1602 amicorum
1890 1539 2116 1613 turmiS,
2142 1541 2294 1600 inter
2320 1559 2468 1620 quas

252 1648 314 1698 et
340 1636 513 1716 regia
541 1647 688 1710 erat,
717 1637 991 1699 Miletum
1019 1637 1346 1698 contendit.
1437 1641 1531 1699 10.
1577 1637 1811 1719 Quippe
1841 1637 2286 1718 Hegesistratus
2314 1657 2469 1717 prse-

253 1734 400 1794 sidii
419 1735 758 1813 praefectus,
788 1734 970 1795 literis
997 1734 1078 1793 ad
1105 1753 1238 1795 eum
1268 1733 1486 1806 missis,
1509 1754 1672 1816 spem
1692 1735 2010 1795 deditionis
2034 1734 2253 1796 fecerat
2274 1732 2322 1793 :¹
2360 1733 2469 1794 sed

249 1843 587 1912 postquam
616 1833 928 1893 Persarum
957 1832 1210 1894 classem
1233 1834 1295 1892 in
1323 1833 1655 1912 propinquo
1684 1835 1900 1893 versari
1928 1841 2307 1912 cognoverat,
2336 1850 2466 1890 mu-

256 1941 398 1989 tata
427 1929 721 1992 sententia
748 1930 1030 2010 oppidum
1076 1931 1263 1992 Dario
1288 1950 1636 1991 conservare
1665 1930 1982 1990 nitebatur.
2071 1930 2164 1988 11.
2210 1929 2364 1988 Nam
2407 1938 2471 1986 et

251 2034 700 2087 commeatuum
726 2027 1117 2107 telorumque,
1146 2037 1207 2088 et
1237 2028 1288 2087 si
1315 2048 1434 2106 qua
1463 2026 1582 2086 alia
1608 2027 1685 2087 ad
1711 2026 2075 2107 tolerandam
2097 2024 2466 2087 obsidionem

251 2125 661 2203 requiruntur,
710 2143 990 2203 magnam
1036 2125 1293 2186 babebat
1340 2125 1606 2205 copiam:
1651 2136 1713 2184 et
1738 2132 2243 2205 propugnatorum
2272 2121 2464 2181 multi-

250 2220 472 2280 tudine
504 2220 887 2281 abundabat:
930 2221 1072 2300 quia
1101 2221 1437 2294 Memnon‚¹‘
1476 2242 1611 2283 cum
1641 2242 1714 2282 ex
1741 2221 1948 2301 praelio
1976 2220 2243 2280 Miletum
2273 2221 2467 2298 perfu-

251 2320 471 2397 gisset,
495 2317 694 2378 multis
721 2318 804 2391 ibi
833 2338 1071 2379 suorum
1100 2319 1319 2380 relictis
1347 2319 1686 2401 praesidium
1716 2321 2063 2380 firmaverat.
2155 2320 2251 2378 12.
2281 2318 2470 2398 Igitur

250 2415 485 2477 infesto
514 2414 753 2495 agmine
784 2434 1161 2495 suggressus,
1188 2418 1530 2478 exteriorem
1556 2418 1776 2489 urbem,
1807 2427 1873 2477 ut
1898 2416 2010 2499 ipsi
2040 2416 2354 2488 vocabant,
2393 2435 2468 2475 ex

248 2514 471 2574 itinere
501 2512 699 2590 cepit:
745 2532 880 2571 nam
910 2513 1192 2593 oppidani
1220 2514 1576 2593 militesque,
1607 2537 1680 2575 ne
1711 2503 1875 2575 vires'
1893 2526 2256 2594 spargerent,
2285 2514 2346 2573 in
2377 2515 2467 2573 in-

252 2612 539 2670 teriorem
568 2609 770 2669 urbem
797 2619 1241 2682 concesserant,
1270 2611 1550 2670 auxilium
1574 2631 1837 2681 suorum,
1879 2612 2042 2689 quod
2071 2610 2230 2671 haud
2263 2613 2469 2690 procul

255 2708 478 2768 abesse
508 2707 807 2779 rebantur,
836 2706 1174 2787 opperituri.
1263 2707 1360 2767 13.·
1403 2706 1619 2766 Verum
1646 2724 1860 2765 vanam
1889 2706 2358 2785 expectationem
2382 2706 2469 2765 fe-

249 2804 333 2870 cit
358 2800 780 2863 Macedonicae
808 2802 1017 2862 classis
1049 2801 1378 2873 adventus)
1419 2822 1558 2881 quse
1608 2803 1905 2863 Nicanore
1948 2803 2102 2863 duce
2147 2802 2349 2864 Laden
2379 2805 2468 2862 in-

255 2900 457 2960 sulam
513 2917 692 2978 supra
735 2900 1005 2961 Miletum
1058 2900 1233 2960 sitam
1261 2891 1613 2981 occupavit:
1655 2899 1873 2961 deinde
1901 2920 2037 2960 cum
2054 2901 2178 2980 jam
2207 2900 2466 2960 hostium

255 2997 478 3057 classis
511 2996 590 3056 ad
619 2995 894 3078 Mycalen
925 3006 1183 3057 montem
1214 2996 1485 3069 haereret,
1510 2997 1702 3077 ipsum
1728 2996 2097 3057 Milesiorum
2126 3008 2358 3078 portum
2379 2997 2470 3056 in-

255 3113 477 3173 gressa
520 3093 744 3154 Persici
774 3094 974 3154 auxilii
1005 3114 1171 3174 spem
1199 3095 1515 3176 oppidanis
1548 3095 1786 3156 ademit.
1875 3098 1968 3156 14.
2020 3096 2232 3176 Neque
2271 3096 2470 3176 probi-L

253 3193 490 3252 bebant
507 3191 759 3265 barbari,
772 3211 1112 3272 quanquam
1129 3213 1375 3254 numero
1398 3193 1634 3255 navium
1650 3193 1830 3273 longe
1849 3202 2229 3274 praestarent:
2252 3193 2469 3274 quippe

258 3289 448 3368 paulo
477 3288 673 3348 minus
702 3288 1151 3368 quadringentis
1181 3288 1501 3365 habebant,
1539 3311 1673 3351 cum
1722 3291 1982 3351 Nicanor
2026 3299 2258 3350 tantum
2299 3310 2468 3351 sexa-

257 3388 433 3467 ginta
489 3405 668 3467 supra
704 3396 944 3447 centum
997 3385 1406 3448 adduxisset.¹'¹
1495 3390 1588 3448 15.
1632 3389 1864 3448 Interea
1908 3386 2277 3467 Glaucippus
2307 3388 2467 3466 prin-
2570 3439 2575 3444 ,

259 3503 406 3563 ceps
437 3482 692 3542 civitatis
721 3482 799 3542 ad
829 3482 1234 3542 Alexandrum
1280 3484 1522 3559 missuS,
1560 3484 1770 3563 petito,
1812 3491 1832 3520 ‘
1855 3493 1921 3544 ut
1949 3486 2151 3544 urbem
2177 3492 2239 3544 et
2263 3495 2468 3564 portus

260 3577 700 3640 Macedonibus
727 3579 1044 3660 Persisque
1072 3599 1416 3641 communes
1443 3602 1580 3643 esse
1609 3581 1949 3662 pateretur,'
1968 3588 1992 3617 ¹⁸
2032 3582 2200 3642 triste
2223 3601 2467 3661 respon-

260 3697 394 3738 sum
427 3676 728 3750 retulerat,
770 3682 787 3712 ‘
811 3676 949 3737 Non
981 3697 1046 3737 se
1091 3679 1325 3739 venisse
1360 3679 1419 3739 in
1451 3680 1679 3751 Asiam,
1725 3690 1795 3740 ut
1833 3678 2128 3758 acciperet
2164 3677 2324 3756 quod
2370 3678 2468 3737 alii

261 3771 699 3841 concederent:
744 3772 851 3832 sed
879 3783 949 3833 ut
994 3774 1245 3854 quisque
1281 3776 1524 3836 haberet
1564 3773 1726 3855 quod
1766 3774 1893 3852 ipse
1935 3772 2311 3851 reliquisset:
2355 3772 2467 3832 ita-

262 3890 382 3949 que
407 3865 629 3929 scirent
651 3870 911 3930 omnium
957 3871 1321 3932 fortunarum
1371 3872 1670 3932 arbitrium
1704 3869 1925 3930 meliori
1969 3867 2464 3949 permittendum:

330 4078 349 4113 ¹
380 4080 608 4131 Pausan.
626 4094 691 4131 11.
746 4083 948 4134 Herod.
964 4098 1003 4135 1.
1024 4089 1136 4136 1⁷4.
1173 4124 1175 4126 »
1473 4080 1499 4116 '⁵
1531 4078 1686 4129 Diod.
1707 4079 1808 4131 Sic·
1831 4092 1975 4131 xvll·
1997 4093 2048 4144 p-
2072 4082 2188 4130 6⁷3·

330 4165 359 4201 s
395 4156 535 4208 Plin.
560 4158 597 4208 1.
623 4159 659 4208 Ι.
1475 4156 1491 4191 ¹
1523 4156 1727 4222 Arrian.
1750 4158 1784 4208 1.
1808 4159 1842 4206 1.

331 4232 359 4265 ¹¹
395 4232 600 4284 Arrian.
623 4247 663 4285 1.
686 4239 764 4287 19.
1375 4255 1382 4260 ’
1473 4242 1511 4267 ¹¹¹
1543 4232 1625 4282 Id.
1648 4235 1686 4285 l.
1711 4235 1745 4285 l.

336 4307 352 4372 ξ
385 4308 463 4359 Id.
486 4310 517 4359 1.
541 4310 575 4359 1.
933 4319 942 4328 ·
1473 4317 1498 4349 Β
1530 4309 1610 4362 Id.
1639 4325 1676 4362 1.
1699 4314 1780 4361 20.
1830 4309 2016 4360 Seuec.
2042 4307 2206 4383 Epist.
2234 4314 2314 4362 63.
2342 4315 2418 4361 10.

1837 4544 1867 4572 Q
