2978 4933
631 1457 1380 1596 SERENISSIMo
1460 1454 2144 1566 GALLIARUM‘
2255 1472 2260 1477 ’

550 1728 2223 1937 DELPHINQ

299 2411 552 2506 Quor)
581 2427 734 2514 ipse
773 2429 999 2498 facere
1043 2430 1271 2497 multis
1319 2432 1702 2501 nominibus
1748 2430 2077 2502 debuerat
2104 2432 2401 2511 Curtius,
2430 2430 2491 2498 si

295 2530 427 2597 hac
454 2539 658 2602 aetate
687 2533 964 2613 viveret,
993 2534 1127 2599 hoe
1171 2534 1336 2600 mihi
1372 2537 1526 2620 ejus
1555 2538 1898 2623 interpreti
1927 2537 2307 2603 faciendum
2336 2536 2489 2613 fuit,

299 2633 736 2699 Serenissime
762 2636 1129 2721 Delphine,
1150 2641 1230 2700 ut
1253 2636 1629 2704 Alexandri
1657 2638 1892 2721 Magni
1920 2638 2224 2720 effigiem,
2249 2636 2493 2720 optimi

299 2737 639 2820 quondam
682 2738 957 2806 artificis
997 2758 1201 2804 manu
1246 2757 1674 2822 expressam,
1707 2756 1889 2812 nune
1932 2740 2236 2814 absterso
2278 2737 2492 2808 veluti

298 2839 573 2921 pulvere
602 2839 987 2906 nitidiorem
1023 2839 1330 2906 offerrem
1365 2839 1525 2921 tibi,
1506 2860 1524 2878 ·
1570 2840 1789 2912 audeo
1818 2840 2064 2921 dicere,
2109 2840 2380 2923 dignum
2424 2845 2493 2905 te

300 2960 578 3023 munus3
608 2942 903 3027 dignum,
931 2944 1229 3027 inquam,
1257 2942 1385 3008 hac
1409 2948 1635 3021 aetate,
1663 2941 1798 3009 hoe
1826 2943 2124 3027 ingenio,
2152 2943 2260 3008 his
2291 2942 2493 3008 mori-

299 3044 449 3122 buS,
499 3045 628 3110 hae
673 3045 964 3124 fortuna,
1008 3046 1139 3110 hac
1191 3064 1316 3129 spe
1370 3043 1814 3111 maximarum
1871 3064 2112 3130 rerum,
2164 3045 2234 3112 in
2291 3062 2492 3128 quam

300 3144 657 3212 adolescis.

390 3246 689 3316 Cernes
668 3269 735 3313 m
756 3249 884 3316 hac
911 3250 1184 3327 tabella,
1214 3268 1372 3334 quae
1401 3250 1663 3329 mirere,
1691 3268 1825 3315 non
1853 3246 2111 3332 paueat
2156 3265 2315 3330 quae
2342 3246 2490 3311 imi·

302 3356 468 3427 tere,
495 3350 739 3416 multa.
785 3370 944 3434 quae
987 3350 1244 3430 vineae,
1274 3351 1602 3453 plurima.
1655 3369 1813 3435 quae
1858 3350 2247 3414 intuentem
2269 3347 2490 3413 delec-

300 3454 462 3526 tent,
515 3451 763 3518 omnia.
865 3449 1223 3535 Agnosces
1273 3471 1414 3518 non
1468 3454 1615 3518 sine
1671 3453 2049 3534 voluptate,
2105 3450 2369 3535 opinor,
2420 3452 2493 3517 in
2613 3441 2622 3450 ’

300 3550 675 3620 Alexandri
702 3554 988 3636 imagine
1018 3559 1242 3636 tuam3
1286 3560 1362 3619 et
1388 3555 1715 3639 impressa
1741 3553 1850 3619 hic
1878 3552 2016 3620 illic
2043 3570 2178 3618 non
2204 3553 2494 3618 obseura
2555 3557 2558 3560 ’

302 3653 547 3718 indolis
563 3659 695 3719 tuae
715 3656 1036 3739 vestigia:
1066 3651 1252 3721 illam
1275 3674 1318 3719 a
1335 3675 1543 3740 puero
1561 3655 2032 3722 excelsitatem
2050 3654 2281 3731 animi,
2299 3655 2491 3718 illum

302 3773 602 3821 amorem
632 3775 808 3825 verae
840 3757 1089 3836 laudis,
1116 3758 1350 3824 illam·
1331 3779 1403 3823 ιιι
1433 3759 1736 3844 Superos
1777 3760 2128 3844 pietatem,
2158 3755 2347 3823 illum
2387 3777 2492 3821 ar·

178 3917 183 3924 .
302 3857 574 3924 dorem
552 3860 798 3942 ingenii
822 3860 1079 3926 eximia
1117 3861 1349 3926 vultus
1376 3880 1765 3945 morumque
1790 3859 2140 3924 suavitate
2157 3865 2490 3957 tempera

302 3966 481 4026 tum:
527 3960 717 4026 illam
748 3962 838 4028 ad
865 3962 1150 4030 honesta
1176 3983 1464 4048 quaeque
1493 3963 1797 4048 eorporis
1825 3962 2240 4029 exercitandi
2266 3964 2492 4027 munia

306 4061 811 4130 dexteritatem.
854 4065 1026 4132 illud
1065 4066 1392 4133 adversus
1434 4067 1665 4133 literas
1707 4061 2143 4180 hominesque
2186 4066 2489 4131 literatos

304 4164 599 4234 studium
630 4166 1035 4249 singulare.

396 4267 606 4332 Daph.
631 4273 680 4318 et
703 4265 815 4319 var.
835 4269 968 4320 Clas.
1288 4272 1355 4327 Q.
1383 4271 1521 4322 Cart.
2313 4266 2365 4317 A
