2978 4933
1207 394 1651 446 Ριιοαιιιιυιι.
2480 377 2525 440 7

324 559 479 628 quae
512 560 673 611 sane
714 562 824 628 res
873 541 1146 609 Tiberio
1192 542 1536 627 aequalem
1575 560 1710 606 non
1754 538 2119 606 movisset!
2180 537 2227 606 J
2232 558 2340 605 am
2369 558 2522 625 eum

324 653 345 682 ⁸
368 667 499 713 non
550 648 880 715 intactum
898 644 915 672 '
972 645 1137 715 dicit
1182 649 1203 680 ‘
1226 665 1309 710 ea
1355 643 1832 729 superstitione
1886 640 2172 721 mentis,'
2219 647 2295 707 ut
2329 648 2521 706 vates

325 750 766 828 consuluerit,
793 766 892 813 lv.
916 749 981 815 6.
1007 749 1111 813 12.
1133 747 1282 832 jam
1309 752 1330 783 ‘
1350 754 1542 813 vates
1564 746 1879 812 adhibere
1909 746 2205 829 coepisse
2229 763 2273 808 a
2294 763 2523 828 super-

306 852 608 918 stitione
640 852 839 919 animi
859 851 877 878 ’
908 869 978 918 V.
1012 853 1076 916 4.
1122 851 1188 916 1.
1237 851 1382 936 Jam
1427 854 1451 885 ‘
1475 849 1963 934 superstitionis
2003 868 2138 914 non
2180 851 2522 932 potentem

321 955 537 1020 fuisse
556 954 574 980 '
621 972 760 1020 vn.
789 958 857 1020 7.
887 954 994 1021 21.
1026 959 1096 1019 et
1121 954 1186 1020 7.
1216 953 1281 1019 8.
1309 957 1333 988 ‘
1355 971 1509 1017 cum
1537 958 1698 1036 post
1724 951 2006 1019 Darium
2030 951 2274 1017 victum
2301 948 2526 1037 hario-

321 1059 432 1122 los
478 1065 552 1122 et
587 1062 784 1123 vates
817 1057 1168 1124 consulere
1198 1055 1540 1133 desiisset,
1569 1072 1803 1118 rursus
1842 1052 1928 1118 ad
1970 1034 2521 1140 superstitionem

320 1159 765 1225 humanarum
793 1159 1126 1245 gentium'
1175 1159 1309 1245 (sic
1351 1157 1672 1223 Codices:
1705 1142 2105 1225 ‘mentium'
2134 1161 2523 1238 receperunt

322 1244 616 1327 editores
642 1281 732 1325 ex
776 1264 1167 1349 conjectura
1198 1258 1604 1343 Palmerii)‘
1625 1256 1949 1324 ludibria’
1983 1257 2153 1342 (quo
2182 1255 2520 1343 vocabulo

325 1362 463 1428 alio
509 1362 667 1428 loco
709 1363 872 1428 artis
918 1364 1202 1446 magicae
1253 1361 1616 1427 vanitatem
1646 1357 1913 1442 notat)‘
1937 1360 2307 1433 revolutum
2336 1357 2522 1445 esse?

319 1463 634 1543 -,-Quam
664 1483 906 1549 aspera
934 1484 1199 1549 quoque
1251 1482 1449 1538 voce
1463 1461 1798 1537 invehitur
1843 1461 2114 1526 Curtius
2144 1463 2213 1525 in
2252 1436 2521 1544 mythos

323 1564 723 1632 Graecorum
768 1568 1088 1637 innoxios
1119 1574 1191 1633 et
1235 1567 1679 1636 immerentes,
1707 1564 2007 1648 mythum
2054 1563 2139 1628 de
2179 1562 2523 1647 Nymphis

322 1650 626 1753 Marsyae
655 1689 877 1742 amore
918 1669 1188 1735 retentis
1236 1668 1479 1743 inscito
1525 1667 1925 1735 vocabulo‘
1949 1662 2310 1731 Poetarum
2339 1685 2521 1731 men-

320 1769 629 1836 dacium’
657 1772 1040 1855 appellanS,
1073 1787 1188 1841 ιιι.
1209 1771 1273 1834 1.
1301 1771 1370 1836 4.
1404 1777 1471 1835 et
1499 1770 1639 1834 alio
1660 1770 1813 1834 loco
1839 1785 2000 1832 vlu.
2023 1769 2130 1833 10.
2155 1769 2259 1834 12.
2290 1767 2521 1846 ‘inde,’

320 1872 641 1949 scribens,
663 1892 706 1937 a
722 1880 943 1963 monte
964 1872 1182 1952 Mero,
1200 1872 1429 1938 Graeci
1449 1872 1841 1937 ‘mentiendi
1863 1877 2121 1936 traxere
2137 1870 2521 1948 licentiam,'

318 1971 367 2036 J
373 1973 523 2037 ovis
550 1973 797 2047 femine
842 1975 1156 2040 Liberum
1195 1982 1449 2060 patrem
1482 1995 1633 2040 esse
1659 1974 1973 2045 celatum.
2064 1973 2239 2053 Quae
2268 1973 2518 2039 sormu-

320 2073 409 2141 1ae
458 2094 623 2140 sane
670 2066 1117 2143 Christianum
1144 2078 1358 2160 magis
1389 2076 1647 2154 decent,
1677 2096 1880 2161 quam
1911 2076 2361 2167 antiquiorum
2396 2076 2519 2141 ali-

322 2197 544 2261 quem,
574 2177 761 2242 hisce
789 2178 1033 2262 mythis
1060 2198 1101 2243 a
1128 2178 1420 2264 pueritia
1448 2179 1807 2242 imbutum.
1870 2178 2051 2251 Haec
2075 2196 2240 2241 vero
2265 2177 2516 2257 omnia,

325 2278 630 2361 quamvis
657 2277 744 2342 ad
772 2284 1034 2353 aetatem
1065 2279 1278 2345 Curtii
1307 2278 1746 2365 definiendam
1793 2299 1927 2344 non
1971 2278 2330 2355 sufficiant,
2376 2298 2517 2344 mo·

320 2387 482 2444 nent
501 2387 756 2459 tamen,
803 2401 888 2446 ne
935 2383 1335 2468 simpliciter
1365 2383 1724 2447 Perizonio
1756 2382 2126 2447 credamus.
2226 2380 2516 2446 Possunt

319 2483 491 2556 adeo
545 2483 633 2549 ad
687 2485 750 2549 Ι.
781 2485 859 2549 F.
892 2485 953 2551 Ι.
986 2487 1314 2570 Bagnolo,
1365 2486 1674 2565 Comitis,
1726 2486 2153 2563 sententiam,
2223 2485 2300 2550 in
2340 2485 2513 2549 libro

323 2589 345 2618 ‘
372 2585 560 2651 Delle
591 2587 804 2653 Gente
853 2586 1096 2653 Curzia
1148 2608 1187 2653 e
1235 2587 1388 2654 dell’
1416 2589 1552 2653 Eta
1598 2588 1669 2652 di
1714 2586 1807 2666 Q.
1841 2586 2084 2653 Gurzio
2116 2584 2513 2652 l’Historico

323 2685 908 2769 Ragionamento,’
951 2690 1279 2756 Bononiae
1331 2691 1527 2758 1741.
1580 2691 1647 2757 8.
1710 2688 1965 2773 publici
2014 2688 2185 2772 juris
2236 2686 2513 2762 factam,

320 2791 794 2874 propensiores
816 2791 1087 2857 reddere
1116 2791 1422 2858 lectores.
1466 2792 1732 2868 Retulit
1754 2790 2056 2874 Curtium
2087 2789 2176 2855 ad
2207 2795 2515 2881 tempora

322 2890 738 2960 Constantini
767 2890 1024 2976 Magni,
1077 2881 1445 2960 rationibus
1484 2915 1573 2961 ex
1612 2895 1765 2968 loco
1811 2893 2133 2959 Curtiano
2164 2912 2350 2977 saepe
2376 2893 2515 2957 lau·

321 2990 502 3072 dato,
531 3012 728 3077 quem
757 2994 858 3060 sic
904 2994 1039 3059 sere
1080 2995 1581 3079 interpretatur,
1611 2997 1874 3080 petitis:
1920 2993 2215 3061 Verbis:
2262 3000 2284 3029 ‘
2305 2995 2513 3079 quod-

323 3113 454 3177 que
506 3095 895 3180 imperium’
937 3096 1518 3184 (Macedonicum)
1561 3104 1582 3134 ‘
1607 3101 1737 3164 sub
1768 3107 1905 3162 uno
1936 3104 2120 3164 stare
2164 3099 2510 3181 potuisset,

320 3192 474 3259 dum
503 3216 547 3260 a
573 3197 876 3280 pluribus
906 3198 1292 3277 sustinetur,
1338 3199 1512 3279 ruit,’
1544 3200 1692 3284 jam
1740 3199 1982 3285 respici
2030 3199 2117 3264 ad
2168 3200 2511 3264 turbatum

320 3295 582 3382 imperii
610 3297 903 3365 Romani
932 3309 1092 3385 post
1120 3301 1507 3368 Constantii
1555 3311 1837 3368 mortem
1888 3309 2156 3381 statum,
2202 3301 2508 3393 pluribus

317 3400 385 3464 in
415 3400 701 3468 diversis
729 3404 1103 3487 provinciis
1133 3424 1461 3479 summam
1492 3425 1702 3471 rerum
1734 3407 2210 3479 obtinentibus.
2297 3406 2508 3477 Hanc

318 3504 407 3567 ob
451 3522 734 3569 causam
770 3504 919 3589 jam
962 3506 1180 3572 ruisse
1225 3508 1580 3591 imperium
1633 3508 2051 3604 Romanum·
2034 3559 2053 3592 ,
2117 3511 2300 3594 quod
2351 3529 2508 3574 vero

320 3624 471 3670 cum
497 3605 1026 3684 Constantinus
1006 3627 1075 3671 ιιι
1104 3613 1301 3684 tanta⁴
1326 3610 1616 3678 omnium
1649 3629 1861 3675 rerum
1893 3612 2383 3695 perturbatione
2409 3611 2509 3675 ita

316 3709 743 3787 restituisset,
770 3717 847 3774 ut
891 3710 1041 3794 ipse
1084 3713 1212 3778 toti
1263 3719 1622 3797 praeesset,
1641 3714 1878 3779 merito
1923 3714 2251 3797 populum
2303 3711 2506 3778 Rom.

316 3809 471 3892 huic
501 3811 808 3895 Principi
838 3812 1336 3887 salutemsuam
1363 3813 1623 3881 debere.
1714 3814 1884 3879 Cum
1920 3814 2064 3878 sine
2107 3834 2246 3886 suo,
2278 3816 2505 3900 capite

314 3909 749 3996 (Constantio
777 3925 1058 4008 mortuo,
1088 3916 1195 3982 vel
1224 3917 1455 4001 potius
1487 3918 1793 3991 sineuno
1824 3917 2073 4001 capite,
2117 3937 2250 3983 nno
2282 3917 2506 4003 Impe-

315 4013 561 4098 ratore)
605 4014 940 4081 discordia
966 4019 1268 4084 membra
1298 4018 1759 4103 trepidassent,
1807 4020 1923 4112 alii
1955 4022 2289 4085 exercitus
2320 4020 2505 4086 aliae-

318 4135 445 4200 que
474 4117 840 4200 provinciae
871 4119 1073 4183 alium
1105 4119 1347 4186 ducem
1397 4130 1649 4187 secutae
1698 4131 1950 4201 essent,
1997 4123 2305 4207 bellaque
2336 4123 2503 4189 civi-

316 4218 410 4282 lia
467 4226 841 4302 parassent,
916 4220 1420 4290 Constantinum
1477 4224 1545 4289 in
1621 4210 1965 4291 Britannia
2026 4225 2501 4310 Imperatorem
