2978 4933
496 365 589 433 88
1322 381 1891 433 rnonssooMssNA

503 530 711 607 disse,
745 526 842 591 καὶ
881 528 1110 601 πολλοῖς
1149 525 1374 613 χρόνοις
1414 525 1510 604 ἤδη
1556 527 1918 606 βασιλεύοντι
1948 527 2284 617 Λυσίμαχῳ
2312 536 2421 595 τῶν
2449 530 2695 612 βιβλίων

502 634 568 698 τὸ
587 630 857 719 τέταρτον
884 629 1310 717 ἀναγινώσκειν,
1340 632 1391 693 ἓν
1430 627 1474 717 ᾧ
1496 629 1827 719 γέγραπται
1855 633 1978 720 περὶ
2009 637 2110 709 τῆς
2135 632 2461 718 Ἀμαζόνος·
2487 636 2588 700 τὸν
2606 633 2696 700 οὖν

502 737 850 822 Λυσίμαχον
897 735 1121 823 ἀτρέμα
1169 732 1565 819 μειδιάσαντα,
1611 737 1712 800 καὶ
1769 742 1896 815 τοῦ,
1946 734 2146 818 ᾠοίναι,
2195 737 2312 818 τᾷτ’
2358 736 2500 819 ἤμην
2544 738 2695 824 ἑγῶς

496 842 744 908 Strabo
798 856 930 906 XV·
976 840 1127 907 698.
1172 840 1256 906 de
1301 840 1465 904 illo,
1526 836 1638 904 Ον
1683 846 1796 904 τῶν
1836 839 2182 928 παραδόξων
2214 840 2695 928 ἀρχικυβερνήτην

499 944 785 1029 προσείποι
837 971 920 1021 τις
967 945 1059 1008 ἄν·
1103 943 1563 1030 ὑπερβάλλεσθαι
1607 944 1664 1008 δὶ
1705 946 1853 1009 δοκεῖ
1891 943 2020 1020 τοὺς
2059 943 2359 1021 τοσούτους
2379 946 2582 1021 ἐκεῖνος
2622 951 2696 1032 τῇ

499 1047 904 1134 τερατολογίᾳ.
966 1047 1157 1113 Conf.
1187 1045 1454 1113 Arrian.
1487 1065 1592 1111 vr.
1629 1048 1697 1112 2.
1738 1050 1803 1114 6.
1831 1053 1897 1113 et
1930 1065 2066 1116 vn.
2104 1051 2169 1114 5.
2200 1050 2268 1114 9.
2357 1048 2575 1114 Etiam
2608 1047 2695 1113 A.

503 1151 766 1217 Gellius
797 1150 1007 1216 Noct.
1039 1149 1187 1214 Att.
1223 1166 1303 1215 x.
1330 1153 1395 1216 4.
1425 1168 1579 1215 enm
1608 1152 2032 1218 contumeliae
2059 1152 2317 1238 potius»,
2351 1171 2548 1237 quam
2578 1151 2697 1217 ho·-

503 1254 684 1319 noris
716 1273 925 1319 causa
953 1253 1275 1319 nominat.

598 1356 1002 1435 Clitarchus,
1030 1354 1515 1423 Alexandrinae
1548 1358 2007 1444 expeditionis
2037 1358 2268 1425 itidem
2297 1377 2523 1424 comes
2553 1357 2697 1424 Res

500 1463 592 1526 ab
622 1461 750 1525 isto
779 1480 931 1544 rege
973 1467 1224 1545 gestae,
1263 1480 1400 1526 nou
1431 1462 1707 1545 quidem
1736 1466 1811 1528 ut
1838 1483 2067 1536 reram
2095 1469 2167 1528 et
2193 1461 2481 1527 solidam
2511 1481 2700 1526 com-

502 1569 781 1647 poneret
824 1563 1232 1642 Historiam,
1264 1563 1384 1628 sed
1427 1571 1505 1629 ut
1543 1566 1877 1648 ingenium
1908 1586 2105 1631 suum
2132 1571 2469 1650 exerceret
2497 1570 2700 1649 atque

504 1673 897 1743 ostentaret,
928 1667 1299 1734 describere
1329 1677 1612 1735 conatus
1640 1676 1767 1734 est.
1819 1670 2162 1753 Longinus
2194 1686 2308 1734 ιιι.
2335 1669 2402 1734 2.
2432 1666 2702 1751 φλοιώδης

502 1769 552 1833 δ’
596 1773 731 1856 ἀνὴρ
772 1769 1210 1867 (Κλείταρχος)
1252 1774 1352 1837 καὶ
1401 1778 1619 1853 Φυσῶν,
1651 1777 1808 1838 κατὰ
1850 1773 1944 1837 τὸν
1972 1770 2304 1856 Σοφοκλέα,
2335 1774 2396 1835 οὐ
2438 1773 2703 1857 σμικροῖς

502 1874 605 1955 μὲν
634 1874 961 1941 αὖλίσκοισι
992 1880 1317 1965 φοςβειᾶςδ
1348 1875 1510 1967 ἄτας,
1543 1879 1746 1964 quod,
1777 1879 1875 1943 uti
1904 1898 1944 1942 e
1976 1877 2318 1942 Ciceronis
2358 1874 2445 1941 ad
2490 1873 2697 1939 Attio.

506 1995 590 2042 ιι.
616 1978 741 2062 Ep.
773 1980 880 2045 16.
912 1981 1256 2060 discimuS,
1285 1983 1368 2047 de
1397 1985 1481 2047 iis
1509 1983 1982 2067 usurpabatur,
2014 1980 2134 2065 qui
2179 1980 2250 2043 in
2280 1997 2521 2061 magna
2552 1978 2698 2061 qui-

498 2079 650 2146 dem
683 2102 754 2146 re
787 2087 1249 2163 versabantur,
1292 2085 1413 2150 sed
1457 2085 1728 2155 modum
1771 2092 1992 2149 tamen
2027 2082 2469 2147 excedebant.
2558 2079 2699 2145 cli·

498 2185 779 2250 tarchus
809 2194 1037 2252 autem
1064 2208 1197 2253 non
1227 2189 1444 2253 solum
1477 2188 1551 2251 in
1591 2187 1855 2270 magnis
1892 2189 2092 2252 rebus
2117 2204 2393 2250 versans
2422 2184 2700 2249 modum

496 2289 819 2365 excessit,
866 2292 991 2354 sed
1036 2293 1491 2356 minutissima
1535 2311 1719 2374 saepe
1766 2289 2035 2372 grandia
2075 2290 2260 2355 fecit.
2349 2290 2466 2353 Sic
2519 2304 2587 2350 v,
2635 2307 2698 2352 c.

500 2388 886 2455 Demetrius
916 2391 1282 2457 Phalereus
1311 2394 1381 2457 in
1406 2393 1645 2457 libello
1677 2391 1814 2479 Περὶ
1844 2389 2174 2480 Ἐςμενείας
2193 2392 2342 2456 304.
2362 2392 2511 2476 jure
2542 2408 2700 2453 eum

498 2492 697 2571 ridet,
728 2495 930 2577 quod,
962 2515 1114 2560 cum
1148 2496 1232 2560 de
1263 2496 1555 2574 animali,
1584 2495 1849 2563 Graecis
1878 2492 2172 2582 τενθρηδαῗν
2197 2495 2405 2570 dicto,
2437 2496 2569 2573 ζῶον
2596 2517 2702 2573 με·

501 2592 679 2682 λίπῃ
693 2598 860 2672 ἐοικὸς
874 2596 1094 2684 (einer
1109 2595 1391 2684 Wespe)
1406 2604 1719 2676 narraret,
1734 2618 1867 2663 non
1884 2599 2080 2663 aliter
2095 2597 2478 2671 m‘tlocutus,
2491 2614 2701 2679 quam

499 2700 561 2763 si
580 2700 666 2764 de
697 2699 839 2765 fero
868 2702 1061 2780 bove,
1088 2701 1199 2766 vel
1230 2721 1398 2784 apro
1428 2700 1865 2787 Erymanthio
1892 2706 2070 2764 esset
2092 2719 2335 2764 sermo.
2382 2698 2700 2763 Scilicet:

505 2800 886 2885 κατανέμεται
915 2807 1019 2885 μὲν
1044 2808 1142 2882 τὴν
1170 2807 1389 2891 ὀρεινὴν,
1422 2804 1748 2870 ricla-rarat
1775 2804 1831 2867 δὲ
1851 2808 2052 2879 εἰςτὰς
2080 2801 2279 2879 κοίλας
2303 2805 2447 2889 δρῦς.
2491 2803 2700 2867 Hu'nc

505 2901 727 2991 ἄχαριν
756 2907 849 2971 τὸν
872 2905 1041 2993 λόγον
1069 2904 1198 2988 ἅμα
1227 2909 1323 2971 καὶ
1352 2908 1610 2996 ψυχρὸν,
1630 2911 1726 2974 uti
1757 2910 2009 2974 ibidem
2035 2913 2329 2985 vocatur,
2351 2912 2420 2971 et
2449 2906 2702 2972 similia

499 3006 746 3074 Cicero
791 3012 936 3076 sine
982 3011 1188 3076 dnbio
1223 3015 1546 3095 respexit,
1578 3033 1730 3077 cum
1760 3012 1844 3076 de
1876 3013 2109 3095 Legib.
2142 3027 2193 3073 1.
2221 3010 2285 3074 2.
2313 3011 2413 3074 ita
2441 3010 2699 3073 scribe-
2727 3089 2736 3102 χ

500 3118 634 3177 ret:
669 3117 688 3149 ‘
709 3113 997 3184 Sisenna
1021 3134 1255 3179 omnes
1280 3114 1504 3179 adhuc
1530 3121 1798 3179 nostros
1822 3116 2204 3198 scriptoreS,
2235 3112 2369 3176 nisi
2389 3112 2507 3195 qui
2527 3110 2700 3176 forte

498 3215 789 3280 nondum
843 3216 1220 3292 ediderunt,
1271 3216 1355 3281 de
1399 3217 1649 3300 quibus
1702 3217 2089 3281 existimare
2134 3235 2270 3280 non
2302 3232 2695 3297 possumus,

497 3316 698 3394 facile
727 3319 1095 3401 superavit.
1130 3373 1133 3376 ,
1184 3319 1257 3383 [s
1287 3326 1511 3384 tamen
1534 3338 1753 3403 neque
1793 3317 2038 3384 Orator
2066 3319 2137 3382 in
2169 3337 2440 3383 numero
2469 3323 2696 3382 vestro

504 3426 613 3485 est
632 3421 900 3486 habitus
925 3427 994 3486 et
1013 3422 1083 3486 in
1106 3422 1423 3488 Historia·
1441 3424 1695 3506 puerile
1719 3422 2036 3506 quiddam
2062 3427 2377 3497 sectatur,
2400 3426 2476 3484 nt
2492 3439 2703 3484 unum

498 3522 929 3602 Clitarchum,
978 3544 1191 3608 neque
1239 3531 1557 3608 praeterea
1605 3545 1985 3608 quenquam
2021 3525 2111 3588 de
2159 3522 2425 3589 Graecis
2452 3522 2700 3603 legisse

499 3625 850 3691 videatur:
895 3646 1043 3691 eum
1065 3634 1288 3693 tamen
1312 3629 1487 3695 velle
1512 3628 1843 3694 duntaxat
1866 3628 2112 3693 imitari
2135 3648 2154 3691 z
2202 3645 2403 3709 quem
2425 3626 2487 3690 si
2508 3644 2700 3690 asse-

396 3721 401 3724 ’
499 3727 618 3811 qui
641 3736 896 3813 posset,
935 3731 1345 3816 aliquantum
1379 3733 1465 3798 ab
1499 3732 1756 3815 optimo
1785 3738 1998 3798 tamen
2030 3728 2344 3796 abesset?
2435 3728 2702 3808 Quinti-

498 3830 725 3896 lianus
747 3832 861 3897 lib.
894 3850 971 3898 x.
1007 3836 1063 3897 Ι.
1108 3839 1129 3869 ‘
1148 3835 1469 3900 Clitarchi
1494 3839 1821 3918 probatur
1847 3836 2200 3919 ingenium,
2220 3833 2389 3897 fides
2413 3831 2701 3897 infama-

496 3934 645 4000 tur-⁹
732 3935 1004 4000 Curtius
1033 3941 1137 4003 bis
1168 3960 1321 4003 eum
1350 3941 1522 4006 citat
1550 3953 1662 4005 lx,
1693 3943 1757 4005 5.
1787 3942 1892 4005 27.
1936 3938 2084 4026 (ubi
2121 3957 2270 4001 eum
2310 3929 2415 4001 ‘vel
2448 3936 2703 4000 securi·

498 4040 662 4104 tatis
688 4041 794 4104 vel
825 4040 1237 4107 credulitatis
1275 4042 1577 4127 incusat)
1601 4049 1670 4107 et
1702 4060 1816 4109 lx.
1845 4043 1910 4108 8.
1940 4044 2046 4106 15.

585 4142 906 4225 Hegesiae
939 4143 1275 4227 Magnesii
1323 4148 1580 4229 scripta
1625 4144 1712 4209 A.
1755 4146 2022 4211 Gellius
2057 4157 2165 4207 ix.
2193 4140 2705 4210 4.,Graecorum

498 4245 690 4310 libris
720 4255 1106 4310 annumerat
1134 4249 1600 4315 miraculorum
1630 4246 2144 4331 fabularumque
2173 4244 2418 4329 plenis,
2507 4243 2703 4327 Stylo
