2978 4933
856 394 972 442 ot..
1018 392 1208 444 oxu.
1250 377 1317 446 3.
1397 396 1470 442 A.
1517 393 1640 442 cn.
1686 394 1761 444 N.
1805 378 1956 444 329.
2371 381 2502 446 523

294 538 361 604 in
397 537 790 624 Hyrcanum
816 547 888 604 et
918 539 1278 604 Ponticum
1309 539 1647 605 decidunt.
1700 539 1810 604 22.
1840 554 2034 605 xvn.
2066 538 2325 604 dierum
2349 560 2504 624 spa·

293 642 391 709 tio
413 641 796 707 Caucasum
829 642 1177 725 superavit
1202 642 1558 707 exercitus.
1649 641 1885 727 Rupes
1904 651 1933 678 ν
1962 644 2032 708 in
2061 662 2149 707 eo
2179 661 2252 708 x.
2284 643 2351 705 in
2376 644 2502 707 cir-

294 745 478 811 cuitu
507 746 724 811 stadia
768 747 1261 830 complectitur,
1312 753 1599 830 quatuor
1644 747 1715 810 in
1756 746 2177 811 altitudinem
2208 744 2499 822 excedit,

294 847 365 909 in
395 867 533 931 qua
559 855 578 886 ‘
601 850 898 915 vinctum
931 849 1332 914 Promethea
1353 857 1393 884 W
1421 851 1634 915 fuisse
1659 848 1678 875 ’
1709 850 2080 933 antiquitas
2112 848 2334 914 tradit.
2393 848 2500 913 23.

297 951 680 1017 Condendae
725 954 795 1016 in
845 953 1190 1017 radicibus
1238 955 1485 1020 montis
1533 953 1683 1019 urbi
1714 953 1914 1019 sedes
1943 953 2162 1017 electa
2188 959 2317 1018 est.
2367 968 2500 1014 vn.

294 1054 594 1119 millibus
624 1056 952 1120 seniorum
989 1056 1443 1148 Macedonum
1492 1065 1563 1121 et
1603 1064 1933 1141 praeterea
1958 1055 2306 1133 militibus,
2337 1074 2504 1138 quo-

293 1176 437 1220 rum
471 1176 679 1241 opera
709 1159 811 1223 uti
840 1157 1147 1235 desisset,
1199 1161 1621 1242 permissum,
1673 1161 1742 1223 in
1791 1178 2036 1224 novam
2080 1159 2314 1222 urbem
2343 1176 2502 1221 con-

293 1259 531 1327 sidere.

296 1371 551 1428 verunt.

638 1261 841 1327 Hanc
893 1281 1167 1346 quoque
1230 1263 1845 1328 ‘Alexandriam'¹
1898 1264 2143 1330 incolas
2196 1260 2503 1345 appella—-

382 1482 482 1529 ιν.
529 1468 590 1530 1.
621 1466 718 1532 At
747 1468 1027 1547 Bessus,
1062 1465 1440 1534 Alexandri
1470 1469 1810 1535 celeritate
1829 1477 1855 1504 ⁸
1892 1469 2307 1552 perterritus,
2352 1466 2502 1530 Diis

1205 1635 1232 1652 Ο

292 1739 414 1796 post
442 1732 686 1796 Caspium.
753 1732 901 1783 Leid.
923 1735 1075 1784 Voss.
1098 1740 1147 1785 1.
1171 1742 1226 1784 et
1250 1736 1417 1799 Boug.
1461 1734 1773 1800 Hyrcanium.
1838 1735 1991 1784 Voss.
2012 1741 2062 1784 2.
2084 1750 2140 1783 ac
2165 1734 2502 1783 Ponticum.—

291 1799 357 1846 22
390 1797 541 1845 Voss.
568 1802 615 1847 1.
642 1799 922 1854 Quindecim
942 1800 1143 1850 dierum.
1210 1801 1344 1850 Mer.
1372 1801 1533 1865 Rupes
1551 1799 1604 1849 in
1622 1816 1674 1851 eo
1699 1800 1770 1850 X.
1787 1800 2057 1850 circumitu.
2125 1800 2273 1848 Voss.
2294 1804 2344 1848 2.
2365 1801 2418 1848 in
2434 1802 2501 1848 al·

295 1862 540 1920 titudine5
597 1863 739 1913 Pith.
782 1866 833 1913 in
865 1865 1166 1915 altitudinem
1199 1866 1429 1928 procedit.
1497 1868 1728 1915 Floreat.
1770 1866 1917 1916 Leid.
1947 1867 2100 1914 Voss.
2144 1870 2186 1914 l.
2211 1868 2260 1913 2.
2285 1866 2424 1914 Dan.
2448 1873 2503 1913 et

291 1926 412 1975 Pal.
439 1931 484 1976 1.
511 1927 563 1975 in
584 1943 690 1989 quo.
758 1929 914 1978 Voss.
947 1934 997 1978 2.
1039 1930 1471 1981 Prometheae-23
1508 1932 1662 1981 Voss.
1692 1937 1739 1981 1.
1770 1935 1820 1981 2.
1845 1940 1901 1980 et
1925 1929 2060 1979 Mer.
2086 1929 2338 1979 omittunt
2359 1931 2504 1978 mitti-

292 1993 398 2050 Ims,
419 2006 514 2055 pro
538 2007 639 2056 quo
667 1994 853 2044 Fauch.
879 1994 1068 2043 mnibus
1083 2011 1102 2052 ,·
1152 1994 1277 2045 Ald.
1299 1996 1470 2046 millia.
1540 1997 1678 2046 Pith.
1715 2011 1956 2047 servorum
1991 1996 2325 2054 Macedonum,

2361 1994 2500 2059 quod

294 2072 470 2108 verum
493 2065 644 2120 putat
670 2059 1068 2109 Freinshemius,
1134 2062 1288 2110 Voss.
1312 2066 1359 2112 2.
1386 2063 1460 2112 uti
1481 2062 1704 2112 dedisset.
1772 2063 1921 2112 Voss.
1939 2067 1986 2112 1.
2004 2061 2374 2110 Alexandream.

1287 2192 1508 2242 NOTAE

288 2283 560 2335 confudit:
618 2288 762 2351 cujus
812 2288 1003 2338 erroris
1043 2303 1107 2339 ea
1150 2290 1356 2340 videtur

289 2365 433 2427 origo
457 2364 712 2425 extitisse,
736 2366 873 2431 quod
906 2367 1113 2416 unicum
1139 2381 1202 2417 ex
1230 2366 1355 2417 duo-

288 2443 382 2493 bus
410 2443 713 2507 Caucasum,
736 2460 892 2495 unum
917 2459 1122 2512 quoque
1144 2459 1211 2497 ex
1227 2445 1354 2496 duo·

289 2521 384 2568 bus
418 2521 631 2570 Tanaim
667 2520 883 2571 feceritz
925 2537 1081 2587 quare
1116 2537 1234 2572 cum
1269 2522 1353 2572 alii

290 2598 500 2661 Caspio,
524 2600 610 2647 alii
635 2599 855 2648 Pontico
878 2599 1013 2648 Mari
1036 2597 1240 2648 misceri
1255 2599 1354 2648 Ta-

291 2677 452 2734 naim,
481 2691 575 2740 per
600 2677 834 2725 Maeotim
857 2675 1137 2736 'videlicet,
1160 2676 1355 2726 scribe-

289 2759 442 2815 rent3
473 2768 797 2818 consequeus
820 2761 939 2803 erat
977 2760 1036 2803 ut
1073 2769 1137 2802 ex
1157 2753 1356 2817 duplici

287 2842 491 2895 quoque
518 2833 641 2880 mari
667 2832 872 2881 unicum
896 2829 1145 2881 efficeret.
1201 2830 1354 2882 Quod

286 2923 383 2969 ego
407 2907 472 2955 de
497 2908 664 2957 Curtii
692 2914 866 2956 mente
896 2907 1227 2956 verisimilius
1251 2906 1355 2956 dici

286 2993 433 3050 puto,
452 2985 492 3033 si
518 2992 726 3034 constat
749 2985 859 3048 ipse
878 2985 993 3047 sibi,
1016 3001 1187 3049 quam,
1212 2985 1351 3050 quod

286 3063 375 3111 ulii
392 3070 595 3126 putant,
613 3063 857 3125 Caspium
875 3061 940 3110 ab
966 3061 1052 3111 illo
1071 3068 1125 3110 et
1148 3063 1353 3126 Hyrca·

284 3156 408 3189 num
429 3142 633 3204 penitus
652 3139 919 3200 distingui,
942 3146 1002 3187 ut
1024 3139 1135 3203 ipse
1152 3139 1358 3203 quibus·

288 3218 408 3266 dam
433 3220 597 3267 visum
633 3232 748 3265 esse
774 3216 982 3265 dixerat
1017 3216 1103 3266 lib.
1129 3230 1204 3266 vr.
1238 3231 1355 3280 cap.

285 3300 338 3369 ἢ.
386 3294 462 3343 Ibi
487 3284 624 3343 enim
648 3295 774 3343 satis
800 3301 981 3358 aperte
1003 3294 1192 3343 sentire
1217 3294 1356 3344 vide-

287 3379 373 3421 tur
395 3372 600 3421 unicum
626 3387 759 3421 esse.

351 3459 373 3482 v
413 3450 597 3513 Rupes]
625 3450 708 3498 De
734 3464 864 3512 rupe
890 3462 1093 3512 quoque
1115 3447 1222 3510 illa,
1243 3446 1354 3497 sive

288 3528 467 3590 potius
490 3527 555 3575 de
572 3540 734 3590 specu
755 3525 896 3574 intra
914 3538 1096 3587 rupem
1120 3522 1356 3574 meminit

289 3605 428 3669 apud
449 3604 725 3654 Arrianum
751 3603 1119 3652 Eratosthenes
1142 3609 1197 3650 et
1214 3616 1355 3651 corn-

289 3688 520 3730 mentum
544 3680 746 3729 irridet.
801 3680 978 3729 Decem
998 3677 1179 3741 stadia]
1204 3677 1354 3727 Mille

286 3760 540 3808 ducentos
561 3757 940 3823 quinquaginta
964 3770 1158 3819 passus.
1221 3756 1354 3811 Qua-

289 3835 424 3898 tuor]
460 3834 785 3898 Quingentos
821 3845 1018 3898 passus.
1084 3833 1173 3881 De
1210 3844 1355 3881 mon-

286 3914 414 3961 tium
442 3911 715 3960 altitudine
739 3911 896 3959 docte
933 3908 1147 3972 fuseque
1182 3906 1356 3972 dispu-

288 3998 366 4040 tat
391 3991 607 4038 Vossius
628 3991 681 4037 in
704 3989 899 4038 Melam
923 3987 1012 4037 lib.
1038 4000 1102 4036 u.
1126 4001 1242 4050 cap.
1265 3991 1314 4036 2.
1346 3981 1350 3987 ’

354 4077 386 4101 W
427 4067 728 4130 Promethea]
775 4065 1143 4115 Prometheum
1179 4064 1356 4114 Graeci

287 4146 490 4195 faciunt
506 4145 685 4207 Japeti
708 4143 888 4205 filium,
912 4143 1250 4194 Deucalionis
1271 4156 1357 4205 pa-

286 4232 421 4272 trem
442 4241 453 4270 2
479 4224 626 4286 cujus
642 4223 708 4270 de
729 4221 943 4270 crimine
963 4235 1024 4269 ac
1044 4234 1197 4283 poena
1214 4226 1355 4269 uotae

286 4311 405 4349 sum
429 4300 731 4349 Graecorum
757 4297 961 4347 fabulae·
1018 4297 1159 4351 Quid
1181 4291 1354 4347 auteai

1431 2291 1513 2339 his
1550 2292 1660 2339 veri
1695 2291 1877 2350 subsit,
1909 2289 2173 2340 docebunt
2209 2288 2420 2338 Servius
2450 2290 2500 2338 in

1431 2369 1581 2433 Virg.
1610 2369 1791 2433 Eclog.
1818 2383 1898 2419 vr.
1958 2367 2160 2417 Natalis
2195 2367 2381 2416 Comes
2413 2367 2503 2418 lib.

1434 2460 1516 2498 ιν.
1533 2463 1649 2512 cap.
1666 2451 1715 2498 6.
1737 2446 2003 2511 Gor-opius
2020 2446 2260 2496 Becanus
2277 2445 2327 2494 in
2348 2444 2504 2494 Indo-

1434 2526 1728 2590 Scythicis:
1767 2529 1855 2591 qui
1883 2528 1972 2574 lias
2002 2527 2065 2573 ad
2104 2523 2342 2574 Indicum
2367 2523 2502 2573 Cau-

1436 2616 1614 2651 casum
1654 2602 1833 2658 refert,
1871 2617 1987 2652 cum
2026 2600 2211 2665 reliqui
2240 2598 2405 2649 ferme
2435 2601 2503 2648 de

1436 2680 1689 2740 Scythico
1712 2679 2029 2741 intelligant.

1503 2763 1529 2789 ¹
1560 2756 1933 2819 Alexandriam]
1955 2755 2058 2807 Qui
2081 2754 2132 2803 iu
2159 2754 2392 2803 Caucaso
2414 2754 2506 2802 de-

1436 2834 1578 2897 cepti
1603 2839 1741 2895 sunt,
1765 2847 1826 2882 ac
1854 2831 1918 2881 de
1954 2844 2074 2879 vero
2097 2829 2350 2893 capienda
2371 2832 2506 2879 exis·

1434 2910 1683 2960 timarunt
1718 2911 1831 2959 haec
1864 2908 2034 2957 omnia
2066 2922 2183 2972 quae
2207 2905 2509 2956 Alexander

1436 3000 1676 3041 narratur
1724 2989 1791 3038 ad
1849 2989 2141 3041 Caucasum
2188 2986 2427 3050 gessisse,
2469 2986 2505 3034 ii

1432 3065 1567 3114 hanc
1583 3063 1952 3114 Alexandriam
1974 3063 2037 3112 ad
2056 3062 2354 3128 Scythicum
2370 3061 2507 3112 Cau-

1436 3156 1614 3191 casum
1653 3142 2071 3200 traustulerunt3
2106 3138 2395 3202 eodemque
2427 3152 2506 3186 er-

1434 3234 1555 3268 rore
1582 3219 1898 3270 Ptolemaeus
1938 3218 2073 3266 ultra
2103 3217 2240 3265 hunc
2274 3215 2505 3267 Alexan-

1435 3297 1518 3345 dri
1539 3297 1805 3346 columnas
1829 3294 2023 3358 posuit,
2047 3308 2174 3358 quas
2206 3293 2339 3341 ultra
2362 3291 2507 3340 Indi-

1435 3388 1554 3424 cum
1576 3370 1734 3421 fuisse
1756 3373 2014 3420 excitatas
2038 3369 2277 3432 disputat
2309 3367 2508 3416 Salma-

1435 3448 1545 3496 sius
1581 3447 1647 3496 ad
1678 3445 1844 3496 Solini
1881 3460 1999 3508 cap.
2022 3448 2104 3494 38.
2127 3450 2182 3493 et
2205 3453 2389 3506 aperte
2414 3444 2507 3492 de-

1434 3529 1693 3572 monstrat
1715 3521 1992 3586 Dionysius
2015 3519 2227 3583 Perieg.
2251 3532 2300 3570 v.
2325 3523 2471 3569 1162.

1500 3606 1526 3633 ⁸
1550 3598 1830 3661 Celer-itate]
1856 3598 1969 3647 Etsi
1992 3611 2093 3646 non
2118 3595 2342 3646 diffiteor
2362 3611 2505 3660 mag·

1435 3690 1551 3725 nam
1577 3676 1736 3726 fuisse
1759 3674 2043 3725 Alexandri
2066 3675 2118 3722 in
2144 3675 2304 3725 Besso
2330 3687 2506 3736 perse·

1438 3753 1643 3818 quendo
1668 3752 2012 3807 celeritatem,
2042 3758 2099 3799 ut
2135 3751 2188 3801 iu
2220 3757 2330 3800 tota
2352 3748 2506 3801 Asia·

1436 3832 1544 3880 tica
1574 3829 1939 3893 expeditione3
1972 3826 2100 3877 illud
2120 3833 2295 3877 tamen
2318 3827 2505 3876 mirum

1437 3908 1602 3956 videri
1628 3914 1803 3971 potest
1824 3904 2160 3971 quamobrem
2194 3917 2261 3953 ex
2300 3903 2506 3968 Hyrca-

1436 3986 1523 4035 nia
1556 3992 1661 4034 tam
1699 3985 1852 4046 longo
1888 3989 2140 4031 terrarum
2164 3980 2384 4030 circuitu
2408 3994 2507 4044 per

1437 4062 1634 4122 Ariam,
1651 4062 2028 4124 Drangiauam,
2040 4056 2391 4117 Arachosiam,
2406 4059 2507 4105 Pa·

1437 4140 1811 4204 rapamisadaS,
1833 4143 1931 4187 stc.
1951 4138 2002 4186 in
2026 4135 2361 4186 Bactrianam
2383 4148 2506 4182 cou-

1438 4217 1699 4267 teuderit:
1758 4230 1912 4280 quam
1955 4215 2182 4264 rectiore
2222 4226 2282 4261 ac
2327 4212 2502 4261 multis

1439 4294 1678 4359 partibus
1712 4294 1970 4356 breviore,
1994 4290 2116 4358 (uisi
2148 4304 2238 4339 nos
2271 4288 2506 4353 Geogra-
