2978 4933
415 388 571 458 '330
883 404 948 463 Q.
995 398 1256 449 cuu‘rn
1310 396 1489 447 uum
1539 396 1686 445 Lm.
1733 396 1837 444 ιν.
1885 397 2051 445 cAr.
2097 378 2202 444 14.

444 557 598 628 star,
627 548 892 614 vinctos
922 547 1157 611 habet:
1197 545 1331 610 nisi
1364 543 1548 629 quod
1577 544 1648 607 in
1682 541 1880 608 vobis
1934 546 2058 620 est,
2080 541 2106 578 ¹
2148 539 2300 625 ipse
2341 557 2470 622 ego
2495 558 2645 605 ma-

435 654 587 737 jore
635 658 823 735 parte
866 648 1056 734 [mei]
1094 648 1407 732 captivus
1464 666 1637 712 sum.
1723 643 1983 729 Eripite
2025 642 2295 708 viscera
2341 660 2497 707 mea
2554 659 2646 705 ex

446 754 768 820 vinculis:
814 750 1133 817 restituite
1176 750 1339 815 mihi
1369 750 1670 833 pignera,
1701 767 1823 833 pro
1855 746 2097 831 quibus
2123 746 2274 829 ipse
2303 744 2476 809 mori
2505 763 2643 809 non

446 874 708 933 recuso,
758 861 1127 938 parentem,
1165 853 1450 933 liberos;
1495 870 1651 915 nam
1705 850 2060 935 conjugem
2111 849 2179 912 in
2220 846 2345 912 illo
2378 861 2642 913 carcere

452 958 675 1024 amisi.
770 956 879 1021 23.
924 955 1210 1031 Credite,
1269 972 1446 1019 nunc
1491 971 1725 1017 omnes
1767 952 2027 1019 tendere
2076 950 2165 1015 ad
2212 969 2340 1014 vos
2384 966 2640 1024 manus,

444 1061 801 1145 implorare
841 1057 1096 1142 patrios
1126 1059 1341 1135 Deos,
1395 1076 1592 1140 opem
1639 1061 1944 1131 vestram,
1989 1052 2538 1131 misericordiam,
2567 1051 2645 1115 fi-

450 1163 602 1234 dem
634 1180 1027 1246 exposcere,
1075 1170 1154 1226 ut
1197 1160 1539 1237 servitute,
1586 1165 1660 1224 ut
1709 1155 2172 1241 compedibuS,
2200 1159 2272 1218 ut
2298 1154 2598 1239 precario
2618 1149 2644 1188 ¹¹

446 1267 631 1330 victu
661 1266 852 1349 ipsos
883 1264 1199 1330 liberetis.
1279 1259 1391 1326 An
1422 1263 1717 1339 creditis,
1763 1279 1962 1344 aequo
2004 1259 2228 1323 animo
2255 1257 2342 1321 iis
2373 1255 2644 1333 servire,

450 1388 734 1452 quorum
763 1387 955 1450 reges
987 1386 1140 1431 esse
1167 1364 1625 1431 fastidiunt't'·
1675 1365 1785 1431 24.
1831 1363 2060 1428 Video
2107 1359 2445 1425 admoveri
2490 1358 2647 1423 hos-
2704 1361 2713 1368 ’

451 1474 617 1537 tium
647 1470 896 1537 aciem:
941 1470 1057 1535 sed
1100 1489 1233 1554 quo
1262 1468 1543 1552 propius
1571 1468 1928 1534 discrimen
1955 1464 2234 1554 accedo,
2264 1463 2398 1527 hoc
2428 1464 2647 1527 minus

451 1576 560 1651 iis,
591 1593 744 1661 quae
773 1573 945 1652 dixi,
983 1592 1261 1659 possum
1310 1590 1464 1636 esse
1509 1576 1877 1637 contentus.
1954 1567 2090 1633 Per
2127 1586 2253 1648 ego
2303 1586 2427 1631 vos
2457 1566 2648 1631 Deos

452 1675 740 1760 patrioS,
773 1684 1222 1758 aeternumque
1246 1671 1509 1758 ignem,¹
1536 1676 1652 1758 qui
1680 1672 2023 1758 praesertur
2048 1671 2396 1756 altaribuS,
2435 1669 2649 1753 fulgo·

451 1798 723 1862 remque
777 1779 960 1844 Solis
1006 1780 1183 1844 intra
1231 1778 1400 1842 fines
1442 1779 1628 1861 regni
1671 1778 1805 1842 mei
1843 1774 2145 1851 orientis,
2183 1793 2303 1858 per
2330 1777 2650 1839 aeternam

452 1881 835 1947 memoriam
868 1882 1053 1967 Cyri,
1083 1881 1198 1965 qui
1220 1887 1262 1916 ¹¹¹
1316 1879 1661 1946 ademtum
1682 1878 1911 1946 Medis
1940 1877 2285 1962 Lydisque
2302 1877 2657 1960 imperium

486 2099 490 2104 ·
515 2064 542 2096 ἃ
576 2066 633 2115 Se·
647 2067 700 2117 id
720 2068 954 2132 excipiam
974 2067 1084 2129 mei,
1104 2068 1226 2132 quod
1247 2067 1300 2117 in
1319 2065 1449 2118 vobis
1468 2066 1634 2117 habeo·
1763 2063 1779 2099 ⁸
1815 2065 1996 2124 Quibus
2011 2065 2243 2130 imperem
2261 2064 2657 2126 dedignere-tur.

1370 2186 1735 2216 mm

462 2281 507 2352 J.
530 2281 578 2326 2.
610 2278 761 2353 uictos
782 2278 938 2330 habet.
1006 2279 1144 2329 Mer.
1165 2278 1290 2329 nisit
1308 2281 1500 2344 quiden·
1519 2280 1572 2330 in
1589 2279 1724 2330 mois
1745 2283 1817 2329 est
1829 2293 1851 2338 ,⁶
1882 2275 2111 2330 Flooent.
2137 2275 2280 2328 Leid.
2302 2281 2358 2327 et
2379 2274 2523 2326 Pitb.
2542 2275 2658 2338 quid

454 2356 506 2388 ιιι
527 2342 674 2402 vobis,
695 2344 883 2393 omisso
904 2342 999 2393 nisi
1013 2360 1034 2403 ,·
1068 2344 1261 2394 Fauch.
1280 2346 1476 2396 omittit
1499 2345 1657 2394 etiarn
1690 2343 1787 2394 nisi
1821 2351 1876 2395 et
1898 2344 2305 2407 superscriptum
2339 2341 2498 2390 habet
2518 2355 2656 2404 quw,-

458 2405 687 2483 Fiorent.
728 2407 1066 2484 ‘Leia-Voss.
1089 2413 1137 2457 l.
1174 2408 1343 2474 Lugd.
1382 2416 1439 2459 et
1478 2408 1646 2460 Amst.
1673 2409 1920 2460 omittunt
1941 2413 2035 2470 est,
2056 2407 2314 2472 probante
2334 2405 2657 2460 Schmieder.

454 2485 549 2545 ’.ηπ
577 2474 699 2548 quod
719 2487 772 2523 m
792 2474 923 2523 eolus
942 2480 1015 2523 est
1037 2474 1151 2523 Pal.
1173 2478 1219 2526 1.
1251 2482 1307 2524 et
1334 2475 1453 2526 edd.
1475 2481 1606 2526 vett.
1629 2483 1684 2526 et
1703 2481 1929 2527 recenti.
1962 2481 1977 2503 ⁴
2000 2476 2141 2537 Lege
2165 2489 2229 2523 ex
2251 2472 2405 2522 codd.
2427 2472 2523 2521 nisi
2542 2471 2658 2534 qna-id

456 2551 509 2584 sa
545 2536 675 2586 cobis
709 2539 810 2601 spei
846 2538 954 2587 est!
989 2538 1171 2589 Heius.
1205 2537 1380 2600 maiore
1415 2540 1510 2590 mei
1541 2546 1676 2605 parte
1712 2541 1941 2591 Florent-
1983 2540 2132 2592 Leid.
2156 2540 2305 2588 Voss.
2325 2541 2374 2588 2.
2408 2537 2575 2600 Bong.
2601 2544 2657 2585 et

457 2601 673 2652 Theocr.
693 2603 871 2666 majore
906 2604 958 2653 in
991 2609 1128 2667 parte
1151 2605 1301 2656 Voss.
1325 2609 1373 2656 1.
1404 2621 1492 2669 pro
1523 2621 1571 2669 q.
1608 2606 1702 2670 ipsi
1733 2606 1965 2656 Florent.
1989 2605 2136 2656 Leid.
2157 2605 2310 2654 Voss.
2334 2607 2381 2654 1.
2401 2607 2453 2652 2.
2485 2602 2656 2665 Bong.

459 2666 628 2731 Lngd.
667 2678 721 2717 et
758 2666 924 2719 Amsf.
972 2683 1064 2718 non
1095 2670 1330 2720 recusatis
1381 2672 1610 2721 Florent.
1658 2670 1805 2721 Leid.
1837 2673 1990 2720 Voss.
2026 2676 2073 2720 l.
2106 2675 2155 2720 2.
2190 2669 2361 2731 Bong.
2396 2675 2454 2717 et
2485 2665 2656 2718 Amst.

456 2746 548 2806 non
589 2734 846 2782 recu-sarim
884 2733 1019 2798 conj.
1058 2733 1322 2786 Heinsius.
1368 2734 1423 2784 in
1463 2736 1549 2786 illa
1583 2750 1770 2789 earcere
1812 2736 1983 2797 Bong.
2025 2738 2201 2786 1.-23
2254 2734 2370 2782 Pal.
2415 2737 2466 2782 1.
2508 2731 2658 2781 omit-

439 2801 524 2863 >tit
546 2811 734 2853 omnes,-
762 2799 994 2848 Florent.
1015 2806 1069 2847 et
1086 2800 1237 2851 Voss.
1263 2805 1308 2850 l.
1330 2799 1605 2850 exhibent:
1630 2813 1788 2849 omnes
1807 2800 1892 2850 hos
1908 2802 2130 2857 tendere:
2163 2798 2306 2849 Leid-
2331 2812 2486 2846 omnes
2505 2803 2657 2847 osten·

457 2862 598 2936 dere,-
620 2862 767 2937 yoss.
790 2866 844 2937 2.
861 2861 981 2912 Ald.
1004 2864 1140 2914 Mer.
1160 2866 1279 2915 Bas.
1301 2872 1356 2915 et
1376 2865 1489 2914 Coi.
1510 2880 1667 2914 omnes
1688 2867 1940 2915 extendere
1953 2880 1972 2923 ‚·
1991 2864 2106 2914 Pal.
2127 2870 2171 2914 1.
2192 2860 2347 2912 etiam
2369 2864 2625 2912 extendere
2638 2879 2658 2920 ,-

460 2924 707 2976 Heinsius
730 2941 865 2989 conJ.
899 2942 1055 2977 omnes
1074 2929 1339 2979 obtendere.
1405 2930 1554 2979 Voss.
1576 2934 1624 2980 2.
1658 2930 1720 2978 ad
1740 2944 1843 2981 nos.
1908 2929 2042 2979 Haec
2064 2930 2164 2979 tria
2185 2929 2374 2979 verba:
2410 2928 2658 2989 implume

454 3003 503 3050 p.
537 2989 688 3064 Qeos,
722 3004 818 3054 pro
841 2992 1151 3052 glossemate
1175 2993 1368 3044 habent
1389 2993 1582 3043 Heum.
1605 3002 1660 3043 et
1684 2995 1869 3045 Bothe.
1936 2996 2087 3046 Voss.
2114 2999 2161 3044 1.
2184 2999 2237 3044 ut
2260 2992 2573 3057 compedibus,
2604 2996 2658 3041 ut

457 3057 721 3128 serotinae,-
775 3055 925 3106 Voss,
960 3061 1011 3105 2.
1045 3059 1293 3120 servitute,
1332 3058 1641 3122 compedibus,
1669 3059 1905 3122 precario,
1937 3066 2020 3109 ter
2060 3066 2112 3108 ut
2155 3059 2361 3110 omisso.
2430 3058 2656 3107 Floreat.

458 3116 608 3166 Letd.
629 3118 779 3196 Voss.
804 3124 849 3168 l.
871 3124 921 3169 2.
946 3121 1112 3185 Bong.
1136 3131 1192 3172 et
1215 3124 1351 3173 Mer.
1374 3123 1450 3172 his
1468 3123 1666 3173 servire.
1723 3124 1830 3175 Pro
1851 3124 2118 3185 fastidiunt
2140 3124 2372 3173 Freinsh.
2396 3124 2654 3187 conjecta·

459 3181 553 3230 bat
573 3182 990 3243 fastidiunt—24
1025 3187 1139 3236 Pal.
1165 3191 1212 3236 1.
1248 3188 1401 3238 Voss.
1423 3191 1472 3237 2.
1503 3188 1715 3238 ’ἙιιιιοΙι.
1752 3197 1807 3239 et
1846 3189 1988 3239 Pith.
2022 3191 2103 3240 sed
2133 3205 2225 3253 qua
2317 3188 2466 3252 opius.
2533 3187 2653 3237 Mox

457 3246 577 3317 Pal.
601 3252 646 3297 1.
671 3257 725 3298 et
749 3249 870 3300 edd.
891 3257 1023 3299 vett.
1060 3253 1235 3301 Precor
1265 3268 1345 3302 vos
1373 3268 1461 3317 per
1502 3254 1632 3303 Deos
1664 3256 1881 3317 ,Μενίου
1916 3255 2082 3304 Modii
2124 3263 2180 3305 et
2273 3254 2421 3304 einsii
2463 3253 2653 3302 monitu

460 3312 883 3379 Snakenburgius
909 3315 1101 3367 edidit:
1137 3318 1239 3368 Per
1260 3333 1347 3380 ego
1369 3334 1449 3368 vos
1471 3319 1603 3369 Deos
1627 3320 1812 3383 patrios
1826 3335 1846 3379 ,·
1880 3327 1935 3369 et
1956 3321 2028 3369 ita
2049 3320 2271 3371 Theoer.
2294 3320 2485 3386 aliique
2508 3316 2655 3369 codd.

1446 3431 1663 3483 NOTAE

517 3509 543 3543 ¹¹
574 3509 828 3574 Precor-io]
861 3509 939 3562 Ut
958 3527 1046 3563 eos
1067 3512 1430 3563 anecessitate
1452 3512 1515 3562 li·
1598 3514 1739 3563 Intra
1767 3513 1921 3580 fines]
1954 3513 2150 3564 Putida
2186 3514 2490 3580 hyperbole.
2555 3515 2654 3564 Vix

454 3584 650 3634 bei-etis
691 3588 835 3650 quasi
883 3586 1238 3638 emendicandi
1278 3588 1445 3638 victus
1484 3604 1517 3638 a
1574 3589 1738 3653 ‘Asiae
1773 3590 1996 3641 medium
2028 3591 2240 3654 attingit
2264 3590 2452 3640 Persia
2475 3589 2655 3642 Orien·

456 3662 848 3719 Macedonibus.
913 3664 1019 3714 Sed
1049 3665 1162 3714 haec
1197 3679 1377 3728 parum
1411 3665 1514 3715 sin·
1598 3672 1703 3717 tem
1728 3682 1923 3719 versus.
1991 3669 2151 3718 Certe
2182 3668 2424 3731 ignorare
2449 3680 2550 3716 non
2572 3680 2662 3730 po·

455 3751 577 3787 cere
601 3739 790 3789 Darius
814 3740 965 3803 dixit,
1002 3739 1067 3806 (si
1092 3740 1226 3791 dixit
1243 3748 1435 3805 tamen,
1457 3746 1515 3793 et
1599 3743 1701 3793 tuit
1729 3743 1896 3794 Iudiae
1933 3744 2074 3808 prius
2096 3745 2261 3794 multo
2285 3757 2438 3808 quam
2465 3742 2658 3794 Persiae

455 3827 555 3860 non
579 3814 754 3876 potius
779 3830 809 3864 a
833 3818 1015 3867 Curtio
1038 3817 1230 3867 dixisse
1256 3815 1513 3882 fingitun)
1593 3818 1718 3869 oriri
1739 3820 1917 3870 solem.
2120 3850 2121 3853 =

456 3903 571 3937 cum
612 3900 767 3941 antea
821 3907 939 3956 cap.
985 3899 1065 3944 ll.
1109 3895 1300 3957 gratias
1345 3895 1514 3959 egerit
1656 3902 1694 3929 ¹¹³
1730 3897 1870 3960 Cyri,
1912 3897 2020 3961 qui]
2080 3898 2271 3961 Cyrus,
2314 3904 2375 3946 ut
2418 3897 2657 3959 diximus,

456 3964 754 4015 Alexandro
783 3981 877 4029 per
898 3968 1117 4032 legatos,
1137 3970 1272 4036 quod
1295 3979 1514 4021 matrem
1595 3972 1797 4022 Persici
1845 3974 2048 4038 imperii
2095 3974 2356 4036 conditor,
2415 3973 2659 4040 Astyagis

455 4046 511 4090 et
533 4040 665 4089 iiiias
686 4044 908 4106 speciem
938 4047 1167 4108 pristinae
1190 4046 1412 4098 fortuna:
1436 4062 1514 4098 re·
1597 4049 1872 4100 Medorum
1917 4051 2080 4113 Regis
2116 4064 2278 4114 nepos
2307 4065 2374 4099 ex
2398 4051 2657 4102 Mandane

457 4119 627 4167 tinere
652 4127 941 4182 pateretur.
1594 4126 1724 4190 iiiia,
1747 4128 1970 4193 spoliato
1994 4142 2090 4177 avo
2116 4141 2329 4191 regnum
2367 4127 2434 4176 ad
2474 4127 2654 4177 Persas

519 4193 535 4228 ¹
567 4194 817 4243 AEtermtm
838 4196 1025 4260 ignem]
1049 4197 1133 4248 De
1157 4200 1276 4264 igne
1300 4207 1518 4266 aeterno,
1599 4205 1899 4255 transtulit:
1950 4205 2186 4260 Croesum
2237 4218 2446 4270 quoque
2501 4203 2656 4269 Lydo·

454 4271 623 4336 deque
653 4271 922 4338 altaribus,
947 4275 1064 4325 vide
1098 4276 1188 4327 lib.
1214 4292 1302 4331 ιιι.
1323 4294 1443 4345 cap.
1465 4285 1515 4331 3.
1600 4294 1712 4331 rum
1758 4281 1950 4345 Regem
1998 4280 2143 4343 vicit,
2188 4295 2249 4331 ac
2294 4281 2466 4331 vivum
2502 4280 2651 4345 cepit.
