2978 4933
770 428 849 479 ιΝ
900 426 1254 492 QUmTUM
1304 424 1656 477 cUR‘rmM
1707 427 1998 478 RUFUM.
2060 488 2072 496 ⁴
2391 411 2478 473 45

270 576 482 664 μακροὶ
530 577 686 661 αὐτῷ
729 572 1035 660 ἐγίγνοντο,
1092 577 1254 636 ἀλλὰ
1314 569 1720 662 φιλοφροσύνης
1768 580 1866 651 τῆς
1911 576 1985 648 εἰς
2039 571 2163 646 τοὺς
2199 570 2477 657 «ἑταίρους.

269 687 441 762 (vu.
475 678 583 745 28.
612 676 712 763 9.)
758 679 1032 744 Pastum
1048 678 1245 742 illum
1269 679 1686 757 immensum,
1712 697 1849 762 quo
1869 677 2225 761 instigatus
2254 677 2341 743 ad
2372 678 2475 760 ip-

270 782 418 847 s'am
450 776 1222 864 ᾶίνίιιίῐὲὺεωειερίῐαῐεῐ
1263 778 1675 859 Alexander,
1711 781 1952 845 ¹eodem
1984 780 2192 845 modo
2222 774 2479 863 obtegit

268 883 542 950 1.1.”Οτι
568 876 623 947 δὲ
648 888 720 958 εἰς
751 880 861 946 θεὸν
882 885 979 961 τὴν
1001 882 1220 969 γένεο-ιν
1241 886 1338 962 τὴν
1369 884 1544 946 αυτοῦ
1562 881 1838 971 ἀνέφερεν,
1853 885 1971 947 ὀὐδὲ
1990 889 2152 947 τοῦτο
2183 882 2302 962 ἐμοὶ
2333 885 2482 947 δοκεῖ

270 987 408 1051 εἶναι
432 985 597 1113 μέγα
625 988 784 1072 αὐτῷ
804 988 867 1051 τὸ
895 986 1316 1070 πλημμέλημα,
1348 991 1392 1049 εἰ
1421 990 1501 1070 μὴ
1535 987 1632 1049 καὶ
1663 983 1933 1069 σόφισμα
1964 984 2025 1064 ἦν
2055 988 2234 1071 τυχὸν
2264 989 2318 1060 ἐς
2347 988 2472 1061 τοὺς
2544 1062 2548 1066 ,

267 1089 541 1168 ὑπηκόους
590 1097 688 1155 τοῦ
733 1097 936 1172 σεμνοῦ
977 1089 1157 1158 ἕνεκα.
1233 1090 1459 1176 Atque
1488 1092 1583 1156 ita
1613 1094 1767 1176 ipse
1797 1093 1913 1157 ille
1948 1092 2246 1174 Epicteti
2277 1091 2477 1155 disci-

268 1196 504 1280 puluS,
539 1195 912 1278 disciplinae
943 1194 1198 1260 Stoicae
1229 1202 1550 1273 sectator,
1580 1197 1824 1280 ubique
1854 1194 2228 1259 adulatoris
2250 1196 2478 1280 potius

266 1298 497 1362 induit
527 1314 903 1381 personam,
938 1314 1139 1380 quam
1173 1296 1373 1363 amici
1405 1299 1737 1382 simplicis
1767 1299 2100 1374 veritatiS,
2126 1298 2479 1382 osorisque

266 1403 653 1486 pravitatis.
743 1398 959 1465 Curtii
1010 1405 1226 1464 autem
1265 1401 1670 1483 longissime·
1695 1401 1966 1465 diversa
2014 1401 2189 1465 ratio
2243 1406 2367 1478 est,
2412 1409 2481 1466 et

268 1504 431 1568 talis
466 1503 943 1569 assentationis
970 1505 1284 1587 exempla
1334 1501 1581 1570 frustra
1611 1505 1791 1588 apud
1838 1502 2024 1568 illum
2062 1504 2479 1588 quaesiveris,

268 1607 571 1684 Laudat,
603 1625 753 1691 quae
799 1606 1006 1672 laude
1030 1607 1243 1715 digna·
1269 1605 1548 1688 fuerunt,
1577 1626 1785 1692 prava
1814 1617 1970 1673 v‘ero
2001 1624 2218 1692 neque
2251 1609 2480 1672 obum-

267 1711 425 1775 brat
453 1729 693 1792 neque
703 1707 962 1774 infucat
1005 1729 1062 1773 e.
1092 1731 1152 1792 g·
1189 1709 1479 1774 v1.2.1.
1511 1718 1579 1774 et
1607 1711 1669 1775 2.
1735 1729 1830 1776 vl.
1860 1711 1923 1776 6.
1963 1714 2020 1775 l.
2048 1719 2117 1775 et
2143 1712 2205 1776 2.
2249 1713 2373 1788 ita,
2406 1717 2483 1776 ut

262 1811 546 1896 justius,
608 1813 853 1877 verius
893 1820 960 1879 et
1018 1813 1407 1878 concinnius
1463 1815 1585 1878 vix
1629 1816 1994 1898 quisquam
2040 1812 2483 1879 aestimaverit

192 2000 197 2003 ,
269 1915 773 1996 Alexandrum,
818 1918 1023 2001 quam
1067 1918 1182 1982 ille
1230 1934 1307 1982 x.
1351 1919 1418 1983 5.
1463 1917 1571 1984 26
1616 1939 1796 2002 seqq.
1842 1918 2026 1997 fecit,
2069 1938 2228 1982 nam
2257 1918 2483 1982 omnia

218 2028 224 2039 '
268 2026 619 2083 momento
654 2040 795 2085 suo
810 2019 1228 2104 ponderavit,
1260 2020 1442 2084 bona
1468 2022 1836 2099 recensuit,
1870 2020 1987 2085 sed
1999 2020 2237 2111 neque
2260 2019 2482 2083 multi·

271 2123 562 2206 plicavit
591 2142 811 2207 neque
836 2124 1048 2202 auxit,
1078 2124 1253 2190 vitia
1274 2143 1409 2187 non
1433 2124 1668 2200 tacuit,
1690 2123 1831 2203 sed,
1864 2109 2089 2207 prouti
2110 2122 2481 2187 communis

270 2225 658 2290 humanitas
690 2225 1011 2309 postulat,
1059 2225 1427 2290 excusavit
1457 2245 1675 2310 eaque
1706 2227 1815 2290 vel
1843 2225 2122 2291 fortunae
2154 2226 2262 2291 vel
2296 2224 2482 2290 aetati

274 2327 535 2407 tribuit.
936 2350 939 2351 ⁷
1288 2352 1291 2357 ·

361 2429 555 2495 Inter
583 2428 887 2496 Curtium
918 2441 988 2497 et
1018 2372 1390 2499 Diodorum
1422 2431 1755 2513 Siculum,
1786 2433 1902 2518 qui
1934 2433 2051 2499 lib.
2085 2449 2279 2498 xvn.
2314 2430 2482 2497 His—

273 2533 516 2600 toriam
547 2532 913 2599 Alexandri
943 2536 1279 2614 tractavit,
1309 2547 1676 2619 permagna
1705 2536 2060 2601 intercedit
2087 2536 2482 2614 similitude,

274 2636 567 2720 indeque
597 2636 857 2701 factum
886 2645 1015 2715 est,
1036 2636 1630 2702 ut‘Freinsbemius
1660 2639 1813 2704 init.
1845 2638 2483 2723 Supplementorum

278 2744 484 2824 atque
505 2739 870 2805 :cellarius
919 2740 1300 2824 Geograph.
1331 2740 1566 2825 Antiq.
1596 2741 1788 2806 Tom.
1822 2758 1903 2807 11.
1954 2762 2026 2825 p.
2062 2737 2212 2805 106.
2257 2741 2483 2806 Δοιέᾶε-

275 2849 447 2921 rent,
479 2840 782 2907 Curtium
811 2843 959 2908 ante
989 2844 1221 2908 oculos
1249 2843 1574 2910 habuisse
1604 2844 1995 2911 Diodorum.
2055 2844 2213 2923 Sed,
2237 2846 2295 2908 si
2320 2845 2483 2929 quid

274 2945 502 3022 video,
527 2944 1167 3028 ejussimilitudinis'
1197 2946 1268 3010 id
1297 2947 1526 3030 potius
1554 2966 1781 3011 causae
1809 2948 1958 3026 fuit,
2005 2948 2185 3032 quod
2211 2957 2484 3031 uterque

276 3046 636 3112 exiisdem
666 3046 973 3111 fontibus.
991 3048 1282 3113 hauriret
1312 3050 1610 3132 inprimis
1639 3069 1677 3113 e
1711 3049 2115 3131 Callisthene
2149 3060 2219 3116 et
2247 3052 2485 3116 Clitar-

277 3150 427 3214 cho.
459 3181 462 3183 v
521 3148 717 3213 Conf.
748 3148 1155 3233 Wesseling.
1191 3150 1357 3216 Not.
1398 3152 1466 3215 in
1497 3150 1782 3216 Diodor.
1812 3152 2009 3218 Tom.
2043 3172 2123 3217 11.
2155 3156 2303 3220 170.
2334 3156 2484 3221 230.

282 3250 643 3335 et-Heynii
674 3250 764 3316 V.
798 3251 908 3315 Ill.
940 3252 1386 3320 commentat.
1431 3253 1517 3318 de
1573 3254 1905 3320 Fontibus
1959 3263 2029 3321 et
2078 3258 2484 3322 Auctoribus

281 3354 738 3421 Historiarum
791 3355 1082 3420 Diodori
1132 3357 1225 3420 in
1251 3356 1689 3424 commentat.
1738 3359 1983 3425 Societ.
2031 3360 2197 3444 Reg.
2230 3361 2482 3425 Scient.

285 3457 741 3541 Goettingens.
772 3459 909 3523 vol.
945 3476 1016 3525 v.
1042 3467 1110 3523 et
1145 3477 1949 3524 v11.:.

365 3559 689 3624 Curtium
703 3559 1067 3626 Plutarcho
1097 3536 1489 3646 comparare
1517 3581 1649 3627 non
1677 3563 1857 3644 licet,
1901 3583 2055 3630 nam
2104 3563 2257 3629 huic
2291 3565 2484 3649 longe

282 3609 455 3727 alius
488 3667 647 3727 erat
690 3661 937 3740 σκοπὸς,
952 3684 1158 3758 quem
1204 3664 1373 3728 satis
1419 3664 1615 3748 plane
1661 3667 1811 3749 ipse
1852 3668 2176 3750 explicat,
2221 3669 2290 3731 in
2323 3668 2487 3733 Vita
2525 3671 2530 3676 ’
2627 3703 2650 3718 «ι

280 3766 657 3832 Alexandri
679 3767 778 3830 lta
790 3767 1119 3849 -praefatus
1141 3789 1158 3832 ε
1180 3763 1350 3830 Οὔτε
1365 3769 1488 3854 γοὶς
1516 3766 1765 3854 ἴστοςίας
1784 3768 2096 3854 γράφομεν,
2120 3772 2283 3832 ἀλλὰ
2307 3768 2483 3849 βίους·

285 3867 408 3933 οὔτε
435 3872 565 3943 ταῖς
602 3870 1078 3950 ἐπιφανεστάταις
1123 3867 1363 3958 πράξεσι
1407 3867 1633 3944 πάντως
1685 3870 1858 3934 ἔνεστι
1907 3871 2144 3949 δήλωσις
2190 3876 2407 3961 ἀρετῆς,
2452 3874 2483 3953 ἢ

284 3972 714 4051 κακίας,»οἰλλοὶ
741 3975 992 4058 πρᾶγμα
1023 3971 1226 4059 βραχύ
1255 3974 1541 4047 πολλάκις
1574 3971 1672 4035 καὶ
1705 3978 1879 4057 ῥῆμα,
1912 3975 2010 4039 καὶ
2050 3974 2243 4041 παιδιά
2268 4003 2353 4051 τις
2385 3976 2486 4058 ἔμ-

287 4096 456 4159 φασιν
486 4075 640 4152 ἤθους
685 4074 899 4151 ἐποίησε
927 4081 1188 4157 μᾶλλον,·
1227 4077 1258 4154 ἢ
1289 4074 1489 4163 μοίχαι
1523 4079 1892 4168 μυριόνεκροι,
1926 4080 2024 4142 καὶ
2050 4084 2486 4166 παρατάξειςαῖ

286 4178 717 4265 μέγισται,.καῗ
745 4177 1046 4264 πολιορκία
1067 4182 1301 4250 πόλεων.
1378 4178 1610 4268 ‘'ssa-nep
1653 4179 1742 4246 οὖν
1773 4188 1820 4245 οἶ
1852 4180 2135 4269 ζωγράφοι
2165 4182 2269 4255 τοῖς
2301 4180 2485 4264 ὁμοιό-

292 4282 600 4357 τηταςοέπό
633 4286 739 4345 τοῦ·
761 4281 1077 4367 προσώπου,
1115 4284 1214 4346 διαὶ
1251 4279 1358 4347 τῶν
1400 4284 1526 4370 περὶ
1556 4287 1652 4362 τὴν
1692 4280 1816 4362 ὄψιν
1845 4287 2014 4363 εἰδῶν,
2054 4282 2130 4360 οἷς
2158 4283 2481 4368 ἐμφαίνεται
