2978 4933
548 385 681 454 302
988 404 1055 465 Q.
1099 400 1364 453 cun'rn
1416 399 1595 482 aem
1648 397 1805 450 mm
1839 399 1939 451 ιν.
1987 403 2155 452 cn.
2201 387 2305 453 ll.

552 546 727 625 dem,
772 551 849 612 ut
884 543 1053 612 fides
1091 545 1276 612 faeta
1317 551 1440 626 est,
1469 566 1628 612 vera
1675 565 1848 626 esse,
1898 565 2056 632 qnae
2098 548 2460 615 affirmaret
2493 549 2723 634 spado,

550 648 780 734 capite
794 645 824 686 ¹¹
865 649 1091 715 velato
1139 648 1255 714 diu
1281 648 1509 715 flevit:
1561 650 2117 734 manantibusque
2152 651 2374 717 adhuc
2403 653 2725 737 lacrymis,

554 758 744 818 veste
774 754 864 818 ab
903 771 1016 818 ore
1063 752 1335 837 rejecta,
1380 753 1466 817 ad
1510 752 1757 818 coelum
1800 773 2038 819 manus
2083 755 2394 837 tendens;
2441 755 2598 820 ‘Dii
2623 774 2729 839 pa-

550 854 705 933 trii:
746 857 985 941 inquit,
1030 858 1052 895 ‘
1074 856 1360 941 primum
1391 856 1558 920 mihi
1585 855 1886 922 stabilite
1913 876 2226 940 regnum:
2274 857 2538 937 deinde,
2566 857 2629 924 si
2654 858 2729 923 de

550 978 658 1024 me
675 959 822 1044 jam
852 967 1267 1027 transactum
1293 966 1420 1036 est,
1449 978 1706 1045 precor,
1733 979 1820 1023 ne
1848 962 2001 1044 quis
2031 956 2221 1026 Asiae
2251 981 2374 1026 rex
2400 962 2511 1040 sit,
2540 981 2733 1047 quam

548 1062 677 1127 iste
705 1069 845 1129 tam
864 1065 1089 1150 justus
1115 1063 1362 1141 hostie,
1394 1069 1536 1127 tam
1562 1063 1941 1127 misericors
1972 1061 2227 1128 victor!

637 1181 751 1230 x1.
794 1167 856 1231 1.
905 1166 1148 1251 Itaque
1177 1186 1585 1251 quanquam,
1610 1184 1784 1251 pace
1815 1166 2059 1231 frustra
2083 1168 2191 1231 bis
2222 1166 2490 1251 petita,⁸
2522 1167 2735 1233 omnia

549 1266 624 1333 in
672 1270 917 1335 bellum
967 1271 1252 1335 consilia
1305 1275 1749 1348 converterat,
1807 1270 2034 1335 victus
2077 1276 2297 1335 tamen
2335 1270 2736 1336 continentia

550 1370 814 1452 hostis,¹’
842 1372 929 1438 ad
959 1392 1170 1439 novas
1199 1374 1395 1459 pacis
1427 1372 1847 1438 conditiones
1867 1373 2177 1439 ferendas
2207 1374 2439 1439 decem
2467 1375 2736 1456 legatos,

550 1482 981 1557 cognatorum
1003 1477 1373 1561 principes,
1404 1476 1621 1544 misit:
1669 1497 1844 1561 quos
1874 1476 2280 1556 Alexander,
2310 1477 2599 1543 consilio
2626 1476 2735 1542 ad-

550 1585 817 1659 vocato,
869 1582 891 1615 ‘
933 1579 1265 1646 introduci
1286 1579 1305 1607 ’
1349 1579 1574 1665 jussit.
1662 1581 1729 1648 2.
1777 1581 1838 1646 E
1883 1582 2134 1665 quibus
2179 1583 2515 1647 maximus
2559 1586 2734 1659 natu,

547 1685 570 1717 ‘
590 1681 914 1763 Darium,'
961 1685 1204 1769 inquit,
1248 1688 1271 1722 ‘
1292 1692 1365 1750 ut
1394 1705 1635 1770 pacem
1667 1705 1711 1752 a
1759 1693 1828 1751 te
1865 1686 2011 1770 jam
2052 1688 2183 1751 hoc
2230 1686 2419 1751 tertio
2465 1691 2735 1769 peteret,
2786 1685 2790 1688 ’

548 1787 732 1853 nulla
766 1788 873 1854 vis
901 1789 1212 1873 subegit3
1255 1789 1375 1854 sed
1420 1788 1688 1873 justitia
1718 1795 1787 1854 et
1815 1789 2221 1855 continentia
2264 1787 2440 1873 [tua]
2472 1805 2737 1873 expres-

551 1889 665 1958 sit.
749 1890 815 1956 3.
847 1891 1158 1971 Matrem,
1192 1892 1562 1978 conjugem,
1599 1891 1978 1977 liberosque
2018 1892 2184 1977 ejus,
2231 1891 2361 1958 nisi
2390 1892 2572 1977 quod
2601 1892 2736 1957 sine

549 1993 669 2060 illo
716 2001 885 2072 sunt,
930 2001 1176 2080 captos
1221 2014 1375 2061 esse
1418 2014 1553 2059 non
1597 1993 1845 2061 sensit:
1899 1994 2248 2078 pudicitiae
2297 2015 2548 2074 earum,
2592 2014 2736 2079 quae

551 2104 931 2185 supersunt,
960 2118 1189 2164 curam
1215 2097 1396 2163 haud
1429 2117 1629 2163 secus
1660 2117 1864 2182 quam
1893 2117 2132 2182 parens
2162 2118 2392 2183 agens,
2424 2104 2445 2138 ‘
2466 2096 2740 2182 reginas'

549 2202 861 2286 appellas
881 2222 903 2283 ς»
949 2202 1244 2287 speciem
1294 2200 1599 2284 pristinae
1651 2200 1933 2274 fortunae
1982 2202 2265 2267 retinere
2321 2200 2596 2285 pateriS.
2678 2201 2736 2266 4.

549 2303 835 2371 Vultum
880 2316 1072 2369 tuum
1115 2305 1343 2382 vide0,
1372 2305 1592 2389 qualis
1616 2311 1639 2340 ‘²
1678 2304 1874 2370 Darii
1903 2305 2054 2384 fuit,
2086 2324 2236 2372 cum
2266 2305 2739 2371 dimitteremur

551 2407 639 2473 ab
688 2425 809 2475 eo:
861 2414 928 2475 et
975 2408 1091 2475 ille
1141 2413 1365 2474 tamen
1418 2426 1718 2488 uxorem,
1753 2420 1822 2473 tu
1871 2407 2137 2476 hostem
2184 2409 2390 2493 luges.
2476 2408 2524 2475 J
2528 2429 2637 2475 am
2679 2408 2739 2472 in

549 2512 697 2578 acie
727 2510 994 2592 'stareS,
1052 2511 1188 2578 nisi
1251 2531 1415 2579 cura
1460 2517 1530 2575 te
1590 2512 1950 2596 sepulturae
1997 2513 2145 2597 ejus
2190 2519 2572 2579 moraretur.
2660 2510 2740 2574 Et

550 2616 718 2701 quid
743 2617 982 2688 mirum
1008 2622 1130 2697 est,
1159 2616 1218 2681 si
1262 2622 1398 2682 tam
1430 2616 1516 2680 ab
1542 2616 1762 2680 amico
1794 2615 2012 2681 animo
2044 2636 2284 2702 pacem
2313 2617 2493 2702 petit
2512 2617 2544 2682 ‘l
2590 2613 2740 2700 quid

1468 2800 1828 2824 comen

549 2898 966 2965 οωίοεοτῷφιε,·
1018 2900 1142 2952 Ald.
1162 2902 1486 2968 manibusque.
1554 2905 1692 2956 Mer.
1716 2904 1876 2954 abore
1896 2902 2111 2965 rdectas.
2166 2901 2316 2951 Voss.
2333 2904 2385 2950 2.
2417 2900 2649 2951 omittit:
2683 2900 2742 2947 ad

550 2966 716 3016 coelum
736 2981 902 3016 munus
920 2969 1131 3017 tendens.
1183 2968 1418 3019 Florent.
1446 2970 1647 3020 Voss.2
1650 2977 1744 3018 .et
1769 2970 1936 3033 Bong.
1959 2983 2019 3020 ne
2041 2967 2148 3032 quis
2163 2966 2340 3031 potius.

618 3034 646 3078 1
681 3030 912 3081 Floreat.
936 3031 1082 3082 Leid.
1092 3033 1421 3098 frustrapuce
1441 3035 1486 3084 b.
1504 3035 1674 3098 petita.
1674 3039 1773 3084 -2
1799 3036 1951 3084 Voss.
1970 3038 2020 3084 2.
2041 3050 2071 3084 ιι
2093 3038 2140 3082 te
2162 3033 2303 3081 tertio
2324 3035 2592 3093 quoereret,·
2623 3029 2743 3079 mul·

553 3098 623 3144 tae
648 3094 769 3145 edd.
794 3103 915 3146 ante
934 3096 1377 3150 Freinshemium.
1411 3115 1443 3149 u
1471 3105 1518 3150 te
1544 3101 1652 3161 jam
1673 3101 1818 3150 tertio
1838 3105 2039 3162 peteret.
2086 3099 2237 3148 Voss.
2257 3100 2307 3147 2.
2325 3095 2551 3159 subegit.-
2579 3112 2621 3146 ε.
2630 3095 2676 3156 j.
2698 3099 2744 3143 et

550 3162 845 3212 continentia
867 3167 985 3223 ταας
1037 3162 1135 3214 Ed.
1173 3178 1256 3228 pr.
1284 3165 1504 3215 Venett.
1534 3167 1684 3216 Rom.
1716 3166 1934 3215 Mediol.
1962 3165 2153 3214 Veron.
2185 3171 2240 3212 et
2276 3161 2453 3211 multae
2482 3169 2610 3211 vett.
2631 3173 2744 3210 cum

551 3224 737 3278 Pitisc.
762 3227 951 3277 Cellar.
972 3228 1100 3278 Tell.
1126 3229 1305 3279 Maitt.
1329 3230 1450 3293 Bip.
1478 3231 1636 3280 Cunz.
1665 3238 1719 3280 et
1744 3232 1900 3280 Both.
1926 3230 2081 3279 etiam
2106 3234 2208 3289 tua,
2231 3226 2371 3292 quod
2394 3226 2574 3276 delent
2592 3225 2746 3277 Snak.

550 3297 607 3340 et
633 3291 791 3343 Barb.
794 3297 889 3342 —3
926 3293 1060 3344 Dan.
1096 3295 1211 3344 Pal.
1237 3298 1282 3344 1.
1307 3301 1363 3344 et
1388 3297 1537 3345 Voss·
1562 3301 1612 3346 2.
1651 3297 1820 3346 liberos
1859 3295 1978 3356 ejus,
2013 3294 2205 3345 omisso
2242 3311 2310 3354 τῳ
2352 3309 2456 3356 que.
2523 3295 2673 3342 Voss.
2696 3294 2745 3339 2.

551 3357 752 3408 omittit
775 3358 1010 3424 nisiquod
1029 3360 1133 3410 sine
1153 3360 1233 3409 illo
1253 3365 1381 3409 sunt.
1441 3361 1586 3412 Leid.
1611 3363 1844 3411 Florent.
1864 3363 2014 3412 Voss.
2039 3364 2086 3409 2.
2126 3366 2181 3409 et
2200 3359 2370 3419 Bong.
2391 3358 2746 3409 masmim:-

549 3422 704 3474 Voss.
727 3428 775 3474 2.
798 3439 938 3474 curae
959 3440 1054 3490 pro
1070 3440 1245 3474 curum.
1314 3426 1420 3475 Pro
1443 3441 1593 3488 agens
1611 3425 1876 3476 Acidalius
1899 3424 2268 3486 malebatagss.
2323 3424 2440 3473 Pal.
2463 3428 2510 3474 1.
2534 3425 2744 3486 reginam

548 3490 773 3553 appellas.
843 3491 993 3542 Voss.
1031 3495 1082 3542 2.
1111 3490 1326 3550 fortuna
1359 3493 1582 3555 pristim
1586 3497 1696 3543 .-4
1734 3493 1923 3558 Ecquid
1959 3493 2133 3541 mirum
2169 3489 2428 3541 nonnullae
2462 3490 2582 3541 edd.
2622 3493 2743 3537 vett.

1547 3648 1762 3700 NOTAE

546 3762 703 3825 paulo
726 3768 844 3827 post
858 3761 1075 3814 Issicum
1091 3764 1328 3829 praelium
1348 3773 1607 3817 mortuam
1690 3778 1834 3830 gara,
1861 3763 2024 3814 Herc.
2051 3763 2172 3814 Fur.
2192 3766 2294 3816 act.
2320 3774 2383 3811 n.
2407 3774 2481 3810 sc.
2503 3764 2549 3810 3.

549 3838 751 3890 Scribit·
1754 3843 1902 3893 ⁸Bis
1932 3842 2111 3906 petitu]
2155 3839 2329 3889 Semel
2366 3837 2587 3902 petierat
2621 3837 2734 3897 post

613 3911 638 3947 ¹¹
673 3914 871 3978 Cupite]
906 3914 971 3965 In
995 3917 1141 3981 gravi
1162 3918 1308 3969 luctu
1332 3924 1495 3989 caput
1518 3918 1607 3969 ob
1688 3934 1914 3986 pugnam
1951 3918 2164 3970 Issicum
2206 3912 2734 3978 lib.1v.cap.1.ite·

550 3991 744 4041 nubere
768 3990 995 4042 adducta
1017 3994 1177 4044 vestis
1214 3995 1402 4044 lacinia
1435 3996 1610 4046 miultis
1689 4012 1822 4060 rum,
1844 4003 2002 4062 capta
2022 3996 2183 4061 Tyro,
2203 3993 2328 4043 ibid.
2353 4007 2470 4057 cap.
2493 3995 2541 4079 4.

547 4065 789 4130 gentibus
820 4082 1085 4118 commune
1119 4068 1235 4121 fuit.
1299 4069 1477 4120 David
1503 4069 1614 4120 Ab·
1752 4074 1777 4110 b
1810 4074 2010 4138 Hostis]
2043 4069 2351 4125 Alexandri,

547 4143 775 4193 aulonem
798 4141 1005 4207 fugiens
1026 4152 1210 4209 operto
1232 4160 1347 4198 cum
1380 4147 1487 4196 suis
1515 4158 1606 4212 pa·
1750 4152 2004 4217 eQualis]
2049 4150 2166 4200 Hoc
2187 4156 2290 4211 est,
2313 4162 2417 4199 non
2437 4147 2596 4200 minus
2618 4141 2729 4194 tris·

549 4218 681 4273 riter
735 4219 973 4270 omuibus
1027 4223 1201 4287 capite
1254 4224 1534 4276 incedebat
1574 4230 1607 4275 2
1689 4233 1816 4292 tem,
1833 4243 1986 4295 quam
2007 4226 2160 4279 Darii
2183 4225 2358 4278 vultus
2382 4232 2511 4278 erat.

549 4297 681 4364 neg.
701 4311 794 4353 xv.
860 4297 1010 4352 Idem
1032 4300 1172 4368 apud
1201 4302 1453 4354 Senecam
1488 4304 1604 4354 Me·
2552 4294 2559 4309 ⁸
