2978 4933
517 377 650 447 164
962 392 1032 451 Q·
1076 389 1338 441 cunm
1389 389 1569 439 amu
1621 388 1770 436 mn.
1816 389 1927 438 111.
1973 389 2136 439 cu.
2176 372 2242 437 3.

518 535 906 614 minentium
933 552 1189 600 rerum:
1235 534 1383 601 sive
1414 533 1574 599 illas
1598 534 1946 618 aegritudo,
1968 534 2115 602 sive
2138 533 2470 601 divinatio
2499 534 2701 600 animi

518 637 985 724 praesagientis
1008 637 1339 703 arcessit:⁸
1381 638 1448 703 3.
1476 637 1717 704 Castra
1737 635 2107 702 Alexandri
2123 657 2365 722 magno
2388 637 2562 722 ignis
2575 638 2701 704 ful-

517 760 675 824 gore
701 741 1035 806 collucere
1054 742 1116 805 ei
1132 741 1285 809 visa
1306 746 1462 805 sunt
1484 761 1502 805 :
1550 749 1622 807 et
1642 741 1849 824 paulo
1871 747 2023 824 post
2049 739 2437 807 Alexander
2459 741 2702 806 adduci

518 842 605 908 ad
636 843 854 927 ipsum
880 844 950 907 in
973 863 1053 907 eo
1077 843 1283 917 vestis
1310 841 1596 921 habitu,¹’
1623 863 1761 928 quo
1780 844 1931 928 ipse
1949 844 2227 909 fuisset:
2274 863 2452 927 equo
2470 843 2702 909 deinde

516 965 639 1028 per
666 946 1090 1030 Babylonem
1134 955 1390 1025 vectus,
1435 948 1654 1012 subito
1700 966 1851 1012 cum
1892 949 2046 1031 ipso
2094 966 2291 1029 equo.
2312 945 2529 1010 oculis
2555 964 2700 1010 esse

520 1047 916 1133 subductus.
1001 1051 1069 1114 4.
1117 1046 1228 1123 Ad
1254 1048 1402 1143 haec
1433 1057 1625 1115 vates
1659 1049 1848 1115 varia
1869 1049 2407 1132 interpretatione
2436 1054 2704 1111 curam⁰

518 1149 1005 1233 distrinxerant.
1048 1146 1190 1215 Alii
1220 1156 1239 1188 ‘
1257 1152 1494 1216 laetum
1516 1151 1586 1215 id
1614 1151 1754 1233 regi
1784 1151 2107 1215 somnium
2140 1147 2325 1215 esse'
2355 1148 2702 1229 dicebaut;

505 1257 547 1343 ’ἦ
573 1252 753 1336 quod
775 1257 998 1317 castra
1023 1250 1313 1317 hostium
1334 1253 1671 1331 arsissent,
1695 1251 1875 1336 quod
1892 1250 2374 1328 Alexandrum,
2392 1249 2705 1334 deposita

515 1354 699 1436 regia
742 1362 954 1431 veste,
998 1354 1070 1417 in
1114 1355 1391 1420 Persico
1434 1365 1506 1420 et
1547 1356 1801 1437 vulgari
1845 1355 2071 1420 habitu
2112 1353 2509 1438 perductum
2549 1371 2703 1418 esse

517 1454 840 1522 vidisset!
919 1458 985 1519 5.
1031 1453 1323 1533 Quidam
1354 1463 1588 1523 contra
1616 1458 2145 1540 augurabantur:
2189 1461 2211 1491 ‘
2241 1457 2489 1542 quippe
2517 1456 2705 1520 illus-

517 1556 649 1621 tria
678 1556 1131 1623 Macedonum
1157 1564 1379 1623 castra
1405 1559 1592 1624 visa⁶
1635 1559 1956 1642 fulgorem
2002 1557 2393 1624 Alexandro
2439 1564 2707 1641 porten-

520 1661 720 1726 dere:
765 1678 960 1742 quem
991 1678 1263 1743 regnum
1293 1657 1480 1725 Asiae
1529 1668 2012 1744 occupaturum
2054 1679 2226 1738 esse,
2269 1658 2456 1731 haud
2497 1660 2708 1727 ambi-

585 1844 610 1868 ⁶
641 1836 848 1886 Darium
878 1837 1114 1889 solicitum
1145 1840 1274 1890 curis
1301 1837 1606 1902 proesentium
1625 1853 1783 1888 reram
1821 1839 1966 1890 etiam
1986 1840 2173 1900 saturer
2203 1837 2352 1888 cladis
2387 1834 2626 1898 imagines
2657 1831 2710 1880 in

516 1902 692 1950 somnis
713 1902 989 1953 turbabant.-
1020 1905 1121 1955 sive
1141 1904 1403 1966 solicitudo,
1417 1904 1518 1952 sive
1535 1903 1814 1953 vaticinatio
1834 1905 2006 1954 mentis
2023 1902 2582 1968 Praetutiani-rsuram,
2597 1898 2712 1947 iuno

516 1966 718 2017 excitat.
1227 1967 1249 2001 ὃ
1288 1969 1409 2025 Quoe
1426 1967 1539 2045 igne
1550 1968 1799 2030 fulgentia
1817 1974 2152 2034 apparuerant.

1771 2112 1801 2133 ‘O

514 2211 583 2267 mi
599 2204 649 2273 ᾗ).
671 2212 904 2270 arces-sin
952 2213 1263 2263 Heumanno
1282 2213 1481 2278 placuit
1502 2213 1834 2264 arcadia—8
1868 2213 2036 2274 Βοῦς.
2059 2212 2260 2274 fulgore
2281 2212 2510 2260 conluere.
2558 2208 2708 2260 Leid.

512 2277 729 2326 Venett.
772 2276 990 2326 Mediol.
1026 2279 1150 2328 Vet.
1179 2283 1321 2328 1474.
1372 2279 1568 2326 Veron.
1601 2280 1734 2327 Mer.
1772 2276 1896 2326 Ald.
1938 2276 2088 2326 Frob.
2119 2278 2240 2326 Bas.
2265 2284 2321 2325 et
2343 2276 2453 2324 Col.
2488 2280 2536 2323 ct
2578 2290 2630 2337 p.
2661 2290 2710 2337 p.

513 2339 856 2389 Alexandrum.
909 2343 1059 2390 Voss.
1078 2346 1129 2390 2.
1152 2342 1323 2391 adduci
1344 2344 1407 2391 ad
1427 2357 1549 2391 eam.
1604 2342 1845 2392 Modius:
1879 2342 1929 2389 in
1951 2356 2002 2390 eo
2022 2341 2204 2400 habita,
2224 2340 2408 2388 omisso
2430 2339 2520 2388 illo
2542 2339 2707 2388 vedis.

515 2402 615 2451 Ed.
636 2418 714 2466 pr.
738 2404 956 2452 Venett.
977 2404 1098 2452 Vet.
1120 2409 1266 2454 1474.
1318 2406 1535 2455 Mediol.
1561 2405 1710 2454 Rom.
1735 2407 1870 2454 Mer.
1904 2403 2028 2454 Ald.
2065 2406 2218 2454 Frob.
2241 2404 2361 2452 Bas.
2386 2412 2441 2452 et
2465 2403 2581 2451 Col.
2619 2418 2709 2465 qno

513 2468 611 2531 ipse
642 2468 843 2530 suisset,
863 2484 967 2518 cum
988 2472 1249 2583 appellata:
1269 2476 1388 2519 esset
1407 2486 1499 2520 rex
1516 2487 1532 2519 .·
1565 2485 1698 2533 equo,
1729 2473 1812 2532 ἔμ’.
1866 2470 2001 2519 Dan.
2042 2470 2186 2519 Leid.
2214 2477 2267 2517 et
2289 2469 2440 2519 Voss.
2466 2472 2515 2516 1.
2540 2468 2712 2531 Baby·

512 2533 669 2581 zonam
683 2549 703 2592 ,·
738 2535 929 2583 Veron.
951 2534 1166 2583 Venett.
1253 2549 1327 2583 er.
1352 2534 1508 2585 Frob.
1532 2534 1692 2584 Basil.
1713 2543 1768 2584 et
1792 2535 1904 2583 Col.
1926 2535 2275 2598 Babyloniam3
2297 2534 2452 2582 Voss.
2475 2536 2527 2582 2.
2552 2532 2709 2581 Babi-

510 2598 719 2655 loniam3
752 2598 915 2648 ceteri
954 2598 1259 2663 Babylonem.
1318 2600 1424 2650 Pro
1447 2605 1625 2656 vectus,
1665 2599 1802 2663 quod
1839 2599 1997 2647 habet
2034 2601 2201 2662 Bong.
2237 2603 2421 2647 uectum
2453 2596 2710 2646 exhibent

513 2661 732 2713 Venett.
754 2663 949 2714 Veron.
987 2664 1123 2715 Mer.
1163 2665 1319 2714 Frob.
1355 2665 1477 2714 Bas.
1519 2672 1575 2714 et
1612 2665 1723 2714 Col.
1755 2663 1932 2712 victum
1954 2663 2069 2712 Pal.
2096 2670 2142 2712 1.
2192 2662 2468 2711 subducimus
2488 2662 2709 2711 Venett.

511 2723 708 2777 Veron.
731 2727 863 2779 Dan.
891 2729 1035 2778 Leid.
1058 2729 1212 2779 Voss.
1239 2735 1285 2779 1.
1308 2734 1355 2781 2.
1404 2730 1538 2779 Mer.
1562 2727 1685 2778 And.
1708 2728 2016 2786 Proh-Pali.
2041 2731 2089 2776 1.
2112 2733 2161 2776 2.
2202 2734 2258 2775 et
2281 2727 2396 2776 Col.
2442 2726 2709 2785 subjectum

510 2790 735 2841 Bas.-4
768 2792 919 2842 Voss.
942 2799 990 2842 2.
1029 2793 1246 2843 Theocr.
1268 2800 1323 2842 et
1347 2795 1518 2857 vulgg.
1555 2794 1883 2842 distraxerant
1898 2808 1918 2850 ,-
1969 2793 2101 2840 Mer.
2141 2792 2283 2842 Pith.
2318 2789 2473 2842 Frob.
2497 2792 2628 2841 Bas.
2650 2797 2708 2841 et

510 2853 649 2906 Pau.
671 2860 722 2904 1.
741 2859 791 2903 2.
816 2858 1158 2906 distraxerunt.
1225 2859 1355 2907 Mox
1391 2872 1486 2920 pro
1518 2858 1766 2918 arsissent,
1798 2859 1921 2919 quod
1954 2853 2142 2906 Scheff.
2176 2856 2405 2905 mavult:
2441 2857 2639 2916 arsisse,
2659 2860 2708 2904 ct

511 2922 631 2980 quod
646 2935 667 2977 ,·
691 2926 746 2968 et
763 2934 855 2981 pro
874 2922 1148 2982 perductam
1164 2922 1432 2985 cssc,·quod
1449 2921 1605 2971 habet
1629 2923 1796 2981 Bong.
1835 2920 2079 2969 Heinsius
2094 2922 2373 2984 perductam
2391 2920 2454 2968 ad
2468 2934 2554 2975 se,-
2579 2920 2706 2970 Ald.

511 2983 648 3034 Mer.
669 2982 821 3032 Frob.
844 2984 966 3033 Bas,
992 2992 1045 3033 et
1066 2986 1175 3034 Col.
1189 2988 1467 3048 productum
1482 2992 1695 3034 essee-5
1735 2984 1937 3041 Quidam
1953 3000 2041 3033 non
2052 2986 2122 3033 ita
2137 2986 2412 3046 aug.Voss.
2427 2987 2477 3033 2.
2501 2984 2604 3033 Ed.
2626 2998 2708 3046 pr.

518 3047 736 3097 Venett.
776 3048 992 3097 Mediol.
1033 3049 1155 3097 Vet.
1177 3053 1320 3098 1474.
1368 3051 1562 3098 Veron.
1602 3050 1748 3098 Rom.
1788 3049 1911 3098 Ald.
1949 3050 2114 3098 Coliu.
2149 3050 2349 3113 Gryph.
2373 3049 2495 3098 Bas.
2521 3049 2706 3098 Maitt.

518 3108 686 3161 Amst.
729 3109 899 3160 Amst.
922 3116 1067 3161 1629.
1098 3114 1227 3162 Teu.
1252 3116 1351 3163 ὅτε.
1387 3113 1595 3170 Quidam
1614 3114 1687 3163 ita
1706 3128 1818 3173 aug.
1841 3115 1954 3162 Pal.
1973 3118 2020 3163 1.
2057 3113 2262 3169 Quidam
2284 3129 2377 3162 non
2395 3127 2511 3174 aug.
2532 3114 2706 3175 Bong.

515 3175 663 3225 Leid.
688 3182 743 3225 et
763 3177 914 3225 Voss.
941 3180 992 3225 1.
1047 3176 1215 3239 quippe
1246 3178 1484 3226 industria
1506 3179 1671 3241 Bong.
1694 3177 1812 3226 Pal.
1838 3181 1888 3227 2.
1914 3185 1970 3228 et
1991 3179 2140 3226 Voss.
2163 3183 2211 3227 1.
2261 3179 2430 3243 quippe
2463 3178 2706 3227 inter-usta

511 3238 632 3289 Pal.
659 3245 704 3289 ι.
756 3241 881 3289 Mox
906 3241 1072 3302 Bong.
1098 3241 1235 3290 Pau.
1260 3245 1308 3292 1.
1330 3247 1380 3290 2.
1419 3242 1564 3291 Leid.
1588 3251 1644 3291 et
1668 3242 1816 3291 VosS.
1840 3246 1886 3291 1.
1945 3244 2120 3306 quodve
2155 3258 2352 3304 regnum
2373 3242 2438 3292 A.
2477 3257 2707 3305 occupare

513 3304 772 3365 habuisset,
794 3305 918 3353 haud
939 3305 1178 3367 ambigna·
1199 3307 1271 3355 rei
1286 3321 1307 3363 ,·
1357 3307 1494 3355 Mer.
1531 3322 1635 3369 quoe
1668 3321 1712 3355 r.
1753 3307 1814 3356 Α.
1838 3320 2059 3370 occupare
2094 3306 2367 3356 habuissent
2386 3321 2403 3354 .·
2448 3306 2498 3355 h.
2522 3322 2571 3354 a.
2592 3307 2705 3365 rei;

512 3368 637 3418 Ald.
667 3370 783 3417 BaS.
803 3375 859 3417 et
880 3369 994 3418 Col.
1016 3385 1120 3433 quae
1139 3370 1271 3419 r.-A.
1293 3385 1514 3434 occupare
1533 3370 1787 3433 habuisset,
1807 3372 1854 3419 h.
1871 3387 1918 3420 a.
1939 3371 2012 3420 rei
2026 3388 2046 3429 ,-
2108 3372 2259 3421 Voss.
2282 3376 2330 3421 2.
2352 3385 2546 3434 quemve
2566 3386 2612 3419 r.
2634 3370 2701 3431 A.

512 3448 734 3495 occupare
755 3433 970 3483 habuisse
991 3435 1039 3483 h.
1063 3434 1282 3495 ambigue
1300 3436 1391 3484 rei.
1458 3434 1728 3485 Acidalius
1753 3436 1851 3497 legi
1876 3436 1987 3483 vult
2007 3453 2020 3483 ε
2054 3440 2382 3497 occupaturum
2411 3436 2539 3483 haud
2552 3434 2704 3483 ambi-

509 3512 644 3559 gae,-
675 3496 967 3548 Shefferusz
1002 3513 1142 3562 quum
1163 3513 1362 3561 regnum
1382 3501 1446 3552 A.
1466 3514 1690 3563 occupare
1723 3500 1781 3564 (i.
1805 3513 1852 3549 e.
1876 3499 1928 3548 in
1954 3514 2020 3549 eo
2043 3514 2174 3563 esse,
2193 3506 2254 3549 ut
2275 3498 2523 3562 occupet)
2555 3500 2703 3549 habu·

1489 3611 1713 3662 NOTAE
1767 3593 1770 3599 “

536 3709 598 3761 ,⁶
632 3708 845 3774 Habitu]
894 3710 1175 3774 Vulgarem
1218 3709 1360 3758 illum
1407 3707 1564 3758 fuisse
1642 3708 1843 3771 somnii,
1878 3724 1979 3773 quo
2043 3708 2392 3759 Alexandrum
2442 3708 2702 3759 veredarii

508 3785 737 3834 habitum
769 3800 886 3835 cum
926 3799 1043 3835 mox
1078 3785 1255 3843 addat,
1287 3785 1410 3833 satis
1434 3783 1565 3832 indi·
1642 3783 1817 3833 habitu
1859 3785 1953 3847 per
1986 3784 2306 3848 Babylonem
2333 3800 2466 3850 equo
2491 3785 2698 3835 vectum

510 3867 599 3908 cat
621 3874 719 3908 non
745 3860 879 3909 Ochi
909 3861 1066 3924 Regis
1097 3860 1260 3910 fratre
1283 3868 1461 3909 natum
1484 3857 1564 3907 fu·-
1642 3859 1860 3909 videret.

510 3936 609 3985 isse
647 3936 877 3998 Darium,
906 3940 1047 4002 'quod
1085 3939 1261 4003 prodit
1289 3935 1568 4004 Diodorus,
1707 3942 1729 3967 c
1754 3934 1952 3998 Curam]
1973 3935 2121 3984 Darii
2141 3936 2518 3985 solicitudinem
2540 3952 2697 3986 auxe-

509 4010 598 4060 sed
625 4025 689 4058 ex
712 4010 967 4074 Astanda,
1000 4028 1089 4062 seu
1110 4015 1250 4076 regio
1275 4005 1566 4075 veredario,
1645 4014 1778 4072 rant,
1799 4010 1958 4074 ipsius
1982 4012 2204 4061 animum
2232 4013 2503 4062 contrariis
2537 4013 2696 4064 inter·

507 4088 707 4151 Regem
729 4102 843 4137 esse
865 4087 1076 4151 sactum,
1110 4089 1247 4152 quod
1271 4104 1387 4139 cum
1422 4090 1565 4148 Stra·
1644 4087 2026 4151 pretationibus
2063 4088 2115 4140 in
2157 4088 2324 4148 varias
2359 4089 2694 4140 distrahendo

510 4162 646 4211 hone
687 4171 741 4212 et
782 4162 989 4214 Justino
1033 4164 1345 4214 Plutarchus
1390 4164 1564 4214 docet.
1646 4170 1840 4227 partes.
1870 4163 2073 4227 Legunt
2095 4164 2182 4213 alii
2198 4164 2542 4227 distraxerant,
2557 4166 2692 4230 quod

514 4239 709 4294 Eodem
734 4241 998 4305 pertinere
1023 4239 1226 4304 videtur
1250 4247 1306 4289 et
1336 4239 1427 4290 illa
1448 4239 1566 4305 pars
1644 4254 1748 4289 non
1773 4238 1937 4289 miuus
1958 4239 2147 4303 placet.
