2978 4933
821 400 1080 453 suern.
1131 401 1210 452 m
1260 403 1327 465 o.
1376 397 1727 455 GUR'HUM
1780 402 1924 450 nm.
1970 402 2017 449 1.
2426 389 2514 454 75

311 545 551 605 alterius
581 543 820 625 ingenio
844 546 1080 626 equinae
1109 547 1351 626 ungulae
1380 546 1680 619 inditum,o
1721 555 1781 606 et
1824 535 2193 628 Babylonem
2236 546 2513 627 deporta-

310 652 457 714 tum,
508 660 705 703 rumor
734 640 1071 723 suspicatus
1099 653 1212 705 est.
1296 646 1395 703 23.
1441 643 1758 703 Adamavit
1793 652 1853 703 et
1880 644 2189 715 musicam,
2217 644 2388 724 eique
2416 667 2512 709 se·

309 741 455 801 riam
504 742 673 802 initio
718 761 956 822 operam
996 741 1197 802 dedit:
1243 741 1435 802 donec
1465 739 1900 802 contumeliosa
1924 741 2379 821 interrogatione
2406 763 2513 824 pa-

308 839 438 913 tris,
468 845 498 886 -‘
519 838 736 919 ecquid
762 837 1012 918 puderet
1040 847 1160 899 tam
1190 839 1336 900 scite
1365 859 1579 899 canere
1594 836 1640 898 ‘⁴2’
1674 837 1835 898 velut
1859 850 2040 899 artem
2068 859 2197 900 suae
2218 842 2515 921 majestati

209 984 214 985 ff
310 935 676 1008 indecoram,
704 934 1103 1015 negligentius
1132 944 1386 998 tractare
1415 934 1616 1015 coepit.
1686 937 1786 997 24.
1828 936 1964 1005 Quo
1994 937 2231 1016 quidem
2254 949 2518 1018 tempore

311 1032 602 1113 magistro
630 1033 909 1094 chordam
951 1033 1252 1112 quandam
1282 1054 1356 1094 ex
1401 1033 1543 1094 artis
1592 1033 1938 1114 praescripto
1985 1034 2222 1115 pulsare
2263 1033 2517 1115 jubenti,

312 1138 331 1166 ⁸
351 1131 497 1211 quid
527 1142 724 1191 autern
752 1129 1007 1203 referat,’
1034 1131 1242 1210 inquit,
1288 1139 1304 1167 ‘
1327 1131 1376 1191 si
1405 1130 1562 1191 hanc
1597 1132 1906 1212 pulsavero
1924 1130 1967 1190 2’
2009 1131 2066 1190 in
2111 1133 2285 1192 aliam
2326 1133 2518 1195 inten-

314 1228 466 1289 dens
495 1227 799 1308 digitum!
880 1229 963 1289 At
997 1229 1119 1302 ille,
1162 1228 1345 1289 ‘nibil
1393 1230 1608 1290 referre
1653 1228 1831 1288 futuri
1878 1229 2053 1308 regis,
2098 1230 2278 1291 futuri
2320 1242 2516 1292 autem

312 1325 621 1387 citharoedi
659 1313 914 1397 referre:
956 1325 1284 1406 respondit.
1367 1330 1466 1387 25.
1512 1326 1862 1386 Delectatus
1906 1325 2188 1406 deinceps
2242 1338 2333 1390 est
2362 1347 2519 1390 mas-

311 1423 453 1483 culo
482 1433 685 1498 cantu,
709 1442 845 1486 cum
873 1423 1082 1485 molles
1111 1425 1450 1504 fractasque
1478 1422 1918 1484 modulationes
1949 1434 2015 1483 ut
2042 1425 2361 1505 perniciem
2392 1446 2520 1487 mo·

315 1540 444 1580 rum
470 1531 854 1582 aversaretur.
919 1522 1056 1591 Quo
1087 1522 1323 1582 nomine
1352 1521 1608 1582 maxime
1640 1521 1947 1601 amplexus
1978 1533 2072 1582 est
2098 1522 2521 1598 Timotheum,‘³¹

289 1616 459 1679 'artis
508 1619 637 1700 ejus
684 1618 1397 1700 professione'celebrem.
1485 1621 1587 1681 26.
1623 1616 1751 1679 ‘Ine
1779 1621 1931 1703 enim
1963 1623 2415 1681 accommodata
2442 1619 2522 1680 ad

314 1717 618 1797 ingenium
648 1717 805 1778 illius
836 1718 1105 1790 scientia,
1135 1718 1336 1790 mode,
1385 1735 1561 1796 quem
1603 1722 1621 1751 ‘
1646 1716 1970 1798 Phrygium
1994 1718 2010 1744 ’
2052 1719 2399 1800 appellant,¹'
2437 1718 2523 1779 it‘a

317 1814 642 1894 aliquando
691 1834 825 1875 eum
869 1808 1082 1895 rapuit,
1129 1826 1195 1875 ut
1239 1824 1524 1894 tanquam
1565 1813 1765 1874 divino
1795 1814 2077 1875 instinctu
2109 1815 2524 1876 exardesceret

318 1911 536 1983 animo,
565 1923 647 1983 et,
673 1913 838 1973 velut
862 1914 1193 1994 propinquo
1215 1912 1340 1993 jam
1364 1913 1560 1986 hoste,
1591 1911 1668 1971 a'd
1694 1931 1858 1972 arma
1885 1911 2175 1993 capienda
2204 1913 2521 1995 prosiliret.

317 2013 416 2072 27.
464 2010 835 2091 Eloquentiae
859 2010 1042 2071 etiam
1089 2012 1199 2071 sub
1224 2011 1592 2071 Anaximene
1626 2011 2034 2090 Lampsaceno
2077 2009 2340 2071 studuit:
2383 2015 2519 2089 qu'ae

319 2127 410 2168 res
446 2107 826 2188 postmodum
859 2109 1326 2170 incolumitatem
1361 2110 1492 2169 urbi
1533 2108 1752 2183 attulit,
1779 2128 1918 2170 cum
1954 2108 2266 2168 Persarum
2298 2108 2512 2186 opibus

319 2206 657 2267 studentem
687 2205 1025 2267 Alexander
1053 2207 1284 2268 diruere
1308 2209 1738 2270 constituisset.
1810 2209 1905 2266 28.
1940 2206 2337 2287 conspicatus
2365 2206 2523 2267 enim

321 2303 747 2364 Anaximenem
774 2314 794 2340 ⁸
834 2314 1001 2365 extra
1027 2305 1245 2367 moenia
1285 2307 1699 2390 prodeuntem,
1743 2324 1855 2366 nec
1893 2303 2198 2375 dubitans,
2226 2303 2369 2385 quin
2414 2316 2523 2384 pro

320 2400 510 2481 patria
555 2401 934 2482 deprecatum
968 2403 1245 2480 venisset,
1288 2411 1306 2440 ‘
1336 2404 1685 2466 Graecorum
1733 2403 1895 2465 Deos
1934 2411 2187 2464 testatus
2243 2411 2357 2477 est,
2401 2420 2523 2461 non

317 2499 611 2560 facturum
645 2519 709 2560 se
737 2501 899 2580 quod
925 2502 1216 2582 petisset!
1298 2504 1435 2573 Quo
1464 2502 1671 2564 audito
1698 2501 1952 2563 callidus
1994 2501 2101 2561 ille
2124 2501 2375 2581 rogavit,
2416 2505 2434 2535 ‘
2458 2508 2526 2559 ut

320 2596 711 2679 Lampsacum
739 2598 1036 2661 dirueret.’
1116 2600 1226 2661 Ille
1268 2611 1330 2662 et
1361 2600 1765 2683 jurisjurandi?
1789 2599 2076 2679 religione
2125 2597 2423 2670 astrictus,
2464 2601 2526 2655 et

249 2687 256 2694 ’
318 2696 509 2775 magis
560 2696 740 2756 etiam
782 2697 1164 2778 praeceptoris
1211 2699 1353 2759 olim
1397 2698 1492 2758 sui
1538 2696 1865 2777 sagacitate
1915 2694 2223 2770 delinitus,
2273 2694 2524 2776 gratiam

323 2792 674 2856 delictorum
704 2795 1122 2876 Lampsacenis
1151 2796 1307 2857 fecit.
1392 2798 1492 2857 29.
1537 2793 1856 2855 Comoedos
1884 2803 1953 2854 ut
1980 2792 2251 2854 instituto
2279 2812 2388 2856 suo
2411 2813 2523 2874 „pa-

320 2910 447 2952 rum
475 2894 867 2972 congruentia
900 2903 1243 2968 tractantes,
1272 2890 1837 2974 corrumpendisque
1865 2890 2124 2952 moribus
2152 2899 2350 2966 natos,
2378 2909 2526 2951 con·
2589 2905 2596 2913 “

323 2990 565 3058 temsit.‘
643 2990 923 3072 Neglexit
951 3001 1010 3052 et
1038 2992 1292 3073 pugiles,
1342 3010 1686 3073 quanquam
1727 2989 1970 3051 maximi
2015 2997 2142 3049 tum
2190 2988 2252 3049 in
2290 2988 2529 3050 Graecia

321 3087 569 3150 fierent:
612 3076 763 3150 forte
810 3089 972 3169 quod
1020 3090 1243 3152 otiosos
1290 3101 1352 3152 et
1393 3090 1631 3173 saginae
1685 3089 1979 3161 addictos,
2023 3086 2225 3148 valida
2266 3086 2529 3147 membra

323 3173 797 3265 spectaculorum
826 3187 1022 3266 potius
1048 3187 1338 3259 ludibriis,
1391 3209 1573 3269 quam
1616 3187 1828 3269 patriae
1863 3182 2320 3245 necessitatibus
2363 3199 2524 3243 com-

322 3282 586 3358 modare,
614 3303 736 3344 non
763 3285 1072 3366 probabat.
1158 3289 1257 3348 30.
1287 3284 1594 3365 ⁴Reliquas
1625 3290 1831 3359 artes,⁸²
1860 3281 2038 3343 etiam
2066 3294 2219 3361 quas
2248 3280 2375 3361 ipse
2404 3299 2526 3340 non

326 3380 623 3461 attigerat,
671 3382 939 3463 impense
979 3382 1145 3444 fovit.
1229 3384 1403 3444 Unde
1431 3405 1507 3444 ex
1537 3395 1662 3444 toto
1691 3383 1813 3444 fere
1857 3381 1998 3440 orbe
2043 3378 2267 3457 passim
2317 3378 2395 3437 ad
2437 3376 2525 3458 ip..

327 3498 455 3539 sum
499 3480 906 3553 confluebant,
952 3480 1308 3561 quicumque
1352 3480 1573 3561 insigni
1593 3481 1796 3561 aliqua
1816 3474 2025 3559 peritia
2045 3474 2384 3556 praecellere
2415 3475 2528 3534 sibi

327 3576 711 3638 videbantur:
755 3578 928 3658 eique
955 3578 1050 3638 vel
1071 3578 1292 3659 ingenii
1322 3579 1411 3638 sui
1434 3587 1820 3639 monumenta
1848 3572 2207 3635 dedicabant
2241 3591 2258 3641 ;
2309 3572 2401 3631 vel
2423 3593 2527 3633 ex-

329 3673 512 3735 hibito
559 3675 702 3735 artis
747 3694 873 3735 suae
921 3676 1260 3756 specimine,
1303 3694 1341 3736 a
1378 3673 1927 3736 munificentissimo
1978 3687 2207 3745 regum,
2253 3676 2315 3726 et
2355 3668 2526 3748 cujus

392 3848 416 3873 ⁰
438 3839 583 3891 Curt.
608 3854 663 3891 x.
686 3845 766 3892 10.
790 3844 872 3893 16.
921 3841 1129 3893 Arrian.
1165 3856 1271 3892 vn.
1308 3846 1392 3893 27.
1524 3803 1553 3874 '⁸
1587 3841 1809 3890 Pausan.
1830 3848 1911 3886 vr.
1944 3831 2065 3880 Val.
2090 3825 2306 3879 Maxim.
2344 3834 2449 3874 vn.
2481 3826 2530 3873 3.

333 3915 467 3967 Plin.
493 3917 634 3970 Hist.
656 3919 780 3969 Nat.
803 3932 948 3970 xxx.
966 3922 1046 3970 16.
1081 3919 1222 3969 Plut.
1234 3917 1387 3985 Alex.
1463 3921 1514 3969 4.
1580 3915 1762 3966 Snidas
1786 3926 1899 3962 voc.
1915 3911 2121 3970 Ἀναξψ·

335 4005 386 4056 Ρ·
405 3997 519 4044 707·
1534 3995 1553 4027 t
1580 3994 1726 4043 Pl‘ut.
1758 3992 1915 4042 Alex.
1956 4003 2008 4052 p.
2029 3990 2147 4036 666.
2182 3982 2266 4032 Id.
2292 3979 2359 4030 de
2381 3980 2526 4029 Fort.

394 4076 420 4111 Ρ
441 4070 626 4121 AElian.
643 4071 735 4121 1.1.
753 4083 841 4121 111.
861 4073 944 4121 82.
1463 4072 1618 4123 Alex.
1640 4067 1794 4121 Orat.
1817 4081 1879 4117 11.
1901 4066 2182 4116 Athenaeus
2203 4074 2243 4109 ι.
2264 4062 2344 4109 13.
2570 4065 2586 4074 ·

396 4155 420 4189 ‘¹
450 4148 635 4198 Suidas
657 4164 770 4217 νοῦς
788 4146 948 4210 'raube-
1530 4160 1554 4185 u
1580 4151 1724 4199 Plut.
1747 4146 1862 4195 adv.
1887 4145 2142 4194 Colotem.
2167 4154 2213 4189 c.
2234 4142 2316 4187 5⁰.
2363 4132 2445 4185 Id.
2461 4130 2528 4181 dc

397 4230 416 4256 ¹
447 4225 545 4274 Dio
578 4225 839 4277 Pr..0rat.
862 4230 908 4274 1.
958 4224 1101 4274 Plut.
1143 4223 1297 4275 Alex.
1333 4243 1386 4293 p.
1465 4230 1609 4280 Fort.
1634 4225 1838 4276 Alex.r.
1869 4225 2100 4271 14.et11.
2128 4220 2249 4266 het
2271 4217 2333 4264 4.·

333 4304 442 4351 679.
508 4301 591 4354 ld.
614 4302 680 4353 de
703 4302 847 4352 Fort·
871 4302 1021 4351 Alex.
1043 4317 1106 4354 11.
1130 4308 1177 4356 4.
2040 4337 2043 4342 >
