2978 4933
732 401 813 449 nc
863 398 1217 462 Qumruu
1267 397 1616 476 curm-rum
1671 396 1962 445 nusum.
2358 379 2444 443 47

246 553 268 584 ‘
302 546 677 614 distinctior
703 551 770 610 et
813 543 1126 609 urbanior
1171 548 1238 609 et
1282 541 1478 609 altior
1536 540 1797 618 CicerO,
1848 538 2176 607 Cicerone
2223 538 2452 604 mitior

246 651 585 719 Corvinus
613 656 685 715 et
713 648 1071 714 dulcior·et
1094 648 1164 712 in
1192 645 1412 712 verbis
1435 645 1654 728 magis
1683 641 2107 709 elaboratus?
2180 640 2451 708 Cicero-

245 757 355 820 nis
384 754 604 820 oratio
645 753 846 818 habet
873 750 1432 836 pulchritudinem
1468 749 1746 827 virilem,
1797 746 2015 815 Curtii
2044 766 2205 811 vero
2232 746 2452 812 oratio

244 860 449 924 habet
480 856 967 923 formositatem
997 853 1406 918 muliebrem.
1493 850 1626 916 Vel
1658 851 1862 915 etiam
1895 851 1993 913 sic
2025 849 2186 915 ferri
2229 855 2452 934 potest

248 961 620 1027 sententia:
664 958 879 1026 cultus
910 957 1072 1042 styli
1114 955 1538 1022 Ciceroniani
1569 961 1676 1041 est
1693 952 2112 1031 *matronalis
2155 953 2453 1019 Curtiani

249 1065 628 1148 virginalis.
712 1063 822 1129 Ita
859 1061 1127 1147 judicat
1171 1060 1617 1125 Heumannus
1659 1059 1732 1123 in
1773 1055 1975 1123 Notis
2004 1057 2091 1121 ad
2120 1047 2452 1138 Curtium,

253 1185 432 1252 quas
474 1167 547 1231 in
596 1164 1006 1230 Praefatione
1054 1163 1357 1242 laudavi,
1400 1169 1604 1245 atque
1645 1160 1952 1245 equidem
1981 1178 2118 1225 non
2150 1160 2458 1228 dubitavi

253 1267 431 1335 tanti
460 1268 585 1333 viri
604 1266 937 1352 judicium
966 1264 1212 1331 addere
1241 1264 1672 1331 'testimoniis
1700 1263 1835 1329 illis
1872 1261 2027 1328 VV.
2062 1263 2224 1328 DD.
2251 1264 2334 1330 de
2361 1262 2456 1342 Q,

255 1370 494 1437 Curtio
523 1369 710 1436 Rufo
739 1388 895 1455 quac
946 1369 1017 1437 in
1045 1369 1346 1437 editione
1376 1366 1973 1450 Snakenburgiana
2022 1374 2262 1434 extant
2310 1368 2459 1453 plu-

259 1493 453 1542 rima.
1931 1534 1934 1537 ,

345 1577 711 1645 character
754 1576 916 1662 styli
961 1573 1270 1661 Curtiani
1314 1575 1620 1661 inprimis
1646 1575 1756 1642 his
1781 1575 2150 1642 virtutibus
2177 1575 2459 1641 existit:

259 1698 308 1744 1.
339 1681 565 1746 Totus
594 1686 696 1748 est
720 1679 1245 1764 metaphoricus,
1274 1682 1595 1746 attributa
1623 1679 2063 1748 animantium
2088 1679 2294 1743 rebus
2312 1679 2465 1743 ina-

257 1783 534 1849 nimatis
558 1784 875 1860 tribuens,
905 1790 974 1847 et
1004 1784 1156 1857 vice
1188 1803 1401 1850 versa.
1491 1800 1579 1850 11.
1625 1782 1961 1850 Concisus
2004 1800 2136 1849 seu
2158 1800 2464 1865 pressuS,

259 1887 477 1952 multa
530 1887 602 1950 in
660 1905 863 1950 unam
916 1886 1270 1970 periodum
1325 1887 1837 1972 participiorum
1896 1903 2027 1970 ope
2087 1890 2464 1961 coarctans.

261 2005 376 2054 ιιι.
423 1988 762 2066 Selectus,
805 1989 976 2053 inter
1023 1988 1298 2073 phrases
1337 1990 1437 2055 rei
1467 1988 1924 2056 describendae
1954 1992 2150 2071 aptas
2200 2006 2466 2071 semper

264 2093 520 2177 eligens
549 2092 842 2157 maxime
872 2093 1213 2175 propriam
1242 2098 1313 2157 et
1347 2093 1643 2158 omnium
1686 2090 2272 2170 elegantissimam.
2364 2107 2466 2155 lv·

263 2195 629 2280 Copiosus,
670 2193 948 2261 candem
980 2196 1493 2262 enuntiationem
1521 2199 1965 2260 recurrentem
1991 2192 2214 2259 multis
2243 2192 2472 2275 modis

262 2300 563 2364 varians·
675 2315 744 2363 v,
774 2332 775 2335 ¹
801 2297 1123 2378 Vividus,
1170 2299 1720 2382 imaginationem
1771 2300 1865 2365 ita
1910 2297 2171 2374 feriens,
2231 2301 2305 2366 ut
2356 2314 2471 2365 res

263 2421 404 2466 non
449 2402 726 2480 narrari,
788 2401 909 2469 sed
954 2401 1091 2486 geri
1138 2401 1465 2481 videatur,
1526 2410 1731 2486 atque
1791 2401 2001 2466 lector
2057 2404 2282 2485 putet„
2317 2418 2469 2468 sese

263 2504 520 2568 actioni
556 2505 891 2569 interesse.
1004 2520 1104 2567 vr.
1137 2503 1555 2569 Numerosus
1586 2511 1654 2569 et
1681 2511 1873 2587 grata
1902 2501 2295 2585 trajectione
2324 2522 2471 2567 ver-

262 2608 508 2671 borum
537 2607 832 2671 animum
863 2608 935 2672 in
960 2606 1241 2689 legendo
1271 2607 1593 2671 retinens.
1686 2622 1817 2669 vn.
1842 2664 1849 2669 .
1877 2604 2150 2682 Castus,
2176 2623 2280 2683 ea,
2303 2619 2472 2688 quae

262 2729 331 2773 re
361 2708 588 2792 turpia
616 2714 792 2785 sunt,
816 2708 1112 2772 honestis
1146 2708 1502 2791 appellans
1533 2707 1941 2772 nominibus.

351 2810 665 2880 Ceterum
693 2819 804 2879 est
834 2811 1608 2895 admirandumquanta
1636 2831 1792 2878 cum
1823 2808 2164 2893 diligentia
2198 2808 2271 2876 id
2316 2828 2475 2891 ege-

259 2915 353 2980 rit
383 2913 690 2992 Curtius,
720 2922 796 2978 ut
826 2914 1009 2979 Livii
1051 2917 1120 2980 in
1163 2915 1450 2982 dicendo
1495 2923 1675 2981 esset
1720 2915 1978 2980 similis.
2067 2911 2299 2997 Atque
2346 2912 2474 2984 hec

263 3018 474 3081 etiam
523 3017 693 3080 adeo
747 3016 848 3080 illi
887 3018 1241 3095 successit,
1267 3026 1347 3083 ut
1373 3019 1752 3102 exemplum
1784 3018 1872 3084 ad,
1899 3016 2293 3084 imitandum
2321 3036 2478 3100 pro-

264 3119 573 3203 positum
601 3138 730 3183 non
761 3120 980 3184 solum
1009 3122 1439 3204 expresserit,
1472 3122 1592 3190 sed
1619 3121 1823 3188 etiam
1849 3138 2321 3203 nonnunquam
2363 3137 2476 3186 su·

262 3223 633 3309 peraverit.
723 3214 1034 3292 Raderus
1090 3225 1255 3291 Not.
1305 3227 1391 3292 ad
1445 3226 1637 3293 Curt.
1683 3244 1803 3316 ω.
1837 3226 1910 3293 2.
1949 3227 2057 3292 11.
2107 3224 2479 3292 rectissime

264 3331 286 3360 ‘
313 3322 598 3402 LiviuS,'
642 3326 882 3411 inquit,
930 3331 950 3361 ‘
974 3347 1149 3391 unus
1199 3332 1325 3404 est,
1379 3329 1497 3412 qui
1548 3328 1869 3394 orationis
1921 3327 2280 3412 majestate
2308 3325 2478 3392 Cur-

244 3430 437 3493 ·tium
456 3433 616 3511 post
640 3448 715 3493 se
741 3429 1031 3513 reliquit,
1057 3430 1363 3496 acumine
1391 3430 1635 3512 ingenii
1664 3436 1732 3496 et
1761 3429 2231 3498 sententiarum
2258 3431 2482 3498 nervis

270 3530 558 3596 Curtius
600 3530 697 3594 illi
747 3531 853 3594 vel
897 3551 1023 3614 par
1065 3536 1190 3608 est,
1238 3533 1345 3596 vel
1375 3532 1578 3598 etiam
1616 3532 1966 3618 superior!
2054 3531 2237 3612 Quin
2277 3534 2483 3598 immo

269 3633 545 3717 penitus
589 3631 657 3695 in
704 3631 884 3696 Livii
938 3631 1461 3706 familiaritatem
1511 3655 1666 3704 sese
1719 3635 2005 3713 dedisse,
2034 3634 2319 3719 ejusque
2352 3651 2484 3698 non

271 3735 571 3801 colorem
621 3738 687 3799 et
735 3738 1060 3819 speciem,
1101 3737 1218 3801 sed
1249 3737 1448 3803 etiam
1481 3759 1760 3804 succum
1791 3747 1863 3802 et
1893 3736 2290 3821 sanguinem
2322 3737 2483 3801 arri·
2593 3783 2600 3788 -

271 3838 510 3922 puisse
540 3835 822 3913 videtur,
855 3857 978 3902 nec
1009 3840 1156 3903 scio
1190 3859 1277 3903 an
1308 3841 1500 3905 illum
1530 3842 1946 3924 superaverit
1975 3860 2129 3906 cum
2148 3839 2487 3925 puritatis,

274 3948 417 4007 tum
435 3937 793 4021 elegantiae
823 3940 1080 4018 stadie,
1110 3948 1177 4008 et
1208 3961 1342 4026 quo
1369 3944 1593 4009 minus
1619 3943 1775 4026 quis
1806 3942 2086 4017 dubitet,
2116 3964 2257 4012 rem
2290 3944 2386 4009 ita
2412 3961 2488 4010 se

273 4042 543 4119 habere,
596 4040 884 4104 indicem
933 4043 1248 4125 plurium,
1300 4068 1451 4130 quae
1483 4048 1654 4113 sorte
1684 4055 2112 4121 succurrunt,
2141 4043 2254 4114 liic
2282 4044 2489 4130 subji-

279 4145 454 4212 ciam
484 4142 854 4232 phrasium,
887 4145 1134 4230 quibus
1156 4152 1438 4235 uterque
1467 4149 1711 4217 iisdem
1741 4149 1828 4216 de
1857 4150 2056 4218 rebus
2079 4154 2190 4216 est
2211 4167 2399 4215 usus.
