<?xml version="1.0" encoding="UTF-8"?>
<!DOCTYPE html PUBLIC "-//W3C//DTD XHTML 1.0 Transitional//EN"
    "http://www.w3.org/TR/xhtml1/DTD/xhtml1-transitional.dtd">
<html xmlns="http://www.w3.org/1999/xhtml" xml:lang="en" lang="en">
 <head>
  <title>
</title>
<meta http-equiv="Content-Type" content="text/html;charset=utf-8" />
  <meta name='ocr-system' content='tesseract 3.04.00' />
  <meta name='ocr-capabilities' content='ocr_page ocr_carea ocr_par ocr_line ocrx_word'/>
</head>
<body>
  <div class='ocr_page' id='page_1' title='image "./quinticurtiiruf03rufugoog_0065.png"; bbox 0 0 2978 4933; ppageno 0'>
   <div class='ocr_carea' id='block_1_1' title="bbox 815 332 2530 409">
    <p class='ocr_par' dir='ltr' id='par_1_1' title="bbox 815 332 2530 409">
     <span class='ocr_line' id='line_1_1' title="bbox 815 332 2530 409; baseline 0.002 -15"><span class='ocrx_word' id='word_1_1' title='bbox 815 346 896 396; x_wconf 78' lang='grc' dir='ltr'><strong>ιΝ</strong></span> <span class='ocrx_word' id='word_1_2' title='bbox 947 345 1304 409; x_wconf 73' lang='lat' dir='ltr'><strong>qumruu</strong></span> <span class='ocrx_word' id='word_1_3' title='bbox 1352 346 1705 397; x_wconf 70' lang='lat' dir='ltr'><strong>cunr-lum</strong></span> <span class='ocrx_word' id='word_1_4' title='bbox 1755 347 2042 397; x_wconf 66' lang='lat' dir='ltr'><strong>nusum,</strong></span> <span class='ocrx_word' id='word_1_5' title='bbox 2441 332 2530 398; x_wconf 81' lang='lat'><strong>43</strong></span> 
     </span>
    </p>
   </div>
   <div class='ocr_carea' id='block_1_2' title="bbox 314 476 2533 1812">
    <p class='ocr_par' dir='ltr' id='par_1_2' title="bbox 314 476 2533 1812">
     <span class='ocr_line' id='line_1_2' title="bbox 320 476 2529 577; baseline -0.001 -20"><span class='ocrx_word' id='word_1_6' title='bbox 320 476 465 557; x_wconf 74' lang='lat' dir='ltr'><strong>tale</strong></span> <span class='ocrx_word' id='word_1_7' title='bbox 505 490 936 557; x_wconf 74' lang='lat' dir='ltr'><strong>infortunium</strong></span> <span class='ocrx_word' id='word_1_8' title='bbox 968 491 1319 572; x_wconf 88' lang='lat' dir='ltr'><strong>accidisse,</strong></span> <span class='ocrx_word' id='word_1_9' title='bbox 1367 492 1962 577; x_wconf 73' lang='lat' dir='ltr'><strong>persuasissimum</strong></span> <span class='ocrx_word' id='word_1_10' title='bbox 2007 490 2168 556; x_wconf 87' lang='lat' dir='ltr'><strong>mibi</strong></span> <span class='ocrx_word' id='word_1_11' title='bbox 2207 497 2335 570; x_wconf 89' lang='lat' dir='ltr'><strong>est,</strong></span> <span class='ocrx_word' id='word_1_12' title='bbox 2377 511 2529 561; x_wconf 86' lang='lat' dir='ltr'><strong>cum</strong></span> 
     </span>
     <span class='ocr_line' id='line_1_3' title="bbox 316 592 2527 679; baseline -0 -19"><span class='ocrx_word' id='word_1_13' title='bbox 316 594 511 672; x_wconf 83' lang='lat' dir='ltr'><strong>vitia,</strong></span> <span class='ocrx_word' id='word_1_14' title='bbox 557 614 712 678; x_wconf 79' lang='lat' dir='ltr'><strong>quae</strong></span> <span class='ocrx_word' id='word_1_15' title='bbox 755 595 828 660; x_wconf 92' lang='lat' dir='ltr'><strong>in</strong></span> <span class='ocrx_word' id='word_1_16' title='bbox 873 592 1106 659; x_wconf 87' lang='lat' dir='ltr'><strong>Curtio</strong></span> <span class='ocrx_word' id='word_1_17' title='bbox 1149 594 1569 679; x_wconf 75' lang='lat' dir='ltr'><strong>reprehendit</strong></span> <span class='ocrx_word' id='word_1_18' title='bbox 1613 594 1937 675; x_wconf 84' lang='lat' dir='ltr'><strong>Clericus,</strong></span> <span class='ocrx_word' id='word_1_19' title='bbox 1981 593 2162 679; x_wconf 86' lang='lat' dir='ltr'><strong>apud</strong></span> <span class='ocrx_word' id='word_1_20' title='bbox 2208 595 2527 678; x_wconf 89' lang='lat' dir='ltr'><strong>optimum</strong></span> 
     </span>
     <span class='ocr_line' id='line_1_4' title="bbox 318 697 2528 782; baseline -0 -20"><span class='ocrx_word' id='word_1_21' title='bbox 318 716 657 782; x_wconf 80' lang='lat' dir='ltr'><strong>quemque</strong></span> <span class='ocrx_word' id='word_1_22' title='bbox 708 697 1101 780; x_wconf 83' lang='lat' dir='ltr'><strong>scriptorem</strong></span> <span class='ocrx_word' id='word_1_23' title='bbox 1148 697 1457 781; x_wconf 82' lang='lat' dir='ltr'><strong>reperire,</strong></span> <span class='ocrx_word' id='word_1_24' title='bbox 1505 697 1669 762; x_wconf 89' lang='lat' dir='ltr'><strong>nihil</strong></span> <span class='ocrx_word' id='word_1_25' title='bbox 1720 699 1810 763; x_wconf 89' lang='lat' dir='ltr'><strong>sit</strong></span> <span class='ocrx_word' id='word_1_26' title='bbox 1857 698 2132 781; x_wconf 88' lang='lat' dir='ltr'><strong>negotii.</strong></span> <span class='ocrx_word' id='word_1_27' title='bbox 2221 697 2528 762; x_wconf 86' lang='lat' dir='ltr'><strong>Ceterum</strong></span> 
     </span>
     <span class='ocr_line' id='line_1_5' title="bbox 319 799 2528 888; baseline -0.001 -22"><span class='ocrx_word' id='word_1_28' title='bbox 319 801 714 866; x_wconf 80' lang='lat' dir='ltr'><strong>defensione</strong></span> <span class='ocrx_word' id='word_1_29' title='bbox 758 799 974 866; x_wconf 84' lang='lat' dir='ltr'><strong>Curtii</strong></span> <span class='ocrx_word' id='word_1_30' title='bbox 1026 807 1257 866; x_wconf 84' lang='lat' dir='ltr'><strong>contra</strong></span> <span class='ocrx_word' id='word_1_31' title='bbox 1307 802 1586 866; x_wconf 82' lang='lat' dir='ltr'><strong>istorum</strong></span> <span class='ocrx_word' id='word_1_32' title='bbox 1639 802 2139 888; x_wconf 82' lang='lat' dir='ltr'><strong>objurgationes</strong></span> <span class='ocrx_word' id='word_1_33' title='bbox 2191 800 2320 866; x_wconf 89' lang='lat' dir='ltr'><strong>hoc</strong></span> <span class='ocrx_word' id='word_1_34' title='bbox 2369 800 2528 864; x_wconf 91' lang='lat' dir='ltr'><strong>loco</strong></span> 
     </span>
     <span class='ocr_line' id='line_1_6' title="bbox 316 902 2531 990; baseline -0.001 -21"><span class='ocrx_word' id='word_1_35' title='bbox 316 904 524 971; x_wconf 81' lang='lat' dir='ltr'><strong>facile</strong></span> <span class='ocrx_word' id='word_1_36' title='bbox 555 902 991 986; x_wconf 84' lang='lat' dir='ltr'><strong>supersedere</strong></span> <span class='ocrx_word' id='word_1_37' title='bbox 1022 923 1324 988; x_wconf 85' lang='lat' dir='ltr'><strong>possum,</strong></span> <span class='ocrx_word' id='word_1_38' title='bbox 1346 925 1521 984; x_wconf 88' lang='lat' dir='ltr'><strong>cum,</strong></span> <span class='ocrx_word' id='word_1_39' title='bbox 1544 913 1870 990; x_wconf 88' lang='lat' dir='ltr'><strong>quantum</strong></span> <span class='ocrx_word' id='word_1_40' title='bbox 1895 905 2191 970; x_wconf 89' lang='lat' dir='ltr'><strong>habeant</strong></span> <span class='ocrx_word' id='word_1_41' title='bbox 2217 904 2531 988; x_wconf 84' lang='lat' dir='ltr'><strong>iniquita-</strong></span> 
     </span>
     <span class='ocr_line' id='line_1_7' title="bbox 314 1004 2531 1097; baseline -0.001 -23"><span class='ocrx_word' id='word_1_42' title='bbox 314 1010 440 1086; x_wconf 70' lang='lat' dir='ltr'><strong>tis,</strong></span> <span class='ocrx_word' id='word_1_43' title='bbox 481 1005 657 1072; x_wconf 87' lang='lat' dir='ltr'><strong>satis</strong></span> <span class='ocrx_word' id='word_1_44' title='bbox 696 1006 787 1071; x_wconf 91' lang='lat' dir='ltr'><strong>sit</strong></span> <span class='ocrx_word' id='word_1_45' title='bbox 826 1005 1346 1097; x_wconf 86' lang='lat' dir='ltr'><strong>demonstratum</strong></span> <span class='ocrx_word' id='word_1_46' title='bbox 1390 1028 1433 1072; x_wconf 91' lang='lat' dir='ltr'><strong>a</strong></span> <span class='ocrx_word' id='word_1_47' title='bbox 1466 1008 1515 1074; x_wconf 81' lang='lat' dir='ltr'>J</span> <span class='ocrx_word' id='word_1_48' title='bbox 1519 1028 1623 1073; x_wconf 85' lang='lat' dir='ltr'><strong>ac.</strong></span> <span class='ocrx_word' id='word_1_49' title='bbox 1670 1007 2023 1072; x_wconf 83' lang='lat' dir='ltr'><strong>Perizonio</strong></span> <span class='ocrx_word' id='word_1_50' title='bbox 2060 1009 2127 1071; x_wconf 91' lang='lat' dir='ltr'><strong>in</strong></span> <span class='ocrx_word' id='word_1_51' title='bbox 2177 1006 2268 1087; x_wconf 84' lang='lat' dir='ltr'><strong>Q.</strong></span> <span class='ocrx_word' id='word_1_52' title='bbox 2299 1004 2531 1071; x_wconf 82' lang='lat' dir='ltr'><strong>Curtio</strong></span> 
     </span>
     <span class='ocr_line' id='line_1_8' title="bbox 319 1108 2530 1186; baseline -0.002 -10"><span class='ocrx_word' id='word_1_53' title='bbox 319 1111 511 1176; x_wconf 83' lang='lat' dir='ltr'><strong>Rufo</strong></span> <span class='ocrx_word' id='word_1_54' title='bbox 543 1109 934 1186; x_wconf 79' lang='lat' dir='ltr'><strong>Vindicate,</strong></span> <span class='ocrx_word' id='word_1_55' title='bbox 961 1128 1221 1175; x_wconf 86' lang='lat' dir='ltr'><strong>necnon</strong></span> <span class='ocrx_word' id='word_1_56' title='bbox 1275 1130 1317 1175; x_wconf 92' lang='lat' dir='ltr'><strong>a</strong></span> <span class='ocrx_word' id='word_1_57' title='bbox 1356 1110 1403 1175; x_wconf 87' lang='lat' dir='ltr'><strong>J</strong></span> <span class='ocrx_word' id='word_1_58' title='bbox 1406 1130 1470 1174; x_wconf 85' lang='lat' dir='ltr'><strong>o.</strong></span> <span class='ocrx_word' id='word_1_59' title='bbox 1501 1111 1548 1176; x_wconf 87' lang='lat' dir='ltr'><strong>J</strong></span> <span class='ocrx_word' id='word_1_60' title='bbox 1551 1129 1652 1175; x_wconf 89' lang='lat' dir='ltr'><strong>ac.</strong></span> <span class='ocrx_word' id='word_1_61' title='bbox 1683 1109 1985 1174; x_wconf 76' lang='lat' dir='ltr'><strong>Sertorio</strong></span> <span class='ocrx_word' id='word_1_62' title='bbox 2014 1109 2085 1172; x_wconf 91' lang='lat' dir='ltr'><strong>in</strong></span> <span class='ocrx_word' id='word_1_63' title='bbox 2120 1108 2530 1173; x_wconf 83' lang='lat' dir='ltr'><strong>Prolusioni·</strong></span> 
     </span>
     <span class='ocr_line' id='line_1_9' title="bbox 316 1201 2531 1296; baseline -0.001 -19"><span class='ocrx_word' id='word_1_64' title='bbox 316 1213 451 1288; x_wconf 85' lang='lat' dir='ltr'><strong>bns</strong></span> <span class='ocrx_word' id='word_1_65' title='bbox 482 1212 771 1288; x_wconf 79' lang='lat' dir='ltr'><strong>duabuS,</strong></span> <span class='ocrx_word' id='word_1_66' title='bbox 807 1211 1052 1296; x_wconf 87' lang='lat' dir='ltr'><strong>quibus</strong></span> <span class='ocrx_word' id='word_1_67' title='bbox 1084 1211 1171 1292; x_wconf 84' lang='lat' dir='ltr'><strong>Q.</strong></span> <span class='ocrx_word' id='word_1_68' title='bbox 1203 1210 1479 1277; x_wconf 85' lang='lat' dir='ltr'><strong>Curtius</strong></span> <span class='ocrx_word' id='word_1_69' title='bbox 1512 1211 1737 1277; x_wconf 74' lang='lat' dir='ltr'><strong>Rufus</strong></span> <span class='ocrx_word' id='word_1_70' title='bbox 1770 1232 1817 1277; x_wconf 92' lang='lat' dir='ltr'><strong>a</strong></span> <span class='ocrx_word' id='word_1_71' title='bbox 1856 1201 2273 1296; x_wconf 87' lang='lat' dir='ltr'><strong>quorundam</strong></span> <span class='ocrx_word' id='word_1_72' title='bbox 2308 1230 2531 1295; x_wconf 82' lang='lat' dir='ltr'><strong>repre-</strong></span> 
     </span>
     <span class='ocr_line' id='line_1_10' title="bbox 316 1313 2533 1400; baseline 0 -22"><span class='ocrx_word' id='word_1_73' title='bbox 316 1315 656 1380; x_wconf 85' lang='lat' dir='ltr'><strong>hensione</strong></span> <span class='ocrx_word' id='word_1_74' title='bbox 685 1332 821 1378; x_wconf 91' lang='lat' dir='ltr'><strong>non</strong></span> <span class='ocrx_word' id='word_1_75' title='bbox 849 1313 1016 1378; x_wconf 88' lang='lat' dir='ltr'><strong>nihil</strong></span> <span class='ocrx_word' id='word_1_76' title='bbox 1046 1313 1435 1394; x_wconf 84' lang='lat' dir='ltr'><strong>defenditur,</strong></span> <span class='ocrx_word' id='word_1_77' title='bbox 1484 1324 1552 1381; x_wconf 90' lang='lat' dir='ltr'><strong>et</strong></span> <span class='ocrx_word' id='word_1_78' title='bbox 1594 1335 1748 1399; x_wconf 80' lang='lat' dir='ltr'><strong>quae</strong></span> <span class='ocrx_word' id='word_1_79' title='bbox 1791 1317 1861 1380; x_wconf 86' lang='lat' dir='ltr'><strong>in</strong></span> <span class='ocrx_word' id='word_1_80' title='bbox 1892 1316 2111 1381; x_wconf 86' lang='lat' dir='ltr'><strong>lucem</strong></span> <span class='ocrx_word' id='word_1_81' title='bbox 2147 1315 2533 1400; x_wconf 80' lang='lat' dir='ltr'><strong>prodierunt</strong></span> 
     </span>
     <span class='ocr_line' id='line_1_11' title="bbox 319 1414 2531 1502; baseline -0.001 -20"><span class='ocrx_word' id='word_1_82' title='bbox 319 1418 640 1502; x_wconf 84' lang='lat' dir='ltr'><strong>Erlangae</strong></span> <span class='ocrx_word' id='word_1_83' title='bbox 693 1416 886 1482; x_wconf 80' lang='lat'><strong>1774.</strong></span> <span class='ocrx_word' id='word_1_84' title='bbox 978 1414 1260 1481; x_wconf 89' lang='lat' dir='ltr'><strong>Minime</strong></span> <span class='ocrx_word' id='word_1_85' title='bbox 1310 1437 1468 1483; x_wconf 88' lang='lat' dir='ltr'><strong>vero</strong></span> <span class='ocrx_word' id='word_1_86' title='bbox 1515 1417 1809 1483; x_wconf 86' lang='lat' dir='ltr'><strong>alienum</strong></span> <span class='ocrx_word' id='word_1_87' title='bbox 1856 1418 1944 1482; x_wconf 92' lang='lat' dir='ltr'><strong>ab</strong></span> <span class='ocrx_word' id='word_1_88' title='bbox 1968 1418 2317 1486; x_wconf 79' lang='lat' dir='ltr'><strong>,institutis</strong></span> <span class='ocrx_word' id='word_1_89' title='bbox 2359 1418 2531 1485; x_wconf 85' lang='lat' dir='ltr'><strong>meis</strong></span> 
     </span>
     <span class='ocr_line' id='line_1_12' title="bbox 317 1510 2532 1606; baseline 0 -21"><span class='ocrx_word' id='word_1_90' title='bbox 317 1528 517 1605; x_wconf 86' lang='lat' dir='ltr'><strong>puto,</strong></span> <span class='ocrx_word' id='word_1_91' title='bbox 547 1519 842 1587; x_wconf 85' lang='lat' dir='ltr'><strong>conferre</strong></span> <span class='ocrx_word' id='word_1_92' title='bbox 869 1510 1172 1584; x_wconf 78' lang='lat' dir='ltr'><strong>Curtium</strong></span> <span class='ocrx_word' id='word_1_93' title='bbox 1204 1518 1522 1599; x_wconf 86' lang='lat' dir='ltr'><strong>Arriano,</strong></span> <span class='ocrx_word' id='word_1_94' title='bbox 1563 1529 1638 1585; x_wconf 88' lang='lat' dir='ltr'><strong>et</strong></span> <span class='ocrx_word' id='word_1_95' title='bbox 1671 1541 1994 1605; x_wconf 78' lang='lat' dir='ltr'><strong>quaerere,</strong></span> <span class='ocrx_word' id='word_1_96' title='bbox 2038 1523 2288 1606; x_wconf 90' lang='lat' dir='ltr'><strong>quibus</strong></span> <span class='ocrx_word' id='word_1_97' title='bbox 2322 1522 2532 1587; x_wconf 85' lang='lat' dir='ltr'><strong>ratio-</strong></span> 
     </span>
     <span class='ocr_line' id='line_1_13' title="bbox 316 1621 2533 1708; baseline 0 -20"><span class='ocrx_word' id='word_1_98' title='bbox 316 1626 525 1688; x_wconf 90' lang='lat' dir='ltr'><strong>nibus</strong></span> <span class='ocrx_word' id='word_1_99' title='bbox 553 1625 665 1689; x_wconf 86' lang='lat' dir='ltr'><strong>hic</strong></span> <span class='ocrx_word' id='word_1_100' title='bbox 695 1624 797 1689; x_wconf 92' lang='lat' dir='ltr'><strong>illi</strong></span> <span class='ocrx_word' id='word_1_101' title='bbox 826 1621 915 1687; x_wconf 82' lang='lat' dir='ltr'><strong>sit</strong></span> <span class='ocrx_word' id='word_1_102' title='bbox 946 1622 1457 1704; x_wconf 68' lang='lat' dir='ltr'><strong>praeferendus?</strong></span> <span class='ocrx_word' id='word_1_103' title='bbox 1536 1623 1931 1707; x_wconf 76' lang='lat' dir='ltr'><strong>Negandum</strong></span> <span class='ocrx_word' id='word_1_104' title='bbox 1952 1625 2222 1708; x_wconf 88' lang='lat' dir='ltr'><strong>quidem</strong></span> <span class='ocrx_word' id='word_1_105' title='bbox 2242 1644 2380 1690; x_wconf 91' lang='lat' dir='ltr'><strong>non</strong></span> <span class='ocrx_word' id='word_1_106' title='bbox 2403 1629 2533 1703; x_wconf 86' lang='lat' dir='ltr'><strong>est,</strong></span> 
     </span>
     <span class='ocr_line' id='line_1_14' title="bbox 317 1724 2530 1812; baseline 0 -21"><span class='ocrx_word' id='word_1_107' title='bbox 317 1724 712 1806; x_wconf 65' lang='lat' dir='ltr'><strong>Amanum,</strong></span> <span class='ocrx_word' id='word_1_108' title='bbox 745 1726 862 1811; x_wconf 85' lang='lat' dir='ltr'><strong>qui</strong></span> <span class='ocrx_word' id='word_1_109' title='bbox 908 1725 1057 1809; x_wconf 89' lang='lat' dir='ltr'><strong>ipse</strong></span> <span class='ocrx_word' id='word_1_110' title='bbox 1102 1727 1403 1810; x_wconf 82' lang='lat' dir='ltr'><strong>egregius</strong></span> <span class='ocrx_word' id='word_1_111' title='bbox 1448 1727 1735 1792; x_wconf 80' lang='lat' dir='ltr'><strong>militum</strong></span> <span class='ocrx_word' id='word_1_112' title='bbox 1768 1725 1934 1805; x_wconf 82' lang='lat' dir='ltr'><strong>dux,</strong></span> <span class='ocrx_word' id='word_1_113' title='bbox 1965 1733 2034 1792; x_wconf 92' lang='lat' dir='ltr'><strong>et</strong></span> <span class='ocrx_word' id='word_1_114' title='bbox 2063 1726 2530 1812; x_wconf 74' lang='lat' dir='ltr'><strong>Cappadociae</strong></span> 
     </span>
    </p>
   </div>
   <div class='ocr_carea' id='block_1_3' title="bbox 316 1824 2664 1914">
    <p class='ocr_par' dir='ltr' id='par_1_3' title="bbox 316 1824 2664 1914">
     <span class='ocr_line' id='line_1_15' title="bbox 316 1824 2664 1914; baseline 0 -20"><span class='ocrx_word' id='word_1_115' title='bbox 316 1831 690 1912; x_wconf 75' lang='lat' dir='ltr'><strong>praefectus</strong></span> <span class='ocrx_word' id='word_1_116' title='bbox 721 1834 950 1895; x_wconf 88' lang='lat' dir='ltr'><strong>contra</strong></span> <span class='ocrx_word' id='word_1_117' title='bbox 976 1824 1245 1893; x_wconf 83' lang='lat' dir='ltr'><strong>Alanos</strong></span> <span class='ocrx_word' id='word_1_118' title='bbox 1286 1838 1359 1895; x_wconf 88' lang='lat' dir='ltr'><strong>et</strong></span> <span class='ocrx_word' id='word_1_119' title='bbox 1398 1830 1831 1914; x_wconf 79' lang='lat' dir='ltr'><strong>Massagetas</strong></span> <span class='ocrx_word' id='word_1_120' title='bbox 1873 1831 2121 1897; x_wconf 88' lang='lat' dir='ltr'><strong>bellum</strong></span> <span class='ocrx_word' id='word_1_121' title='bbox 2162 1831 2380 1909; x_wconf 82' lang='lat' dir='ltr'><strong>duxit,</strong></span> <span class='ocrx_word' id='word_1_122' title='bbox 2419 1849 2532 1894; x_wconf 88' lang='lat' dir='ltr'><strong>ea·</strong></span> <span class='ocrx_word' id='word_1_123' title='bbox 2661 1850 2664 1855; x_wconf 87' lang='lat'>·</span> 
     </span>
    </p>
   </div>
   <div class='ocr_carea' id='block_1_4' title="bbox 314 1931 2539 4187">
    <p class='ocr_par' dir='ltr' id='par_1_4' title="bbox 314 1931 2539 4187">
     <span class='ocr_line' id='line_1_16' title="bbox 318 1931 2532 2001; baseline 0 -5"><span class='ocrx_word' id='word_1_124' title='bbox 318 1933 470 1996; x_wconf 88' lang='lat' dir='ltr'><strong>dem</strong></span> <span class='ocrx_word' id='word_1_125' title='bbox 534 1934 618 1997; x_wconf 90' lang='lat' dir='ltr'><strong>de</strong></span> <span class='ocrx_word' id='word_1_126' title='bbox 663 1954 873 2001; x_wconf 86' lang='lat' dir='ltr'><strong>causa</strong></span> <span class='ocrx_word' id='word_1_127' title='bbox 918 1933 1420 1999; x_wconf 81' lang='lat' dir='ltr'><strong>instructiorem</strong></span> <span class='ocrx_word' id='word_1_128' title='bbox 1463 1932 1692 1999; x_wconf 90' lang='lat' dir='ltr'><strong>modis</strong></span> <span class='ocrx_word' id='word_1_129' title='bbox 1741 1935 1969 1999; x_wconf 88' lang='lat' dir='ltr'><strong>multis</strong></span> <span class='ocrx_word' id='word_1_130' title='bbox 2017 1934 2392 1999; x_wconf 83' lang='lat' dir='ltr'><strong>accessisse</strong></span> <span class='ocrx_word' id='word_1_131' title='bbox 2442 1931 2532 1997; x_wconf 85' lang='lat' dir='ltr'><strong>ad</strong></span> 
     </span>
     <span class='ocr_line' id='line_1_17' title="bbox 318 2032 2531 2122; baseline 0 -24"><span class='ocrx_word' id='word_1_132' title='bbox 318 2032 838 2101; x_wconf 85' lang='lat' dir='ltr'><strong>describendam</strong></span> <span class='ocrx_word' id='word_1_133' title='bbox 870 2036 1375 2120; x_wconf 85' lang='lat' dir='ltr'><strong>expeditionem</strong></span> <span class='ocrx_word' id='word_1_134' title='bbox 1415 2035 1968 2114; x_wconf 85' lang='lat' dir='ltr'><strong>Alexandrinam,</strong></span> <span class='ocrx_word' id='word_1_135' title='bbox 2001 2057 2206 2122; x_wconf 86' lang='lat' dir='ltr'><strong>quam</strong></span> <span class='ocrx_word' id='word_1_136' title='bbox 2240 2034 2531 2114; x_wconf 82' lang='lat' dir='ltr'><strong>Curtius,</strong></span> 
     </span>
     <span class='ocr_line' id='line_1_18' title="bbox 319 2137 2535 2221; baseline -0 -20"><span class='ocrx_word' id='word_1_137' title='bbox 319 2138 418 2202; x_wconf 87' lang='lat' dir='ltr'><strong>rei</strong></span> <span class='ocrx_word' id='word_1_138' title='bbox 449 2139 740 2218; x_wconf 86' lang='lat' dir='ltr'><strong>bellicae,</strong></span> <span class='ocrx_word' id='word_1_139' title='bbox 768 2141 868 2204; x_wconf 90' lang='lat' dir='ltr'><strong>uti</strong></span> <span class='ocrx_word' id='word_1_140' title='bbox 899 2140 1188 2216; x_wconf 85' lang='lat' dir='ltr'><strong>videtur,</strong></span> <span class='ocrx_word' id='word_1_141' title='bbox 1220 2137 1430 2221; x_wconf 83' lang='lat' dir='ltr'><strong>plane</strong></span> <span class='ocrx_word' id='word_1_142' title='bbox 1456 2138 1689 2204; x_wconf 66' lang='lat' dir='ltr'><strong>rudis.</strong></span> <span class='ocrx_word' id='word_1_143' title='bbox 1777 2138 2028 2203; x_wconf 86' lang='lat' dir='ltr'><strong>Verum</strong></span> <span class='ocrx_word' id='word_1_144' title='bbox 2060 2138 2235 2203; x_wconf 91' lang='lat' dir='ltr'><strong>enim</strong></span> <span class='ocrx_word' id='word_1_145' title='bbox 2265 2156 2441 2214; x_wconf 84' lang='lat' dir='ltr'><strong>vero,</strong></span> <span class='ocrx_word' id='word_1_146' title='bbox 2474 2138 2535 2201; x_wconf 91' lang='lat' dir='ltr'><strong>si</strong></span> 
     </span>
     <span class='ocr_line' id='line_1_19' title="bbox 319 2232 2534 2326; baseline -0 -21"><span class='ocrx_word' id='word_1_147' title='bbox 319 2241 436 2324; x_wconf 89' lang='lat' dir='ltr'><strong>qui</strong></span> <span class='ocrx_word' id='word_1_148' title='bbox 465 2240 705 2306; x_wconf 86' lang='lat' dir='ltr'><strong>Curtio</strong></span> <span class='ocrx_word' id='word_1_149' title='bbox 733 2262 995 2307; x_wconf 88' lang='lat' dir='ltr'><strong>omnem</strong></span> <span class='ocrx_word' id='word_1_150' title='bbox 1035 2241 1238 2308; x_wconf 86' lang='lat' dir='ltr'><strong>fidem</strong></span> <span class='ocrx_word' id='word_1_151' title='bbox 1266 2241 1582 2326; x_wconf 80' lang='lat' dir='ltr'><strong>derogant</strong></span> <span class='ocrx_word' id='word_1_152' title='bbox 1607 2247 1675 2308; x_wconf 85' lang='lat' dir='ltr'><strong>et</strong></span> <span class='ocrx_word' id='word_1_153' title='bbox 1703 2232 2051 2308; x_wconf 77' lang='lat' dir='ltr'><strong>veritatem</strong></span> <span class='ocrx_word' id='word_1_154' title='bbox 2080 2242 2279 2306; x_wconf 87' lang='lat' dir='ltr'><strong>unice</strong></span> <span class='ocrx_word' id='word_1_155' title='bbox 2307 2242 2376 2305; x_wconf 91' lang='lat' dir='ltr'><strong>in</strong></span> <span class='ocrx_word' id='word_1_156' title='bbox 2407 2238 2534 2304; x_wconf 84' lang='lat' dir='ltr'><strong>Ar-</strong></span> 
     </span>
     <span class='ocr_line' id='line_1_20' title="bbox 320 2341 2534 2430; baseline -0 -23"><span class='ocrx_word' id='word_1_157' title='bbox 320 2344 513 2408; x_wconf 79' lang='lat' dir='ltr'><strong>riano</strong></span> <span class='ocrx_word' id='word_1_158' title='bbox 545 2345 828 2410; x_wconf 83' lang='lat' dir='ltr'><strong>inveniri</strong></span> <span class='ocrx_word' id='word_1_159' title='bbox 856 2352 1121 2429; x_wconf 85' lang='lat' dir='ltr'><strong>putant,</strong></span> <span class='ocrx_word' id='word_1_160' title='bbox 1176 2345 1431 2430; x_wconf 87' lang='lat' dir='ltr'><strong>quippe</strong></span> <span class='ocrx_word' id='word_1_161' title='bbox 1473 2346 1595 2428; x_wconf 92' lang='lat' dir='ltr'><strong>qui</strong></span> <span class='ocrx_word' id='word_1_162' title='bbox 1634 2343 1993 2411; x_wconf 73' lang='lat' dir='ltr'><strong>Ptolemaei</strong></span> <span class='ocrx_word' id='word_1_163' title='bbox 2036 2350 2239 2428; x_wconf 87' lang='lat' dir='ltr'><strong>atque</strong></span> <span class='ocrx_word' id='word_1_164' title='bbox 2274 2341 2534 2407; x_wconf 85' lang='lat' dir='ltr'><strong>Aristo-</strong></span> 
     </span>
     <span class='ocr_line' id='line_1_21' title="bbox 323 2438 2533 2535; baseline -0 -23"><span class='ocrx_word' id='word_1_165' title='bbox 323 2446 468 2535; x_wconf 82' lang='lat' dir='ltr'><strong>buli</strong></span> <span class='ocrx_word' id='word_1_166' title='bbox 497 2449 892 2514; x_wconf 87' lang='lat' dir='ltr'><strong>auctoritate</strong></span> <span class='ocrx_word' id='word_1_167' title='bbox 930 2449 1295 2514; x_wconf 84' lang='lat' dir='ltr'><strong>narraverit</strong></span> <span class='ocrx_word' id='word_1_168' title='bbox 1324 2449 1572 2527; x_wconf 89' lang='lat' dir='ltr'><strong>omnia,</strong></span> <span class='ocrx_word' id='word_1_169' title='bbox 1613 2438 1998 2515; x_wconf 83' lang='lat' dir='ltr'><strong>inconsulte</strong></span> <span class='ocrx_word' id='word_1_170' title='bbox 2027 2466 2109 2513; x_wconf 90' lang='lat' dir='ltr'><strong>ac</strong></span> <span class='ocrx_word' id='word_1_171' title='bbox 2139 2455 2382 2512; x_wconf 81' lang='lat' dir='ltr'><strong>temere</strong></span> <span class='ocrx_word' id='word_1_172' title='bbox 2420 2445 2533 2532; x_wconf 87' lang='lat' dir='ltr'><strong>ju-</strong></span> 
     </span>
     <span class='ocr_line' id='line_1_22' title="bbox 320 2549 2534 2635; baseline 0 -21"><span class='ocrx_word' id='word_1_173' title='bbox 320 2549 567 2629; x_wconf 85' lang='lat' dir='ltr'><strong>dicant,</strong></span> <span class='ocrx_word' id='word_1_174' title='bbox 628 2559 700 2616; x_wconf 86' lang='lat' dir='ltr'><strong>et</strong></span> <span class='ocrx_word' id='word_1_175' title='bbox 752 2571 992 2617; x_wconf 84' lang='lat' dir='ltr'><strong>vereor</strong></span> <span class='ocrx_word' id='word_1_176' title='bbox 1047 2554 1284 2618; x_wconf 89' lang='lat' dir='ltr'><strong>merito</strong></span> <span class='ocrx_word' id='word_1_177' title='bbox 1340 2559 1418 2620; x_wconf 89' lang='lat' dir='ltr'><strong>ut</strong></span> <span class='ocrx_word' id='word_1_178' title='bbox 1471 2554 1646 2617; x_wconf 87' lang='lat' dir='ltr'><strong>satis</strong></span> <span class='ocrx_word' id='word_1_179' title='bbox 1699 2560 2053 2635; x_wconf 87' lang='lat' dir='ltr'><strong>utrumque</strong></span> <span class='ocrx_word' id='word_1_180' title='bbox 2103 2550 2534 2635; x_wconf 87' lang='lat' dir='ltr'><strong>inspexerint.</strong></span> 
     </span>
     <span class='ocr_line' id='line_1_23' title="bbox 323 2652 2536 2741; baseline -0 -21"><span class='ocrx_word' id='word_1_181' title='bbox 323 2652 506 2720; x_wconf 90' lang='lat' dir='ltr'><strong>Nam</strong></span> <span class='ocrx_word' id='word_1_182' title='bbox 551 2655 719 2720; x_wconf 89' lang='lat' dir='ltr'><strong>licet</strong></span> <span class='ocrx_word' id='word_1_183' title='bbox 757 2657 990 2729; x_wconf 88' lang='lat' dir='ltr'><strong>horum</strong></span> <span class='ocrx_word' id='word_1_184' title='bbox 1028 2657 1436 2737; x_wconf 84' lang='lat' dir='ltr'><strong>testimonia,</strong></span> <span class='ocrx_word' id='word_1_185' title='bbox 1481 2676 1640 2741; x_wconf 78' lang='lat' dir='ltr'><strong>quae</strong></span> <span class='ocrx_word' id='word_1_186' title='bbox 1683 2654 2096 2739; x_wconf 82' lang='lat' dir='ltr'><strong>ponderibus</strong></span> <span class='ocrx_word' id='word_1_187' title='bbox 2142 2655 2283 2718; x_wconf 90' lang='lat' dir='ltr'><strong>suis</strong></span> <span class='ocrx_word' id='word_1_188' title='bbox 2329 2674 2536 2738; x_wconf 87' lang='lat' dir='ltr'><strong>supra</strong></span> 
     </span>
     <span class='ocr_line' id='line_1_24' title="bbox 314 2752 2535 2844; baseline 0.001 -25"><span class='ocrx_word' id='word_1_189' title='bbox 314 2754 598 2840; x_wconf 82' lang='lat' dir='ltr'><strong>jamjam</strong></span> <span class='ocrx_word' id='word_1_190' title='bbox 630 2759 1186 2838; x_wconf 79' lang='lat' dir='ltr'><strong>examinavimus,</strong></span> <span class='ocrx_word' id='word_1_191' title='bbox 1225 2760 1480 2843; x_wconf 89' lang='lat' dir='ltr'><strong>ubique</strong></span> <span class='ocrx_word' id='word_1_192' title='bbox 1509 2777 1650 2844; x_wconf 83' lang='lat' dir='ltr'><strong>prae</strong></span> <span class='ocrx_word' id='word_1_193' title='bbox 1685 2776 1763 2822; x_wconf 85' lang='lat' dir='ltr'><strong>se</strong></span> <span class='ocrx_word' id='word_1_194' title='bbox 1792 2756 1967 2820; x_wconf 86' lang='lat' dir='ltr'><strong>serat</strong></span> <span class='ocrx_word' id='word_1_195' title='bbox 1990 2752 2347 2835; x_wconf 77' lang='lat' dir='ltr'><strong>ArrianuS,</strong></span> <span class='ocrx_word' id='word_1_196' title='bbox 2379 2757 2535 2840; x_wconf 83' lang='lat' dir='ltr'><strong>ipse</strong></span> 
     </span>
     <span class='ocr_line' id='line_1_25' title="bbox 317 2860 2535 2946; baseline 0 -23"><span class='ocrx_word' id='word_1_197' title='bbox 317 2865 549 2924; x_wconf 83' lang='lat' dir='ltr'><strong>tamen</strong></span> <span class='ocrx_word' id='word_1_198' title='bbox 601 2861 669 2925; x_wconf 92' lang='lat' dir='ltr'><strong>in</strong></span> <span class='ocrx_word' id='word_1_199' title='bbox 718 2860 1126 2928; x_wconf 73' lang='lat' dir='ltr'><strong>Praefatione</strong></span> <span class='ocrx_word' id='word_1_200' title='bbox 1169 2863 1430 2943; x_wconf 84' lang='lat' dir='ltr'><strong>fatetur,</strong></span> <span class='ocrx_word' id='word_1_201' title='bbox 1482 2883 1560 2927; x_wconf 89' lang='lat' dir='ltr'><strong>se</strong></span> <span class='ocrx_word' id='word_1_202' title='bbox 1604 2880 1823 2946; x_wconf 88' lang='lat' dir='ltr'><strong>neque</strong></span> <span class='ocrx_word' id='word_1_203' title='bbox 1869 2860 2047 2926; x_wconf 91' lang='lat' dir='ltr'><strong>alios</strong></span> <span class='ocrx_word' id='word_1_204' title='bbox 2086 2860 2535 2925; x_wconf 69' lang='lat' dir='ltr'><strong>‚contemsisse</strong></span> 
     </span>
     <span class='ocr_line' id='line_1_26' title="bbox 324 2959 2537 3051; baseline 0.001 -26"><span class='ocrx_word' id='word_1_205' title='bbox 324 2981 453 3027; x_wconf 88' lang='lat' dir='ltr'><strong>nec</strong></span> <span class='ocrx_word' id='word_1_206' title='bbox 483 2962 735 3028; x_wconf 83' lang='lat' dir='ltr'><strong>famam</strong></span> <span class='ocrx_word' id='word_1_207' title='bbox 766 2984 1006 3029; x_wconf 85' lang='lat' dir='ltr'><strong>vanam</strong></span> <span class='ocrx_word' id='word_1_208' title='bbox 1033 2967 1398 3051; x_wconf 86' lang='lat' dir='ltr'><strong>respuisse.</strong></span> <span class='ocrx_word' id='word_1_209' title='bbox 1473 2962 1657 3030; x_wconf 81' lang='grc' dir='ltr'><strong>Ἔστι</strong></span> <span class='ocrx_word' id='word_1_210' title='bbox 1685 2966 1742 3029; x_wconf 79' lang='grc' dir='ltr'><strong>δὲ</strong></span> <span class='ocrx_word' id='word_1_211' title='bbox 1767 2960 1813 3027; x_wconf 72' lang='grc' dir='ltr'><strong>οἳ</strong></span> <span class='ocrx_word' id='word_1_212' title='bbox 1841 2961 1941 3025; x_wconf 75' lang='grc' dir='ltr'><strong>καὶ</strong></span> <span class='ocrx_word' id='word_1_213' title='bbox 1972 2961 2108 3051; x_wconf 60' lang='grc' dir='ltr'><strong>πρὸς</strong></span> <span class='ocrx_word' id='word_1_214' title='bbox 2151 2959 2353 3026; x_wconf 67' lang='grc' dir='ltr'><strong>ἄλλων</strong></span> <span class='ocrx_word' id='word_1_215' title='bbox 2389 2963 2537 3047; x_wconf 73' lang='grc' dir='ltr'><strong><em>ξυγ-</em></strong></span> 
     </span>
     <span class='ocr_line' id='line_1_27' title="bbox 320 3061 2535 3156; baseline 0 -29"><span class='ocrx_word' id='word_1_216' title='bbox 320 3064 734 3151; x_wconf 57' lang='grc' dir='ltr'><strong>γεγραμμένα,</strong></span> <span class='ocrx_word' id='word_1_217' title='bbox 783 3063 865 3128; x_wconf 64' lang='grc' dir='ltr'><strong>ὅτι</strong></span> <span class='ocrx_word' id='word_1_218' title='bbox 907 3067 1005 3131; x_wconf 72' lang='grc' dir='ltr'><strong>καὶ</strong></span> <span class='ocrx_word' id='word_1_219' title='bbox 1045 3068 1202 3133; x_wconf 73' lang='grc' dir='ltr'>αὐτοὶ</span> <span class='ocrx_word' id='word_1_220' title='bbox 1242 3067 1627 3156; x_wconf 69' lang='grc' dir='ltr'><strong>ἀξιαφήγητά</strong></span> <span class='ocrx_word' id='word_1_221' title='bbox 1653 3065 1718 3132; x_wconf 74' lang='grc' dir='ltr'>τέ</span> <span class='ocrx_word' id='word_1_222' title='bbox 1759 3091 1859 3150; x_wconf 79' lang='grc' dir='ltr'><strong>μοι</strong></span> <span class='ocrx_word' id='word_1_223' title='bbox 1891 3062 2104 3143; x_wconf 71' lang='grc' dir='ltr'>ἔδοξαν,</span> <span class='ocrx_word' id='word_1_224' title='bbox 2135 3066 2236 3130; x_wconf 71' lang='grc' dir='ltr'><strong>καὶ</strong></span> <span class='ocrx_word' id='word_1_225' title='bbox 2268 3065 2330 3128; x_wconf 78' lang='grc' dir='ltr'><strong>οὗ</strong></span> <span class='ocrx_word' id='word_1_226' title='bbox 2357 3061 2535 3141; x_wconf 69' lang='grc' dir='ltr'><strong><em>πάντη</em></strong></span> 
     </span>
     <span class='ocr_line' id='line_1_28' title="bbox 325 3165 2536 3261; baseline 0.001 -31"><span class='ocrx_word' id='word_1_227' title='bbox 325 3167 579 3247; x_wconf 73' lang='grc' dir='ltr'><strong>ἄπιστα,</strong></span> <span class='ocrx_word' id='word_1_228' title='bbox 608 3169 684 3243; x_wconf 76' lang='grc' dir='ltr'><strong>ὥς</strong></span> <span class='ocrx_word' id='word_1_229' title='bbox 705 3166 992 3255; x_wconf 70' lang='grc' dir='ltr'><strong>λεγόμενα</strong></span> <span class='ocrx_word' id='word_1_230' title='bbox 1025 3169 1194 3253; x_wconf 71' lang='grc' dir='ltr'><strong><em>μόνον</em></strong></span> <span class='ocrx_word' id='word_1_231' title='bbox 1220 3173 1362 3261; x_wconf 62' lang='grc' dir='ltr'><strong>ὑπὲρ</strong></span> <span class='ocrx_word' id='word_1_232' title='bbox 1389 3169 1787 3258; x_wconf 70' lang='grc' dir='ltr'><strong>Ἀλεξάνδρου,</strong></span> <span class='ocrx_word' id='word_1_233' title='bbox 1819 3165 2177 3257; x_wconf 66' lang='grc' dir='ltr'><em>ἀνέγραψα.8</em></span> <span class='ocrx_word' id='word_1_234' title='bbox 2264 3169 2536 3248; x_wconf 81' lang='lat' dir='ltr'><strong>Quibus</strong></span> 
     </span>
     <span class='ocr_line' id='line_1_29' title="bbox 322 3269 2533 3358; baseline 0.001 -25"><span class='ocrx_word' id='word_1_235' title='bbox 322 3279 547 3335; x_wconf 87' lang='lat' dir='ltr'><strong>autem</strong></span> <span class='ocrx_word' id='word_1_236' title='bbox 592 3272 836 3337; x_wconf 88' lang='lat' dir='ltr'><strong>ductus</strong></span> <span class='ocrx_word' id='word_1_237' title='bbox 880 3273 974 3339; x_wconf 85' lang='lat' dir='ltr'><strong>sit</strong></span> <span class='ocrx_word' id='word_1_238' title='bbox 1013 3275 1381 3341; x_wconf 87' lang='lat' dir='ltr'><strong>rationibus</strong></span> <span class='ocrx_word' id='word_1_239' title='bbox 1423 3277 1496 3341; x_wconf 90' lang='lat' dir='ltr'><strong>in</strong></span> <span class='ocrx_word' id='word_1_240' title='bbox 1541 3274 1870 3358; x_wconf 79' lang='lat' dir='ltr'><strong>eligendis</strong></span> <span class='ocrx_word' id='word_1_241' title='bbox 1927 3269 2261 3356; x_wconf 88' lang='lat' dir='ltr'><strong>ejusmodi</strong></span> <span class='ocrx_word' id='word_1_242' title='bbox 2304 3271 2533 3349; x_wconf 88' lang='lat' dir='ltr'><strong>rebus,</strong></span> 
     </span>
     <span class='ocr_line' id='line_1_30' title="bbox 315 3372 2533 3462; baseline 0 -25"><span class='ocrx_word' id='word_1_243' title='bbox 315 3372 472 3454; x_wconf 77' lang='lat' dir='ltr'><strong>ipse</strong></span> <span class='ocrx_word' id='word_1_244' title='bbox 523 3374 656 3437; x_wconf 88' lang='lat' dir='ltr'><strong>non</strong></span> <span class='ocrx_word' id='word_1_245' title='bbox 694 3374 1013 3455; x_wconf 88' lang='lat' dir='ltr'><strong>occultat,</strong></span> <span class='ocrx_word' id='word_1_246' title='bbox 1043 3396 1259 3462; x_wconf 83' lang='lat' dir='ltr'><strong>neque</strong></span> <span class='ocrx_word' id='word_1_247' title='bbox 1302 3377 1428 3444; x_wconf 90' lang='lat' dir='ltr'><strong>hoc</strong></span> <span class='ocrx_word' id='word_1_248' title='bbox 1471 3379 1628 3462; x_wconf 82' lang='lat' dir='ltr'><strong>ipso</strong></span> <span class='ocrx_word' id='word_1_249' title='bbox 1673 3378 1855 3455; x_wconf 88' lang='lat' dir='ltr'><strong>loco,</strong></span> <span class='ocrx_word' id='word_1_250' title='bbox 1910 3393 2135 3459; x_wconf 84' lang='lat' dir='ltr'><strong>neque</strong></span> <span class='ocrx_word' id='word_1_251' title='bbox 2182 3390 2262 3436; x_wconf 90' lang='lat'><strong>11.</strong></span> <span class='ocrx_word' id='word_1_252' title='bbox 2293 3373 2398 3438; x_wconf 77' lang='lat'><strong>12.</strong></span> <span class='ocrx_word' id='word_1_253' title='bbox 2423 3374 2533 3439; x_wconf 82' lang='lat'><strong>12.</strong></span> 
     </span>
     <span class='ocr_line' id='line_1_31' title="bbox 320 3475 2537 3561; baseline 0 -20"><span class='ocrx_word' id='word_1_254' title='bbox 320 3475 439 3541; x_wconf 86' lang='lat' dir='ltr'><strong>ubi</strong></span> <span class='ocrx_word' id='word_1_255' title='bbox 483 3475 867 3544; x_wconf 82' lang='lat' dir='ltr'><strong>Alexandri</strong></span> <span class='ocrx_word' id='word_1_256' title='bbox 910 3496 1066 3561; x_wconf 77' lang='lat' dir='ltr'><strong>erga</strong></span> <span class='ocrx_word' id='word_1_257' title='bbox 1107 3486 1388 3545; x_wconf 85' lang='lat' dir='ltr'><strong>matrem</strong></span> <span class='ocrx_word' id='word_1_258' title='bbox 1428 3480 1636 3552; x_wconf 42' lang='lat' dir='ltr'><strong>Darii*</strong></span> <span class='ocrx_word' id='word_1_259' title='bbox 1660 3479 2045 3545; x_wconf 82' lang='lat' dir='ltr'><strong>comitatem</strong></span> <span class='ocrx_word' id='word_1_260' title='bbox 2086 3476 2439 3553; x_wconf 79' lang='lat' dir='ltr'><strong>describit,</strong></span> <span class='ocrx_word' id='word_1_261' title='bbox 2466 3480 2537 3541; x_wconf 87' lang='lat' dir='ltr'><strong>et</strong></span> 
     </span>
     <span class='ocr_line' id='line_1_32' title="bbox 322 3573 2538 3669; baseline -0.001 -26"><span class='ocrx_word' id='word_1_262' title='bbox 322 3578 682 3662; x_wconf 77' lang='lat' dir='ltr'><strong>postmodo</strong></span> <span class='ocrx_word' id='word_1_263' title='bbox 700 3579 923 3646; x_wconf 80' lang='lat' dir='ltr'><strong>addit:</strong></span> <span class='ocrx_word' id='word_1_264' title='bbox 948 3579 1066 3643; x_wconf 73' lang='grc' dir='ltr'><strong>Καὶ</strong></span> <span class='ocrx_word' id='word_1_265' title='bbox 1082 3573 1275 3646; x_wconf 51' lang='lat' dir='ltr'><strong>&amp;aava</strong></span> <span class='ocrx_word' id='word_1_266' title='bbox 1293 3585 1407 3669; x_wconf 70' lang='grc' dir='ltr'><strong>ἔγώ</strong></span> <span class='ocrx_word' id='word_1_267' title='bbox 1425 3582 1538 3647; x_wconf 65' lang='grc' dir='ltr'><strong>οὔθῗ</strong></span> <span class='ocrx_word' id='word_1_268' title='bbox 1559 3585 1635 3657; x_wconf 75' lang='grc' dir='ltr'><strong>ὥς</strong></span> <span class='ocrx_word' id='word_1_269' title='bbox 1655 3582 1855 3662; x_wconf 77' lang='grc' dir='ltr'>ἀληθῆ,</span> <span class='ocrx_word' id='word_1_270' title='bbox 1868 3581 1995 3646; x_wconf 79' lang='grc' dir='ltr'><strong>οὔτε</strong></span> <span class='ocrx_word' id='word_1_271' title='bbox 2015 3580 2088 3656; x_wconf 79' lang='grc' dir='ltr'><strong>ὥς</strong></span> <span class='ocrx_word' id='word_1_272' title='bbox 2105 3576 2288 3654; x_wconf 69' lang='grc' dir='ltr'><strong><em>πάντη</em></strong></span> <span class='ocrx_word' id='word_1_273' title='bbox 2309 3578 2538 3642; x_wconf 70' lang='grc' dir='ltr'><strong><em>ἄπιστα</em></strong></span> 
     </span>
     <span class='ocr_line' id='line_1_33' title="bbox 326 3676 2539 3772; baseline 0.001 -28"><span class='ocrx_word' id='word_1_274' title='bbox 326 3676 658 3767; x_wconf 69' lang='grc' dir='ltr'><strong>ἀνέγραψα.</strong></span> <span class='ocrx_word' id='word_1_275' title='bbox 720 3681 910 3744; x_wconf 74' lang='grc' dir='ltr'>,Ἀλλ’</span> <span class='ocrx_word' id='word_1_276' title='bbox 943 3678 1052 3747; x_wconf 69' lang='grc' dir='ltr'><strong>εἴτε</strong></span> <span class='ocrx_word' id='word_1_277' title='bbox 1098 3680 1269 3760; x_wconf 69' lang='grc' dir='ltr'><strong>οὕτως</strong></span> <span class='ocrx_word' id='word_1_278' title='bbox 1305 3685 1588 3772; x_wconf 71' lang='grc' dir='ltr'><strong>ἐπράχθη,</strong></span> <span class='ocrx_word' id='word_1_279' title='bbox 1631 3688 1833 3751; x_wconf 68' lang='grc' dir='ltr'><strong>ἐπαινῶ</strong></span> <span class='ocrx_word' id='word_1_280' title='bbox 1874 3682 2239 3771; x_wconf 71' lang='grc' dir='ltr'><strong>Ἀλέξανδρον</strong></span> <span class='ocrx_word' id='word_1_281' title='bbox 2262 3687 2361 3760; x_wconf 77' lang='grc' dir='ltr'><strong>τῆς</strong></span> <span class='ocrx_word' id='word_1_282' title='bbox 2389 3707 2454 3746; x_wconf 79' lang='grc' dir='ltr'><strong>τε</strong></span> <span class='ocrx_word' id='word_1_283' title='bbox 2473 3684 2539 3768; x_wconf 64' lang='grc' dir='ltr'><strong>ἐς</strong></span> 
     </span>
     <span class='ocr_line' id='line_1_34' title="bbox 334 3784 2532 3877; baseline 0 -27"><span class='ocrx_word' id='word_1_284' title='bbox 334 3790 441 3860; x_wconf 75' lang='grc' dir='ltr'><strong>τὰς</strong></span> <span class='ocrx_word' id='word_1_285' title='bbox 458 3785 747 3871; x_wconf 64' lang='grc' dir='ltr'><strong>γυναῖκας</strong></span> <span class='ocrx_word' id='word_1_286' title='bbox 768 3784 1192 3867; x_wconf 68' lang='grc' dir='ltr'><strong>κατοικτίσεως,</strong></span> <span class='ocrx_word' id='word_1_287' title='bbox 1223 3790 1322 3860; x_wconf 64' lang='grc' dir='ltr'><strong>καὶ</strong></span> <span class='ocrx_word' id='word_1_288' title='bbox 1352 3795 1449 3867; x_wconf 74' lang='grc' dir='ltr'><strong>τῆς</strong></span> <span class='ocrx_word' id='word_1_289' title='bbox 1478 3793 1554 3864; x_wconf 74' lang='grc' dir='ltr'><strong>εἷς</strong></span> <span class='ocrx_word' id='word_1_290' title='bbox 1580 3790 1674 3854; x_wconf 73' lang='grc' dir='ltr'><strong>τὸν</strong></span> <span class='ocrx_word' id='word_1_291' title='bbox 1704 3794 1920 3877; x_wconf 71' lang='grc' dir='ltr'><strong>ἑταῖρον</strong></span> <span class='ocrx_word' id='word_1_292' title='bbox 1945 3786 2190 3863; x_wconf 73' lang='grc' dir='ltr'><strong><em>πίστεως</em></strong></span> <span class='ocrx_word' id='word_1_293' title='bbox 2219 3788 2317 3864; x_wconf 69' lang='grc' dir='ltr'><strong>καὶ</strong></span> <span class='ocrx_word' id='word_1_294' title='bbox 2346 3791 2532 3874; x_wconf 52' lang='lat' dir='ltr'><strong>rip-iit*</strong></span> 
     </span>
     <span class='ocr_line' id='line_1_35' title="bbox 333 3883 2538 3982; baseline 0.002 -32"><span class='ocrx_word' id='word_1_295' title='bbox 333 3883 442 3950; x_wconf 72' lang='grc' dir='ltr'><strong>εἴτε</strong></span> <span class='ocrx_word' id='word_1_296' title='bbox 464 3886 688 3962; x_wconf 60' lang='grc' dir='ltr'><strong>πιθανὸς</strong></span> <span class='ocrx_word' id='word_1_297' title='bbox 702 3889 976 3967; x_wconf 68' lang='grc' dir='ltr'><strong><em>δοκεῖτοῖς</em></strong></span> <span class='ocrx_word' id='word_1_298' title='bbox 991 3890 1408 3979; x_wconf 72' lang='grc' dir='ltr'><strong>Ευγγροίψασιν</strong></span> <span class='ocrx_word' id='word_1_299' title='bbox 1421 3896 1487 3957; x_wconf 80' lang='lat' dir='ltr'><strong>’A</strong></span> <span class='ocrx_word' id='word_1_300' title='bbox 1494 3892 1805 3982; x_wconf 69' lang='grc' dir='ltr'>λέξανδρος,</span> <span class='ocrx_word' id='word_1_301' title='bbox 1822 3896 1895 3970; x_wconf 70' lang='grc' dir='ltr'><strong>ὥς</strong></span> <span class='ocrx_word' id='word_1_302' title='bbox 1914 3893 2218 3957; x_wconf 71' lang='grc' dir='ltr'><strong>καὶταῦτα</strong></span> <span class='ocrx_word' id='word_1_303' title='bbox 2234 3888 2307 3956; x_wconf 67' lang='grc' dir='ltr'><strong>ἂν</strong></span> <span class='ocrx_word' id='word_1_304' title='bbox 2317 3889 2538 3979; x_wconf 73' lang='grc' dir='ltr'><strong><em>πράξας</em></strong></span> 
     </span>
     <span class='ocr_line' id='line_1_36' title="bbox 335 3987 2537 4086; baseline 0.005 -35"><span class='ocrx_word' id='word_1_305' title='bbox 335 3990 429 4052; x_wconf 69' lang='grc' dir='ltr'><strong>καὶ</strong></span> <span class='ocrx_word' id='word_1_306' title='bbox 456 3987 647 4070; x_wconf 59' lang='lat' dir='ltr'><strong>sintin,</strong></span> <span class='ocrx_word' id='word_1_307' title='bbox 676 3992 777 4056; x_wconf 67' lang='grc' dir='ltr'><strong>καὶ</strong></span> <span class='ocrx_word' id='word_1_308' title='bbox 807 3994 898 4059; x_wconf 60' lang='lat' dir='ltr'><strong>ivri</strong></span> <span class='ocrx_word' id='word_1_309' title='bbox 925 3997 1067 4081; x_wconf 68' lang='grc' dir='ltr'><strong>τῷδε</strong></span> <span class='ocrx_word' id='word_1_310' title='bbox 1095 3998 1296 4062; x_wconf 59' lang='lat' dir='ltr'><strong>&amp;ranucii</strong></span> <span class='ocrx_word' id='word_1_311' title='bbox 1322 3995 1708 4086; x_wconf 70' lang='grc' dir='ltr'><strong>Ἀλέξανδρον.</strong></span> <span class='ocrx_word' id='word_1_312' title='bbox 1753 3999 1872 4064; x_wconf 77' lang='lat' dir='ltr'><strong>Sic</strong></span> <span class='ocrx_word' id='word_1_313' title='bbox 1894 4006 1966 4062; x_wconf 78' lang='lat' dir='ltr'><strong>et</strong></span> <span class='ocrx_word' id='word_1_314' title='bbox 1988 3996 2318 4062; x_wconf 76' lang='lat' dir='ltr'><strong>Arrianus</strong></span> <span class='ocrx_word' id='word_1_315' title='bbox 2336 3997 2537 4061; x_wconf 78' lang='lat' dir='ltr'><strong>nimis</strong></span> 
     </span>
     <span class='ocr_line' id='line_1_37' title="bbox 326 4092 2537 4187; baseline 0.002 -29"><span class='ocrx_word' id='word_1_316' title='bbox 326 4092 522 4159; x_wconf 79' lang='lat' dir='ltr'><strong>valde</strong></span> <span class='ocrx_word' id='word_1_317' title='bbox 551 4093 742 4182; x_wconf 67' lang='lat' dir='ltr'><strong>iavet</strong></span> <span class='ocrx_word' id='word_1_318' title='bbox 767 4094 1182 4180; x_wconf 82' lang='lat' dir='ltr'><strong>Alexandro,</strong></span> <span class='ocrx_word' id='word_1_319' title='bbox 1229 4106 1298 4167; x_wconf 87' lang='lat' dir='ltr'><strong>et</strong></span> <span class='ocrx_word' id='word_1_320' title='bbox 1339 4103 1544 4167; x_wconf 88' lang='lat' dir='ltr'><strong>nimis</strong></span> <span class='ocrx_word' id='word_1_321' title='bbox 1591 4122 1782 4187; x_wconf 82' lang='lat' dir='ltr'><strong>saepe</strong></span> <span class='ocrx_word' id='word_1_322' title='bbox 1820 4102 2006 4170; x_wconf 89' lang='lat' dir='ltr'><strong>illius</strong></span> <span class='ocrx_word' id='word_1_323' title='bbox 2056 4099 2286 4184; x_wconf 72' lang='lat' dir='ltr'><strong>gloriae</strong></span> <span class='ocrx_word' id='word_1_324' title='bbox 2327 4100 2537 4164; x_wconf 74' lang='lat' dir='ltr'><strong>servit</strong></span> 
     </span>
    </p>
   </div>
   <div class='ocr_carea' id='block_1_5' title="bbox 1132 4321 1737 4375">
    <p class='ocr_par' dir='ltr' id='par_1_5' title="bbox 1132 4321 1737 4375">
     <span class='ocr_line' id='line_1_38' title="bbox 1132 4321 1737 4375; baseline 0.007 -4"><span class='ocrx_word' id='word_1_325' title='bbox 1132 4330 1159 4366; x_wconf 75' lang='lat' dir='ltr'>t</span> <span class='ocrx_word' id='word_1_326' title='bbox 1192 4321 1397 4374; x_wconf 76' lang='lat' dir='ltr'><strong>Arrian.</strong></span> <span class='ocrx_word' id='word_1_327' title='bbox 1432 4321 1655 4374; x_wconf 71' lang='lat' dir='ltr'><strong>Praefat.</strong></span> <span class='ocrx_word' id='word_1_328' title='bbox 1684 4327 1737 4375; x_wconf 74' lang='lat'><strong>4.</strong></span> 
     </span>
    </p>
   </div>
  </div>
 </body>
</html>
