2978 4933
467 364 598 431 540

464 524 694 599 tibusfl
724 526 745 556 ‘
767 520 1184 587 Branchidae
1226 540 1456 586 secum
1484 519 1857 603 procedere
1883 519 1900 545 '
1939 520 2156 605 jubet.
2245 518 2560 603 Cumque
2585 518 2666 584 ad

466 626 695 691 urbem
728 632 993 691 ventum
1021 632 1239 705 esset3
1284 625 1434 708 ipse
1473 644 1629 690 cum
1666 623 1991 707 expedita
2029 642 2230 688 manu
2269 628 2538 706 portam
2580 623 2674 685 in·

468 734 624 791 trat.
679 725 787 791 32.
814 727 1120 792 Phalanx
1148 730 1169 760 ‘
1186 725 1441 793 moenia
1458 724 1693 808 oppidi
1721 725 2051 789 circumiri
2074 722 2092 748 ’
2126 724 2352 807 jussa,
2382 727 2404 755 ‘
2422 728 2492 787 et
2513 722 2674 788 dato

469 829 659 911 signo
702 828 990 912 diripere
1038 831 1294 906 urbem,
1333 826 1747 911 proditorum
1787 828 2311 911 receptaculum,
2347 827 2676 909 ipsosque

468 930 555 996 ad
586 949 789 995 unum
821 929 1125 995 caedere!
1185 931 1293 995 33.
1341 928 1454 994 llli
1483 929 1767 994 inermes
1794 929 2047 1013 passim
2078 928 2521 1005 trucidantur,
2550 946 2675 991 nec

467 1039 588 1098 aut
632 1033 1035 1097 commercio
1079 1032 1353 1114 liuguae,
1402 1037 1522 1096 aut
1565 1030 1948 1115 supplicum
1995 1031 2419 1097 velamentisr
2460 1030 2677 1114 preci-

468 1137 734 1218 busque
784 1135 1061 1200 inhiberi
1109 1134 1465 1201 crudelitas
1501 1139 1747 1219 potest.
1837 1133 2133 1199 Tandem
2173 1141 2250 1198 ut
2278 1132 2678 1218 dejicerent,
2741 1205 2745 1214 ,

466 1238 902 1302 fundamenta
931 1256 1267 1302 murorum
1299 1238 1387 1301 ab
1415 1238 1552 1302 imo
1580 1236 1992 1314 moliuntur}
2012 1255 2099 1300 ne
2116 1234 2299 1319 quod
2319 1236 2507 1299 urbis
2527 1255 2678 1300 ves-

469 1341 702 1422 tigium
732 1347 1016 1407 extaret.
1105 1341 1217 1406 34.
1265 1340 1417 1405 Nec
1447 1358 1659 1418 mora,
1701 1340 1935 1404 lucos}⁸
1977 1358 2253 1423 quoque
2285 1356 2522 1402 sacros
2547 1357 2681 1401 non

472 1442 745 1508 caedunt
791 1441 1010 1520 modo,
1055 1442 1175 1507 sed
1224 1443 1428 1508 etiam
1474 1443 1857 1527 extirpant;
1899 1447 1978 1505 ut
2016 1448 2212 1505 vasta
2256 1438 2562 1504 solitudo
2611 1438 2682 1505 et

472 1543 719 1608 sterilis
751 1543 1016 1626 humuS,
1047 1544 1354 1611 excussis
1399 1543 1608 1610 etiam
1646 1542 2009 1622 radicibus,
2037 1543 2483 1626 linqueretur.
2571 1540 2679 1607 35.

914 379 981 438 q.
1029 375 1292 426 cuR'ru
1342 376 1528 426 num
1578 375 1723 425 ιω.
1771 377 1903 426 vn.
1948 379 2116 429 car.
2163 364 2228 427 5.

535 1747 563 1781 8
593 1740 670 1790 Ab
693 1743 791 1793 ima
805 1750 946 1808 parte
967 1745 1250 1811 suffodiunt.

1390 1856 1757 1879 mmm

472 1954 788 2018 expungitur
809 1972 872 2006 m.
942 1958 1075 2010 Mer.
1105 1959 1505 2009 concurrentibus.
1570 1961 1801 2011 Florent.
1824 1965 1878 2009 et
1893 1959 2044 2009 Voss.
2068 1962 2117 2008 1.
2154 1956 2455 2007 Brachiadas
2471 1970 2493 2013 ,·
2526 1953 2680 2003 Voss.

474 2021 524 2067 2.
542 2026 599 2067 et
620 2019 788 2083 Bong.
815 2027 861 2072 1.
885 2022 1213 2082 flmmeum,-
1235 2024 1359 2074 Ald.
1384 2025 1722 2083 Brona-iadau
1757 2026 1880 2074 Bas.
1906 2031 1963 2073 et
1986 2024 2099 2074 Col.
2125 2021 2458 2072 Branchiadas
2476 2034 2497 2077 ,-
2532 2019 2680 2068 Leid-

477 2081 799 2146 Barghiadas.
853 2088 1084 2139 Florent.
1104 2090 1258 2139 Voss.
1282 2094 1331 2138 1.
1348 2097 1406 2139 et
1428 2090 1570 2140 Pith.
1589 2090 1746 2154 ipsum
1765 2105 1889 2152 cusa,
1905 2092 2120 2152 εἷα-’82
2155 2088 2308 2137 Voss.
2332 2090 2380 2133 1.
2403 2086 2681 2139 Plautinum

474 2148 625 2204 vose.
662 2153 713 2200 2.
734 2151 935 2215 falanx,
969 2161 1024 2203 et
1064 2170 1184 2203 mox
1215 2154 1512 2218 dirrumpere
1542 2156 1848 2204 urbem—83
1884 2154 2032 2203 Idem
2053 2151 2252 2202 codex:
2287 2167 2371 2200 uec
2392 2149 2683 2210 commercio,

478 2214 786 2290 <museo-aut.
856 2219 1021 2282 Bong.
1036 2219 1182 2269 Mod.
1205 2227 1259 2268 et
1285 2220 1451 2332 vulgg.
1467 2220 1776 2284 supplicium,-
1809 2219 2036 2268 Floreut.
2057 2217 2175 2266 Ald.
2201 2216 2313 2266 Col.
2334 2217 2467 2265 Mer.
2487 2221 2543 2263 et
2561 2214 2680 2263 Bas.

478 2279 812 2340 suppleam-am
827 2298 848 2340 ,-
881 2284 1031 2333 Voss.
1057 2289 1102 2333 l.
1125 2289 1173 2333 2.
1195 2291 1247 2334 et
1272 2284 1364 2334 Lei
1404 2317 1416 2331 .

480 2348 494 2369 ⁸
510 2342 705 2406 Verba,
737 2352 792 2394 ut
831 2346 1105 2410 dejicerent,
1129 2356 1375 2413 tanquam
1396 2350 1667 2411 glossema,
1686 2364 1783 2414 ego
1802 2364 1918 2399 cum
1944 2348 2181 2398 Acidalio
2204 2344 2503 2395 inducenda
2522 2342 2681 2412 puto!

413 2412 420 2417 ·
475 2405 784 2457 801ιηιίεάιν..
809 2412 961 2461 Voss.
986 2417 1034 2461 1.
1057 2421 1111 2462 et
1138 2414 1280 2462 Leid.
1303 2420 1357 2463 ut
1392 2415 1776 2464 deicerent—84
1815 2412 2083 2464 Acidalius
2118 2412 2255 2476 conj.
2279 2411 2493 2459 Nemora
2509 2423 2681 2474 quoque

475 2470 686 2535 lucosque
705 2489 884 2540 sacros,
908 2478 1244 2542 probantibus
1270 2479 1508 2530 Freinsh.
1528 2488 1586 2531 et
1607 2480 1927 2531 Schmieder.
1964 2480 2193 2530 Florent.
2229 2477 2371 2527 Leid.
2392 2477 2548 2526 Voss.
2566 2479 2609 2525 1.
2631 2479 2678 2524 2.

1438 2285 1666 2349 sufficio
1696 2300 1798 2334 eum
1815 2302 1837 2344 ,-
1870 2284 2004 2333 Dan.
2028 2288 2084 2331 et
2105 2283 2223 2331 Pal.
2248 2268 2294 2329 1⁴.
2318 2279 2553 2343 supplicio
2574 2294 2679 2327 non.

1461 2630 1513 2681 N
1521 2628 1679 2681 01·AE

538 2745 564 2778 (ι
618 2740 1007 2806 Occarrentibus]
1076 2744 1291 2794 Milesiis
1335 2745 1538 2810 utique,

474 2825 578 2862 non
621 2815 746 2877 ipsis
783 2816 1112 2882 Branchidis,
1156 2820 1292 2886 quod
1332 2822 1538 2871 Gallico

473 2888 763 2954 Interpreti
796 2893 958 2944 visum
997 2904 1138 2946 erat:
1179 2897 1254 2946 sic
1275 2897 1411 2946 enim
1435 2912 1537 2948 non

476 2963 796 3024 Branchidae,
831 2969 922 3018 sed
954 2970 1241 3021 Branchidis
1261 2972 1538 3036 legendum

477 3047 618 3090 esset
641 3049 830 3104 praeter
861 3046 1093 3096 codicum
1128 3048 1302 3111 fidem,
1335 3063 1539 3112 parum-

478 3129 580 3179 que
615 3118 679 3166 ad
714 3117 814 3168 loci
847 3120 1000 3184 hujus
1032 3136 1266 3188 sensum;
1305 3127 1391 3175 ubi
1415 3127 1540 3181 satis

473 3191 644 3256 liquet
659 3193 867 3245 eosdem
889 3198 905 3225 ‘
918 3211 1190 3250 occurrere
1203 3200 1217 3223 ³
1233 3201 1418 3266 quibus
1434 3202 1542 3266 pri-

479 3268 563 3321 die
586 3284 889 3336 respousnm
909 3281 1024 3325 erat
1054 3290 1086 3325 a
1108 3291 1251 3342 rege,
1276 3279 1293 3307 ‘
1314 3278 1538 3343 seipsum

480 3347 963 3414 consideraturum,’
1020 3353 1113 3404 ἃς.
1200 3354 1355 3403 Adde
1399 3354 1539 3420 quod

476 3426 823 3476 occurrentibus
860 3427 912 3477 iu
947 3429 1104 3479 tertio
1134 3437 1275 3480 esset
1314 3444 1458 3492 casu,
1481 3437 1540 3479 et

479 3502 545 3550 ad
554 3502 694 3562 jabet
719 3501 1029 3565 referretur3
1055 3504 1187 3570 quod
1212 3505 1421 3571 quidem
1439 3508 1539 3555 ele·

477 3579 667 3640 gantiae
685 3579 941 3630 Curtianae
960 3595 1141 3646 parum
1159 3582 1439 3632 convenire
1460 3597 1539 3632 ar-

477 3655 660 3706 bitror.
709 3658 872 3707 Porro
890 3659 1092 3719 gemina
1113 3672 1229 3708 esse
1251 3665 1425 3723 potest
1446 3658 1541 3706 hu-

472 3732 561 3794 jus
586 3733 686 3783 loci
710 3734 1007 3797 explicatio.
1043 3735 1226 3785 Altera
1247 3735 1355 3785 sic:
1381 3749 1541 3785 occur-

476 3809 691 3859 rentibus
712 3810 930 3860 Milesiis
954 3818 1029 3874 ut,
1054 3827 1167 3877 quae
1196 3813 1308 3875 ipse
1331 3812 1542 3862 statuis·

481 3892 582 3946 set,
605 3886 923 3951 acciperent,
941 3887 1264 3953 Branchidas,
1283 3905 1410 3953 quos
1427 3890 1541 3955 ipse

482 3960 623 4022 apud
660 3976 716 4009 se
762 3964 1068 4033 retinuerat,
1104 3981 1264 4017 seeum
1292 3968 1542 4029 procedere

467 4035 604 4096 §ubet
641 4036 704 4085 ad
730 4038 995 4104 oppidum,
1015 4056 1084 4090 ne
1117 4057 1148 4091 a
1182 4044 1438 4092 communi
1467 4043 1541 4093 ci-

419 4130 422 4137 *
483 4113 619 4162 vium
650 4112 821 4174 clade,
854 4129 1006 4179 quam
1041 4117 1411 4177 meditabatur,
1445 4119 1551 4170 im-·

481 4204 663 4240 munes
687 4196 877 4238 essent.
943 4193 1130 4243 Altera
1149 4195 1429 4259 ejusmodi:
1462 4213 1545 4247 oe-

482 4265 794 4331 currentibus,
817 4266 868 4316 id
907 4274 1008 4332 est,
1027 4274 1159 4321 ‘cuni
1191 4273 1539 4327 occurrissent

1617 2743 1829 2807 Milesii,
1856 2759 2010 2794 secum
2038 2743 2285 2807 procedere
2306 2737 2598 2804 ipsosjnbet
2621 2737 2688 2786 ad

1617 2819 1938 2884 Braitolaion,
1954 2822 2063 2870 sive
2086 2819 2338 2884 oppidum
2362 2813 2688 2864 Branchida-

1616 2910 1764 2957 rum3
1789 2898 1985 2946 visuros
2008 2895 2131 2962 quid
2155 2897 2269 2959 ipse
2290 2893 2635 2943 decrevisset.

1683 2978 1704 3005 ¹*
1741 2971 2048 3035 Velameatis]
2093 2972 2355 3035 Frequens
2384 2968 2529 3033 apud
2570 2969 2694 3018 Liv-

1623 3049 1727 3099 ium
1762 3055 1818 3099 et
1853 3049 2093 3099 Tacitum
2118 3046 2313 3097 mentio
2334 3046 2693 3095 ‘velamento-

1620 3124 1768 3189 rum,'
1790 3140 1905 3191 quae
1925 3126 2190 3190 supplices
2213 3122 2278 3173 ad
2306 3137 2491 3188 pacem
2519 3124 2693 3188 impe-

1619 3204 1853 3253 trandam
1898 3219 1929 3253 a
1965 3195 2249 3255 'victoribus
2272 3230 2277 3235 -
2300 3200 2691 3266 praeferebantt

1621 3279 1756 3345 quod
1784 3281 2040 3331 Gallicum
2074 3280 2429 3344 Interpretem
2457 3277 2693 3342 fugerat,

1620 3370 1737 3406 cum
1754 3356 1830 3405 ita
1843 3356 2110 3406 transtulit
2124 3356 2269 3421 qiiasi
2282 3355 2536 3419 scriptum
2551 3361 2701 3404 esset.

1621 3446 1652 3480 a
1673 3432 1886 3482 Curtio:
1911 3437 1992 3481 aut
2015 3432 2274 3496 supplicum
2295 3431 2519 3481 lamiis
2531 3431 2689 3496 precs·-

1620 3507 1812 3572 busque,
1832 3512 1914 3572 asc.

1686 3594 1706 3620 ⁸
1737 3585 1913 3651 Lucos]
1946 3585 2187 3638 Profanis
2223 3586 2519 3636 numinibus
2545 3585 2689 3637 dica-

1623 3668 1704 3713 tos
1728 3660 1888 3713 fuisse
1921 3665 2089 3727 lucos,
2126 3667 2301 3716 Sacrae
2334 3663 2537 3727 pariter
2560 3663 2689 3713 Pro·

1620 3737 1862 3805 fanoeque
1886 3742 2076 3791 Literae
2099 3740 2286 3805 passim
2307 3746 2586 3790 testantur.
2637 3740 2686 3790 A

1623 3817 1741 3865 luce
1759 3817 1924 3867 dictos
1942 3832 2056 3867 esse
2076 3820 2092 3846 ‘
2112 3818 2257 3867 lucos
2270 3817 2285 3840 ⁹
2306 3828 2562 3866 consensu
2581 3823 2687 3867 tra·

1619 3891 1795 3943 ditur:
1820 3895 1911 3943 sed
1933 3894 2018 3943 alii
2045 3907 2138 3958 per
2157 3892 2492 3957 antiphrasim
2516 3895 2684 3959 accipi

1621 3970 1822 4032 volunt,
1837 3970 1976 4035 quod
2000 3970 2205 4019 minime
2227 3969 2243 3997 ‘
2260 3968 2512 4031 luceant,’
2530 3974 2703 4034 prop-,²

1623 4051 1706 4095 ter
1728 4047 1967 4097 arborum
1990 4046 2300 4097 densitatem
2322 4060 2448 4110 quas
2481 4046 2686 4096 cadere

1620 4120 1771 4172 nefas
1788 4132 1939 4173 erat:
1964 4123 2050 4172 alii
2073 4123 2184 4174 sine
2205 4121 2490 4188 antiphrasi
2513 4121 2682 4172 dictos

1621 4200 1818 4262 volunt,
1840 4200 1977 4265 quod
2000 4206 2254 4251 nocturno
2285 4197 2697 4251 sacrificantium

1620 4277 1813 4328 lumine
1827 4279 2081 4330 lucerent.
